2596 3872
362 171 364 178 ’
450 177 624 224 ninnnxv.
642 177 716 224 cna.
731 174 853 228 25-31.
1091 163 1156 227 295
1193 205 1195 212 ·

149 345 259 389 sesses
271 345 333 386 com
344 327 434 386 Paeto
449 327 585 405 legiones
599 336 692 405 erant,
706 346 769 390 cum
781 331 913 392 barbaris
926 331 1059 392 delectus
1072 339 1157 390 esset

149 411 195 470 ob
211 413 378 472 memoriam
395 410 528 472 laetioris
546 412 602 472 sibi
617 415 678 489 rei,
696 411 826 476 Corbulo
845 433 903 476 non
914 417 1034 491 vitavit,
1052 423 1082 474 nt
1096 413 1156 477 dis

151 494 309 558 similitudo
335 496 469 557 fortunae
497 496 620 574 gloriam
645 507 778 575 augeret.
817 515 912 578 neque
936 501 1051 560 infantia
1075 501 1156 560 Paeti

149 579 332 658 angebatur,
353 579 430 657 qnod
453 597 491 639 eo
513 582 635 640 maxime
659 583 762 658 patuit,
786 585 851 660 qnia
872 585 932 644 lilio
959 586 1022 644 eius
1040 583 1154 643 tribuno

153 667 262 724 ducere
284 663 446 743 manipnlos
466 672 552 743 atque
573 667 690 744 operire
711 665 849 744 reliquias
865 669 957 729 malae
973 686 1089 747 pugnae
1104 670 1153 727 im·
1165 695 1192 738 sp
1276 741 1278 746 Ι

153 748 278 828 pererit.
312 748 358 808 die
381 757 466 827 pacta
487 747 620 809 Tiberius
641 749 824 828 Alexander,
843 753 973 812 inlustris
986 770 1078 830 eques
1094 752 1154 813 Ro·

150 850 263 910 manus,
278 834 408 892 minister
423 831 502 892 bello
519 833 814 909 datus,etVinicianns
827 835 953 914 Annius,
971 853 1065 914 gener
1082 834 1154 897 Gor·
1225 857 1227 862 ·

151 917 284 994 bolonis,
306 916 430 976 nondun
445 920 588 977 senatoria
610 925 705 976 aetate
726 915 778 978 sed
790 935 844 998 pro
863 919 962 998 legato
979 922 1096 998 quintae
1112 919 1153 979 le-

145 1001 232 1078 gioni
248 1000 399 1079 inpositus,
414 1001 442 1060 in
457 1009 550 1061 castra
566 1001 698 1060 Tiridatis
713 1014 837 1082 venere,
858 1003 962 1064 honori
984 1005 1046 1064 eius
1067 1020 1103 1063 ac
1116 1017 1153 1063 ne

147 1091 295 1145 metueret
318 1085 437 1144 insidias
467 1084 517 1145 tali
548 1087 687 1164 pignore;
716 1087 813 1146 viceni
842 1086 947 1148 debinc
971 1090 1084 1166 equites
1104 1087 1189 1151 adra

150 1170 268 1246 sumpti.
299 1177 328 1228 et
342 1170 405 1228 viso
422 1167 587 1229 Corbulone
605 1187 657 1229 rex
673 1170 843 1249 prioreque
862 1171 991 1241 desiluit;
1014 1188 1070 1231 nec
1085 1187 1152 1232 cun·

150 1263 246 1313 ctatns
263 1251 403 1330 Corbulo,
419 1253 471 1313 sed
485 1253 577 1332 pedes
592 1263 714 1333 uterquc
731 1253 867 1316 dexteras
882 1257 1036 1316 miscuere.

217 1337 266 1396 29.
294 1337 377 1396 Exim
398 1337 546 1398 Romanus
563 1337 667 1397 'laudat
693 1338 826 1398 iuvenem
847 1341 963 1400 omissis
986 1340 1152 1419 praecipiti·

150 1422 206 1480 bus
223 1430 280 1480 tuta
302 1431 332 1480 et
354 1420 487 1481 salutaria
503 1430 714 1498 capessentem.
743 1421 795 1481 ille
816 1422 852 1482 de
868 1421 1018 1483 nobilitate
1033 1425 1153 1499 generis

152 1505 268 1564 multum
280 1505 439 1584 praelatum,
453 1513 551 1565 cetera
566 1513 762 1581 temperanter
773 1505 916 1585 adiungit:
931 1507 1033 1567 iturum
1044 1509 1152 1586 quippe
1177 1503 1181 1512 '

151 1593 271 1650 Romam
288 1589 467 1668 laturumque
483 1607 585 1647 novum
603 1587 721 1648 Caesari
736 1589 840 1667 decus,
861 1607 919 1651 non
939 1590 1070 1651 adversis
1085 1592 1152 1651 Par·

145 1674 265 1734 thorum
293 1671 381 1732 rebus
411 1672 571 1752 supplicem
594 1672 764 1732 Arsaciden.
793 1682 850 1734 tom
871 1676 980 1755 placuit
1004 1674 1176 1739 Tiridatens

152 1775 265 1837 ponere
280 1756 355 1834 apud
371 1755 498 1834 effigiem
516 1755 650 1816 Caesaris
667 1757 780 1834 insigne
796 1760 908 1836 regium
924 1777 980 1818 uec
1000 1761 1054 1819 nisi
1068 1775 1152 1818 manu

149 1839 278 1902 Neronis
294 1858 457 1910 resumere;
474 1850 503 1900 et
516 1841 815 1919 conloquinm‘oscnlo
830 1843 945 1902 linitum.
973 1843 1038 1902 dein
1050 1843 1151 1922 paucis

147 1925 255 1986 diebus
270 1925 445 2001 interiectis,
462 1941 564 2001 magna
580 1927 722 2004 utrimque
738 1928 856 2005 specio,
879 1927 945 1986 inde
966 1945 1058 2005 eques
1074 1943 1152 1986 com·

151 2008 264 2088 positus
287 2027 341 2089 per
363 2018 470 2068 turmas
485 2016 515 2067 et
535 2008 695 2084 insignibus
709 2011 825 2088 patriis,
847 2010 915 2070 binc
929 2013 1042 2087 agmina
1059 2011 1151 2088 legio-

152 2109 218 2151 num
238 2101 347 2152 stetere
365 2090 542 2169 fulgentibus
558 2092 662 2170 aquilis
681 2094 830 2170 signisque
848 2103 877 2153 et
892 2094 1053 2154 simulacris
1068 2093 1151 2152 deum
1165 2117 1189 2157 ro

151 2180 181 2236 in
202 2175 316 2237 modum
339 2174 454 2254 templi:
480 2174 575 2234 medio
597 2174 719 2235 tribunal
742 2177 841 2236 sedem
863 2177 990 2236 curulem
1013 2187 1043 2236 et
1065 2177 1151 2236 sedes

152 2261 281 2338 effigiem
301 2258 428 2319 Neronis
450 2257 619 2319 sustinebat.
652 2259 787 2337 adquam
804 2277 980 2338 progressos
996 2260 1151 2336 Tiridates,

151 2345 248 2405 caesis
270 2361 307 2404 ex
329 2361 410 2403 more
432 2343 573 2419 victimis,
601 2342 852 2428 sublatumcapiti
884 2344 1013 2404 diadema
1036 2343 1153 2420 imagini

148 2428 289 2505 subiecit,
312 2423 425 2505 magnis
440 2427 516 2506 apud
539 2435 659 2487 cunctos
680 2429 834 2494 animorum
851 2429 989 2506 motibus,
1011 2439 1086 2506 quoe
1103 2443 1151 2486 au·

150 2511 242 2590 gebat
256 2511 342 2572 imita
360 2509 452 2572 adbuc
473 2511 567 2570 oculis
581 2512 757 2571 exercituum
772 2513 965 2573 Romanorum
982 2511 1089 2571 caedes
1104 2520 1153 2571 aut
1163 2533 1190 2574 rs

151 2595 277 2657 obsidio.
303 2601 332 2656 at
346 2613 421 2655 nunc
435 2613 540 2655 versos
556 2613 656 2656 casus:
672 2596 773 2655 iturum
788 2594 933 2656 Tiridaten
946 2595 1070 2657 ostentui
1081 2612 1152 2672 gen-

147 2680 238 2756 tibus,
254 2687 360 2758 quanto
377 2680 470 2738 minus
487 2697 570 2757 qnam
588 2679 753 2757 captivom?

213 2765 265 2834 30,
286 2761 404 2823 Addidit
417 2764 531 2840 gloriae
544 2761 674 2824 Corbulo
691 2767 852 2824 comitatem
868 2763 1044 2844 epulasque;
1065 2771 1094 2822 et
1105 2779 1152 2822 ro·

149 2849 262 2926 gitante
283 2863 357 2925 rege
379 2863 496 2925 causas,
522 2849 654 2926 quotiens
674 2865 778 2906 novum
797 2847 907 2926 aliquid
922 2847 1103 2924 adverterat,
1122 2854 1154 2905 ut

149 2933 231 2992 initia
248 2931 409 3009 vigiliarum
427 2949 480 3010 per
494 2932 693 2990 centurionem
708 2933 845 3007 nuntiari,
872 2931 1033 2991 convivium
1048 2929 1152 2990 bucina

149 3015 251 3076 dimitti
274 3025 303 3090 et
324 3023 460 3075 structam
477 3023 544 3075 ante
564 3015 703 3091 augurale
719 3033 795 3076 aram
813 3014 924 3074 subdita
941 3014 1007 3075 iace
1021 3011 1152 3090 neceam,

146 3108 254 3160 cuncta
275 3101 305 3158 in
329 3099 420 3159 maius
441 3098 577 3159 attollens
599 3097 786 3160 admiratione
814 3099 902 3176 prisci
924 3099 1012 3158 moris
1033 3097 1179 3160 adiecits

149 3191 273 3264 postero
286 3183 332 3243 die
345 3182 467 3264 spatium
479 3185 582 3259 oravit,
599 3199 657 3261 quo
668 3191 775 3243 tantum
783 3183 894 3242 itineris
908 3182 1034 3242 aditurus
1045 3183 1152 3241 mamm

147 3275 216 3328 ante
233 3276 409 3345 matremque
425 3268 550 3326 uiseret:
564 3266 695 3328 obsidem
711 3269 820 3326 interea
837 3267 923 3326 tiliam
939 3265 1023 3325 tradit
1039 3265 1151 3324 literas·

5 3365 10 3384 .
48 3379 50 3384 ·
148 3369 207 3430 que
224 3351 374 3430 supplices
388 3349 424 3411 ad
438 3347 596 3410 Neronem.

216 3435 266 3496 31.
290 3433 327 3494 Et
342 3434 492 3514 digressus
506 3433 646 3494 Pacorum
658 3431 733 3512 apud
744 3431 858 3508 Medos,
870 3431 1042 3506 Vologesen
1054 3428 1151 3488 Ecba·
