2596 3872
430 151 535 200 bunun
550 109 621 200 xuu.
641 149 716 200 cau.
732 149 853 207 43-49.
1070 147 1142 212 273

139 304 279 365 Africano
295 303 501 386 Trebellioque
513 305 638 368 blaximo
654 309 711 368 acti
725 317 800 387 sunt,
817 310 938 372 aemulis
952 313 1028 374 inter
1041 330 1075 374 se
1087 329 1167 393 pers

137 387 316 450 nobilitatem
330 390 454 452 Volusio
470 399 559 470 atque
572 391 728 454 Africano:
746 384 922 456 Trebellium
938 395 1003 456 dnm
1018 404 1142 476 uterque

136 473 326 552 dedignatur,
342 492 429 554 supra
441 474 548 548 tulere.

199 558 251 618 47.
271 557 320 620 Eo
339 575 414 620 anno
438 568 560 620 mortem
580 559 652 620 obiit
671 561 820 633 Memmius
838 562 988 642 Regulus,
1017 568 1144 627 auctori-

135 651 196 727 tate
220 643 380 706 constantia
399 643 493 720 ianua,
515 645 544 704 in
566 653 700 724 quantum
720 645 943 725 praeumbrante
957 647 1141 728 imperatoris

135 727 256 804 iastiqio
271 725 364 806 datur,
379 727 485 805 marus,
500 727 574 790 adeo
590 738 620 790 ut
633 728 714 792 Nero
730 748 821 809 aeger
835 731 1011 810 valetudine,
1029 741 1058 792 et
1072 733 1141 794 adu-

135 809 261 873 lantibus
283 813 390 873 eircnm
413 813 461 891 qul
483 813 567 874 linem
590 813 712 892 imperio
730 813 1007 894 adessedicebant,
1029 817 1141 896 siquid

135 897 196 958 lato
209 903 378 976 pateretur,
403 896 588 976 responderit
602 897 712 960 habere
734 897 892 960 subsidium
905 919 967 960 rem
983 899 1139 979 publicam.
1154 914 1164 954 t

135 978 306 1058 rogantibus
328 979 433 1042 debinc
452 982 553 1062 inquo
571 983 770 1062 potissimum,
790 982 941 1045 addiderat
961 985 991 1044 in
1004 985 1139 1058 blemmlo

134 1064 261 1142 llequlo.
297 1065 368 1125 uixit
388 1073 483 1126 mmen
503 1065 660 1144 post-baec
672 1067 821 1146 Regulus,
846 1067 942 1149 quiete
955 1067 1094 1130 defensus
1112 1068 1141 1129 et'

135 1150 203 1229 quia
219 1165 298 1208 nova
319 1151 437 1226 generis
460 1149 630 1212 claritudine
649 1169 744 1231 noque
765 1151 916 1212 invidiosis
937 1152 1042 1232 opibus
1066 1161 1139 1213 crat.

17 1241 26 1254 ·
135 1232 315 1312 gymnasium
330 1250 367 1293 ao
383 1251 458 1294 anno
472 1233 633 1296 dedicatum
647 1253 664 1296 a
676 1234 797 1316 Nerone
809 1235 1029 1316 praebitumque
1044 1237 1140 1298 oleum

135 1317 224 1406 equiti
240 1334 275 1377 ac
290 1318 406 1418 senatui·
419 1317 531 1394 Graeca
540 1319 695 1420 iacilitate.
748 1404 754 1419 ι
899 1404 945 1421 ..
1150 1327 1173 1369 1⁰

138 1398 263 1565 ...ti
278 1401 426 1548 insilii
436 1401 981 1566 ..istituttilltbttttt
994 1413 1139 1566 ..ttulit

136 1569 276 1630 aduersus
302 1571 463 1651 principem
490 1572 615 1632 carmina
643 1570 785 1632 laetavit
811 1571 1002 1650 vulgavitque
1028 1570 1140 1653 celebri

2 1674 3 1678 ¹
135 1653 289 1731 convivio,
311 1655 376 1716 dum
393 1653 472 1734 apud
492 1653 637 1716 Ostorium
659 1655 814 1735 Scapulam
835 1655 978 1734 epuletur.
1021 1657 1140 1718 oxima

135 1736 309 1801 Cossutiano
332 1735 491 1818 Capitone,
512 1740 560 1819 qni
580 1757 672 1820 nuper
693 1740 869 1812 senatorium
891 1738 1022 1800 ordinem
1043 1740 1164 1820 preci-u

1 1848 5 1860 ·
134 1823 189 1884 bus
202 1820 338 1899 Tigellini
353 1823 450 1884 soceri
466 1824 507 1884 sui
519 1831 693 1904 receperat,
707 1825 865 1886 maiestatis
880 1823 993 1884 delatus
1007 1832 1061 1884 est.
1082 1831 1141 1884 tum
1171 1889 1173 1894 ,

2 1969 4 1978 ,
135 1907 257 1988 primum
276 1914 416 1968 revocata
439 1924 473 1967 ea
493 1907 559 1985 lex,
586 1907 818 1986 credebaturque
834 1905 913 1968 baud
934 1907 1056 1987 perinde
1080 1908 1140 1967 exi·

134 1991 204 2051 tium
217 1990 343 2052 Antistio
361 2008 447 2070 quam
460 1991 628 2071 imperatori
645 1991 770 2068 gloriam
785 1992 905 2072 quaeri,
919 2001 951 2052 ut
967 1990 1139 2058 condemna·

136 2083 196 2134 tum
212 2083 344 2136 asenam
364 2075 583 2136 intercessione
599 2074 750 2137 tribunicia
776 2077 859 2136 morti
893 2075 1048 2136 eximeret.
1111 2083 1141 2134 et

138 2161 199 2220 cum
214 2156 348 2232 Ostorius
370 2159 441 2219 nihil
456 2158 601 2219 audivisse
616 2176 671 2238 pro
693 2159 856 2219 testimonio
875 2158 1012 2236 dixisset,
1035 2157 1175 2220 adver-1⁰

135 2243 176 2304 sis
196 2241 320 2305 testibus
343 2243 495 2312 creditum:
519 2244 689 2322 censuitque
703 2241 800 2304 lunius
814 2243 953 2304 Marullus
972 2241 1074 2310 consul
1091 2241 1160 2302 de·-

133 2329 266 2405 siqnatus
280 2325 461 2389 adimendam
476 2345 529 2388 reo
545 2336 709 2407 praeturam
723 2327 940 2405 necandumque
955 2343 1036 2388 mone
1051 2326 1140 2385 maio·

99 2485 103 2492 ¹
134 2430 207 2474 num.
256 2413 366 2474 ceteris
391 2412 458 2473 inde
483 2410 726 2489 adsentientibus,
753 2410 858 2472 Paetus
879 2409 1024 2488 Thrasea,
1049 2409 1139 2469 multo

134 2515 198 2558 cnm
214 2495 327 2558 bonore
339 2494 475 2558 Caesaris
485 2504 514 2557 et
529 2497 670 2557 acerrime
682 2495 826 2575 increpito
838 2493 974 2573 Antistio,
988 2511 1047 2556 non
1059 2492 1140 2573 quid·

135 2579 203 2660 qnid
218 2597 331 2642 nocem
345 2599 413 2642 reus
429 2581 488 2660 pati
502 2587 679 2657 mereretur,
704 2578 733 2639 id
755 2580 878 2660 egregio
894 2577 946 2640 sub
962 2578 1095 2658 principe
1110 2584 1140 2636 et
1150 2590 1172 2630 tt

134 2664 212 2724 nulla
228 2665 404 2727 necessitate
420 2663 561 2726 obstricto
580 2663 692 2726 senatui
707 2663 886 2724 statuendum
904 2661 1053 2724 disseruit:
1077 2679 1139 2722 car·

134 2749 249 2810 niiicem
269 2751 300 2808 e‘t
317 2749 450 2829 laqueum
467 2747 579 2829 pridem
599 2747 725 2824 abolita,
752 2754 782 2807 et
797 2739 871 2807 'esse
890 2763 1002 2826 poenas
1022 2745 1139 2822 legibus

135 2833 320 2911 constitutas,
349 2833 453 2914 quibus
471 2833 535 2892 aine
562 2831 687 2895 iudicum
710 2831 832 2892 saevitia
856 2839 886 2891 et
912 2839 1074 2910 temporum
1098 2830 1138 2889 in·

35 2969 36 2973 ,
134 2918 221 2979 lamia
241 2916 385 2998 supplicia
403 2917 640 2980 decernerentur.
677 2915 744 2994 quin
759 2916 788 2974 in
805 2915 898 2976 insula
913 2914 1072 2994 publicatis
1086 2913 1139 2974 bo·

76 3055 82 3078 ,
134 3003 193 3080 nis,
218 3017 275 3080 qno
297 3001 413 3082 longius
435 3009 548 3063 sontem
563 3001 650 3061 vitam
666 3000 822 3078 traxisset,
843 3016 879 3060 eo
898 3000 1032 3078 privatim
1054 2999 1177 3058 mise-au

134 3086 241 3148 riorem
256 3094 286 3146 et
300 3085 435 3164 publicae
451 3086 622 3147 clementiae
636 3085 787 3152 marinum
803 3082 967 3164 exemplum
982 3083 1116 3146 futurum.

196 3170 249 3233 ta.
271 3169 403 3232 Libertas
419 3155 568 3232 Tirraseae
585 3169 731 3242 servitium
749 3167 870 3230 aliorum
889 3171 984 3247 rupit,
1007 3175 1036 3228 et
1056 3173 1137 3244 post·

1 3255 22 3298 ·,
134 3273 219 3334 qnam
235 3255 564 3320 discessionem'consul
579 3255 764 3334 permiserat,
787 3250 910 3332 pedibus
924 3253 953 3312 in
966 3249 1139 3312 sententiam

1 3353 74 3455 :t

1 3497 111 3836 'b

135 3341 197 3400 eins
210 3337 300 3419 iere,
331 3340 431 3421 paucis
454 3339 605 3418 exceptis,
631 3338 660 3397 in
681 3337 783 3418 quibus
803 3335 967 3400 adolatione
985 3332 1138 3414 promptis·

135 3423 221 3486 simus
246 3424 300 3486 init
316 3425 353 3486 A.
368 3424 521 3503 Vitellius,
548 3423 685 3503 optiannm
705 3436 850 3500 quemque
876 3419 972 3495 iurgio
987 3417 1139 3476 lacessens

176 3529 270 3570 ramur
283 3529 353 3570 runs
368 3530 382 3573 1
940 3500 978 3560 18
