<?xml version="1.0" encoding="UTF-8"?>
<!DOCTYPE html PUBLIC "-//W3C//DTD XHTML 1.0 Transitional//EN"
    "http://www.w3.org/TR/xhtml1/DTD/xhtml1-transitional.dtd">
<html xmlns="http://www.w3.org/1999/xhtml" xml:lang="en" lang="en">
 <head>
  <title>
</title>
<meta http-equiv="Content-Type" content="text/html;charset=utf-8" />
  <meta name='ocr-system' content='tesseract 3.04.00' />
  <meta name='ocr-capabilities' content='ocr_page ocr_carea ocr_par ocr_line ocrx_word'/>
</head>
<body>
  <div class='ocr_page' id='page_1' title='image "./libriquisupersu02tacigoog/libriquisupersu02tacigoog_0184.png"; bbox 0 0 2540 3874; ppageno 0'>
   <div class='ocr_carea' id='block_1_1' title="bbox 422 175 1126 237">
    <p class='ocr_par' dir='ltr' id='par_1_1' title="bbox 422 175 1126 237">
     <span class='ocr_line' id='line_1_1' title="bbox 422 175 1126 237; baseline 0.014 -11"><span class='ocrx_word' id='word_1_1' title='bbox 422 178 529 226; x_wconf 80' lang='lat' dir='ltr'><strong>uranu</strong></span> <span class='ocrx_word' id='word_1_2' title='bbox 540 179 587 228; x_wconf 85' lang='lat' dir='ltr'><strong>nv.</strong></span> <span class='ocrx_word' id='word_1_3' title='bbox 604 179 679 229; x_wconf 82' lang='lat' dir='ltr'><strong>oar.</strong></span> <span class='ocrx_word' id='word_1_4' title='bbox 692 179 808 237; x_wconf 82' lang='lat' dir='ltr'><strong>aa-at.</strong></span> <span class='ocrx_word' id='word_1_5' title='bbox 1067 175 1126 236; x_wconf 77' lang='lat'><strong>125</strong></span> 
     </span>
    </p>
   </div>
   <div class='ocr_carea' id='block_1_2' title="bbox 121 332 1162 1172">
    <p class='ocr_par' dir='ltr' id='par_1_2' title="bbox 121 332 1162 1172">
     <span class='ocr_line' id='line_1_2' title="bbox 128 332 1127 414; baseline 0.011 -22"><span class='ocrx_word' id='word_1_6' title='bbox 128 351 183 414; x_wconf 90' lang='lat' dir='ltr'><strong>que</strong></span> <span class='ocrx_word' id='word_1_7' title='bbox 198 341 320 413; x_wconf 86' lang='lat' dir='ltr'><strong>coeptus</strong></span> <span class='ocrx_word' id='word_1_8' title='bbox 337 332 399 394; x_wconf 89' lang='lat' dir='ltr'><strong>dies</strong></span> <span class='ocrx_word' id='word_1_9' title='bbox 417 343 447 394; x_wconf 88' lang='lat' dir='ltr'><strong>et</strong></span> <span class='ocrx_word' id='word_1_10' title='bbox 463 343 604 396; x_wconf 90' lang='lat' dir='ltr'><strong>concentu</strong></span> <span class='ocrx_word' id='word_1_11' title='bbox 621 335 751 398; x_wconf 88' lang='lat' dir='ltr'><strong>tubarum</strong></span> <span class='ocrx_word' id='word_1_12' title='bbox 766 355 801 400; x_wconf 90' lang='lat' dir='ltr'><strong>ac</strong></span> <span class='ocrx_word' id='word_1_13' title='bbox 822 341 896 400; x_wconf 91' lang='lat' dir='ltr'><strong>truci</strong></span> <span class='ocrx_word' id='word_1_14' title='bbox 918 340 1045 402; x_wconf 84' lang='lat' dir='ltr'><strong>clamore</strong></span> <span class='ocrx_word' id='word_1_15' title='bbox 1059 341 1127 402; x_wconf 82' lang='lat' dir='ltr'><strong>ade·</strong></span> 
     </span>
     <span class='ocr_line' id='line_1_3' title="bbox 126 415 1128 505; baseline 0.009 -28"><span class='ocrx_word' id='word_1_16' title='bbox 126 425 190 478; x_wconf 92' lang='lat' dir='ltr'><strong>rant</strong></span> <span class='ocrx_word' id='word_1_17' title='bbox 205 415 395 480; x_wconf 87' lang='lat' dir='ltr'><strong>semisomnos</strong></span> <span class='ocrx_word' id='word_1_18' title='bbox 410 418 439 477; x_wconf 94' lang='lat' dir='ltr'><strong>iu</strong></span> <span class='ocrx_word' id='word_1_19' title='bbox 459 416 617 498; x_wconf 82' lang='lat' dir='ltr'><strong>barbaros,</strong></span> <span class='ocrx_word' id='word_1_20' title='bbox 639 421 818 502; x_wconf 87' lang='lat' dir='ltr'><strong>praepeditis</strong></span> <span class='ocrx_word' id='word_1_21' title='bbox 838 423 1023 486; x_wconf 81' lang='lat' dir='ltr'><strong>Numidarum</strong></span> <span class='ocrx_word' id='word_1_22' title='bbox 1045 426 1128 505; x_wconf 87' lang='lat' dir='ltr'><strong>equis</strong></span> 
     </span>
     <span class='ocr_line' id='line_1_4' title="bbox 126 499 1128 583; baseline 0.006 -21"><span class='ocrx_word' id='word_1_23' title='bbox 126 510 174 562; x_wconf 92' lang='lat' dir='ltr'><strong>aut</strong></span> <span class='ocrx_word' id='word_1_24' title='bbox 199 499 333 570; x_wconf 81' lang='lat' dir='ltr'><strong>diversos</strong></span> <span class='ocrx_word' id='word_1_25' title='bbox 360 510 460 582; x_wconf 87' lang='lat' dir='ltr'><strong>pastus</strong></span> <span class='ocrx_word' id='word_1_26' title='bbox 486 503 711 583; x_wconf 68' lang='lat' dir='ltr'><strong>pemmatibus,</strong></span> <span class='ocrx_word' id='word_1_27' title='bbox 751 506 787 567; x_wconf 84' lang='lat' dir='ltr'><strong>ab</strong></span> <span class='ocrx_word' id='word_1_28' title='bbox 812 507 949 570; x_wconf 85' lang='lat' dir='ltr'><strong>Romanis</strong></span> <span class='ocrx_word' id='word_1_29' title='bbox 979 510 1128 571; x_wconf 90' lang='lat' dir='ltr'><strong>confertus</strong></span> 
     </span>
     <span class='ocr_line' id='line_1_5' title="bbox 126 584 1127 672; baseline 0.006 -27"><span class='ocrx_word' id='word_1_30' title='bbox 126 585 235 665; x_wconf 84' lang='lat' dir='ltr'><strong>pedes,</strong></span> <span class='ocrx_word' id='word_1_31' title='bbox 251 584 410 667; x_wconf 76' lang='lat' dir='ltr'><strong>dispositae</strong></span> <span class='ocrx_word' id='word_1_32' title='bbox 424 594 552 665; x_wconf 78' lang='lat' dir='ltr'><strong>tumre,</strong></span> <span class='ocrx_word' id='word_1_33' title='bbox 580 596 683 650; x_wconf 89' lang='lat' dir='ltr'><strong>cuncta</strong></span> <span class='ocrx_word' id='word_1_34' title='bbox 701 590 817 669; x_wconf 84' lang='lat' dir='ltr'><strong>proelio</strong></span> <span class='ocrx_word' id='word_1_35' title='bbox 841 593 975 672; x_wconf 86' lang='lat' dir='ltr'><strong>provisa:</strong></span> <span class='ocrx_word' id='word_1_36' title='bbox 994 592 1127 653; x_wconf 76' lang='lat' dir='ltr'><strong>hostibus</strong></span> 
     </span>
     <span class='ocr_line' id='line_1_6' title="bbox 126 670 1162 756; baseline 0.007 -26"><span class='ocrx_word' id='word_1_37' title='bbox 126 677 225 730; x_wconf 77' lang='lat' dir='ltr'><strong>souma</strong></span> <span class='ocrx_word' id='word_1_38' title='bbox 242 670 365 732; x_wconf 89' lang='lat' dir='ltr'><strong>omnium</strong></span> <span class='ocrx_word' id='word_1_39' title='bbox 382 671 491 732; x_wconf 86' lang='lat' dir='ltr'><strong>nesciis</strong></span> <span class='ocrx_word' id='word_1_40' title='bbox 506 688 565 731; x_wconf 90' lang='lat' dir='ltr'><strong>uon</strong></span> <span class='ocrx_word' id='word_1_41' title='bbox 579 689 672 752; x_wconf 88' lang='lat' dir='ltr'><strong>arma,</strong></span> <span class='ocrx_word' id='word_1_42' title='bbox 692 689 750 735; x_wconf 91' lang='lat' dir='ltr'><strong>nou</strong></span> <span class='ocrx_word' id='word_1_43' title='bbox 772 673 863 753; x_wconf 86' lang='lat' dir='ltr'><strong>ordo,</strong></span> <span class='ocrx_word' id='word_1_44' title='bbox 887 693 944 737; x_wconf 91' lang='lat' dir='ltr'><strong>non</strong></span> <span class='ocrx_word' id='word_1_45' title='bbox 967 677 1127 756; x_wconf 79' lang='lat' dir='ltr'><strong>consilium,</strong></span> <span class='ocrx_word' id='word_1_46' title='bbox 1138 676 1162 718; x_wconf 79' lang='lat'><strong>¹⁰</strong></span> 
     </span>
     <span class='ocr_line' id='line_1_7' title="bbox 125 753 1128 838; baseline 0.006 -23"><span class='ocrx_word' id='word_1_47' title='bbox 125 753 178 815; x_wconf 91' lang='lat' dir='ltr'><strong>sed</strong></span> <span class='ocrx_word' id='word_1_48' title='bbox 194 771 333 833; x_wconf 88' lang='lat' dir='ltr'><strong>pacorum</strong></span> <span class='ocrx_word' id='word_1_49' title='bbox 346 753 434 816; x_wconf 91' lang='lat' dir='ltr'><strong>modo</strong></span> <span class='ocrx_word' id='word_1_50' title='bbox 453 753 537 834; x_wconf 83' lang='lat' dir='ltr'><strong>trabi,</strong></span> <span class='ocrx_word' id='word_1_51' title='bbox 556 755 662 833; x_wconf 88' lang='lat' dir='ltr'><strong>occidi,</strong></span> <span class='ocrx_word' id='word_1_52' title='bbox 682 759 756 838; x_wconf 89' lang='lat' dir='ltr'><strong>capi.</strong></span> <span class='ocrx_word' id='word_1_53' title='bbox 783 758 913 821; x_wconf 88' lang='lat' dir='ltr'><strong>infensus</strong></span> <span class='ocrx_word' id='word_1_54' title='bbox 924 759 1009 822; x_wconf 88' lang='lat' dir='ltr'><strong>miles</strong></span> <span class='ocrx_word' id='word_1_55' title='bbox 1021 769 1128 821; x_wconf 84' lang='lat' dir='ltr'><strong>memo·</strong></span> 
     </span>
     <span class='ocr_line' id='line_1_8' title="bbox 123 837 1128 926; baseline 0.008 -28"><span class='ocrx_word' id='word_1_56' title='bbox 123 841 166 899; x_wconf 89' lang='lat' dir='ltr'><strong>ria</strong></span> <span class='ocrx_word' id='word_1_57' title='bbox 189 837 321 900; x_wconf 88' lang='lat' dir='ltr'><strong>laborum</strong></span> <span class='ocrx_word' id='word_1_58' title='bbox 343 848 373 900; x_wconf 88' lang='lat' dir='ltr'><strong>et</strong></span> <span class='ocrx_word' id='word_1_59' title='bbox 393 838 546 901; x_wconf 85' lang='lat' dir='ltr'><strong>adversum</strong></span> <span class='ocrx_word' id='word_1_60' title='bbox 566 839 708 902; x_wconf 81' lang='lat' dir='ltr'><strong>eludentis</strong></span> <span class='ocrx_word' id='word_1_61' title='bbox 736 850 853 922; x_wconf 87' lang='lat' dir='ltr'><strong>optatae</strong></span> <span class='ocrx_word' id='word_1_62' title='bbox 878 846 985 906; x_wconf 88' lang='lat' dir='ltr'><strong>totiens</strong></span> <span class='ocrx_word' id='word_1_63' title='bbox 1013 862 1128 926; x_wconf 76' lang='lat' dir='ltr'><strong>pugnae</strong></span> 
     </span>
     <span class='ocr_line' id='line_1_9' title="bbox 122 923 1128 1009; baseline 0.006 -25"><span class='ocrx_word' id='word_1_64' title='bbox 122 941 156 984; x_wconf 89' lang='lat' dir='ltr'><strong>se</strong></span> <span class='ocrx_word' id='word_1_65' title='bbox 173 924 297 1002; x_wconf 89' lang='lat' dir='ltr'><strong>quisque</strong></span> <span class='ocrx_word' id='word_1_66' title='bbox 311 923 420 984; x_wconf 88' lang='lat' dir='ltr'><strong>ultione</strong></span> <span class='ocrx_word' id='word_1_67' title='bbox 436 930 466 985; x_wconf 89' lang='lat' dir='ltr'><strong>et</strong></span> <span class='ocrx_word' id='word_1_68' title='bbox 486 923 625 1001; x_wconf 76' lang='lat' dir='ltr'><strong>sanquine</strong></span> <span class='ocrx_word' id='word_1_69' title='bbox 649 924 815 1006; x_wconf 82' lang='lat' dir='ltr'><strong>explebant.</strong></span> <span class='ocrx_word' id='word_1_70' title='bbox 844 926 975 990; x_wconf 87' lang='lat' dir='ltr'><strong>differtur</strong></span> <span class='ocrx_word' id='word_1_71' title='bbox 997 946 1050 1009; x_wconf 92' lang='lat' dir='ltr'><strong>per</strong></span> <span class='ocrx_word' id='word_1_72' title='bbox 1071 947 1128 990; x_wconf 88' lang='lat' dir='ltr'><strong>ma·</strong></span> 
     </span>
     <span class='ocr_line' id='line_1_10' title="bbox 121 1005 1128 1091; baseline 0.007 -24"><span class='ocrx_word' id='word_1_73' title='bbox 121 1005 251 1088; x_wconf 91' lang='lat' dir='ltr'><strong>uipulos,</strong></span> <span class='ocrx_word' id='word_1_74' title='bbox 268 1007 481 1069; x_wconf 75' lang='lat' dir='ltr'><strong>Tacfarinatem</strong></span> <span class='ocrx_word' id='word_1_75' title='bbox 496 1023 606 1086; x_wconf 88' lang='lat' dir='ltr'><strong>omncs,</strong></span> <span class='ocrx_word' id='word_1_76' title='bbox 621 1017 718 1070; x_wconf 91' lang='lat' dir='ltr'><strong>notum</strong></span> <span class='ocrx_word' id='word_1_77' title='bbox 738 1019 781 1071; x_wconf 91' lang='lat' dir='ltr'><strong>tot</strong></span> <span class='ocrx_word' id='word_1_78' title='bbox 796 1011 934 1091; x_wconf 89' lang='lat' dir='ltr'><strong>proeliis,</strong></span> <span class='ocrx_word' id='word_1_79' title='bbox 955 1021 1128 1074; x_wconf 89' lang='lat' dir='ltr'><strong>consecten-</strong></span> 
     </span>
     <span class='ocr_line' id='line_1_11' title="bbox 121 1090 1161 1172; baseline 0.004 -19"><span class='ocrx_word' id='word_1_80' title='bbox 121 1099 184 1154; x_wconf 89' lang='lat' dir='ltr'><strong>tur:</strong></span> <span class='ocrx_word' id='word_1_81' title='bbox 200 1110 258 1153; x_wconf 92' lang='lat' dir='ltr'><strong>non</strong></span> <span class='ocrx_word' id='word_1_82' title='bbox 274 1092 327 1152; x_wconf 92' lang='lat' dir='ltr'><strong>nisi</strong></span> <span class='ocrx_word' id='word_1_83' title='bbox 343 1090 418 1153; x_wconf 88' lang='lat' dir='ltr'><strong>duce</strong></span> <span class='ocrx_word' id='word_1_84' title='bbox 434 1091 589 1152; x_wconf 86' lang='lat' dir='ltr'><strong>interfecto</strong></span> <span class='ocrx_word' id='word_1_85' title='bbox 605 1093 735 1172; x_wconf 87' lang='lat' dir='ltr'><strong>requiem</strong></span> <span class='ocrx_word' id='word_1_86' title='bbox 749 1093 820 1156; x_wconf 87' lang='lat' dir='ltr'><strong>belli</strong></span> <span class='ocrx_word' id='word_1_87' title='bbox 835 1095 911 1156; x_wconf 89' lang='lat' dir='ltr'><strong>iore.</strong></span> <span class='ocrx_word' id='word_1_88' title='bbox 936 1095 1031 1157; x_wconf 85' lang='lat' dir='ltr'><strong>atille</strong></span> <span class='ocrx_word' id='word_1_89' title='bbox 1048 1095 1126 1157; x_wconf 88' lang='lat' dir='ltr'><strong>deic·</strong></span> <span class='ocrx_word' id='word_1_90' title='bbox 1137 1097 1161 1139; x_wconf 74' lang='lat'><strong>¹⁶</strong></span> 
     </span>
    </p>
   </div>
   <div class='ocr_carea' id='block_1_3' title="bbox 4 1173 1128 1260">
    <p class='ocr_par' dir='ltr' id='par_1_3' title="bbox 4 1173 1128 1260">
     <span class='ocr_line' id='line_1_12' title="bbox 4 1173 1128 1260; baseline 0.004 -24"><span class='ocrx_word' id='word_1_91' title='bbox 4 1203 7 1210; x_wconf 96' lang='lat'>·</span> <span class='ocrx_word' id='word_1_92' title='bbox 123 1176 177 1237; x_wconf 86' lang='lat' dir='ltr'><strong>ctis</strong></span> <span class='ocrx_word' id='word_1_93' title='bbox 195 1177 302 1252; x_wconf 75' lang='lat' dir='ltr'><strong>obsum</strong></span> <span class='ocrx_word' id='word_1_94' title='bbox 318 1173 506 1256; x_wconf 72' lang='lat' dir='ltr'><strong>stipatoribus</strong></span> <span class='ocrx_word' id='word_1_95' title='bbox 523 1175 681 1257; x_wconf 81' lang='lat' dir='ltr'><strong>viuntoque</strong></span> <span class='ocrx_word' id='word_1_96' title='bbox 695 1178 750 1239; x_wconf 88' lang='lat' dir='ltr'><strong>iam</strong></span> <span class='ocrx_word' id='word_1_97' title='bbox 765 1177 825 1240; x_wconf 86' lang='lat' dir='ltr'><strong>filio</strong></span> <span class='ocrx_word' id='word_1_98' title='bbox 842 1187 872 1240; x_wconf 91' lang='lat' dir='ltr'><strong>et</strong></span> <span class='ocrx_word' id='word_1_99' title='bbox 890 1179 990 1241; x_wconf 82' lang='lat' dir='ltr'><strong>cdusis</strong></span> <span class='ocrx_word' id='word_1_100' title='bbox 1001 1180 1128 1260; x_wconf 91' lang='lat' dir='ltr'><strong>undique</strong></span> 
     </span>
    </p>
   </div>
   <div class='ocr_carea' id='block_1_4' title="bbox 118 1259 1151 2101">
    <p class='ocr_par' dir='ltr' id='par_1_4' title="bbox 120 1259 1127 1426">
     <span class='ocr_line' id='line_1_13' title="bbox 120 1259 1127 1339; baseline 0.004 -17"><span class='ocrx_word' id='word_1_101' title='bbox 120 1261 271 1338; x_wconf 82' lang='lat' dir='ltr'><strong>Romanis,</strong></span> <span class='ocrx_word' id='word_1_102' title='bbox 288 1260 399 1322; x_wconf 86' lang='lat' dir='ltr'><strong>ruendo</strong></span> <span class='ocrx_word' id='word_1_103' title='bbox 414 1260 442 1321; x_wconf 89' lang='lat' dir='ltr'><strong>iu</strong></span> <span class='ocrx_word' id='word_1_104' title='bbox 458 1259 516 1320; x_wconf 91' lang='lat' dir='ltr'><strong>tela</strong></span> <span class='ocrx_word' id='word_1_105' title='bbox 534 1259 729 1339; x_wconf 79' lang='lat' dir='ltr'><strong>captivitatem</strong></span> <span class='ocrx_word' id='word_1_106' title='bbox 745 1261 821 1324; x_wconf 90' lang='lat' dir='ltr'><strong>baud</strong></span> <span class='ocrx_word' id='word_1_107' title='bbox 835 1263 924 1326; x_wconf 87' lang='lat' dir='ltr'><strong>inulta</strong></span> <span class='ocrx_word' id='word_1_108' title='bbox 939 1272 1033 1325; x_wconf 90' lang='lat' dir='ltr'><strong>morte</strong></span> <span class='ocrx_word' id='word_1_109' title='bbox 1056 1265 1127 1326; x_wconf 84' lang='lat' dir='ltr'><strong>eilu-</strong></span> 
     </span>
     <span class='ocr_line' id='line_1_14' title="bbox 121 1343 980 1426; baseline 0.002 -22"><span class='ocrx_word' id='word_1_110' title='bbox 121 1346 165 1422; x_wconf 77' lang='lat' dir='ltr'><strong>qit</strong></span> <span class='ocrx_word' id='word_1_111' title='bbox 180 1345 263 1424; x_wconf 88' lang='lat' dir='ltr'><strong>isque</strong></span> <span class='ocrx_word' id='word_1_112' title='bbox 280 1345 345 1406; x_wconf 86' lang='lat' dir='ltr'><strong>buis</strong></span> <span class='ocrx_word' id='word_1_113' title='bbox 360 1346 445 1406; x_wconf 86' lang='lat' dir='ltr'><strong>armis</strong></span> <span class='ocrx_word' id='word_1_114' title='bbox 460 1343 623 1424; x_wconf 89' lang='lat' dir='ltr'><strong>impositus.</strong></span> <span class='ocrx_word' id='word_1_115' title='bbox 967 1401 980 1426; x_wconf 70' lang='lat'>‚</span> 
     </span>
    </p>

    <p class='ocr_par' dir='ltr' id='par_1_5' title="bbox 118 1425 1151 2101">
     <span class='ocr_line' id='line_1_15' title="bbox 186 1425 1126 1511; baseline -0.002 -17"><span class='ocrx_word' id='word_1_116' title='bbox 186 1429 237 1494; x_wconf 80' lang='lat'><strong>26.</strong></span> <span class='ocrx_word' id='word_1_117' title='bbox 259 1427 433 1490; x_wconf 86' lang='lat' dir='ltr'><strong>Dolabellae</strong></span> <span class='ocrx_word' id='word_1_118' title='bbox 449 1428 559 1509; x_wconf 87' lang='lat' dir='ltr'><strong>petenti</strong></span> <span class='ocrx_word' id='word_1_119' title='bbox 577 1425 675 1490; x_wconf 88' lang='lat' dir='ltr'><strong>abnuit</strong></span> <span class='ocrx_word' id='word_1_120' title='bbox 696 1429 877 1509; x_wconf 87' lang='lat' dir='ltr'><strong>triumphalia</strong></span> <span class='ocrx_word' id='word_1_121' title='bbox 900 1430 1052 1511; x_wconf 81' lang='lat' dir='ltr'><strong>Tiberius,</strong></span> <span class='ocrx_word' id='word_1_122' title='bbox 1075 1433 1126 1492; x_wconf 88' lang='lat' dir='ltr'><strong>Se·</strong></span> 
     </span>
     <span class='ocr_line' id='line_1_16' title="bbox 118 1511 1127 1592; baseline 0 -16"><span class='ocrx_word' id='word_1_123' title='bbox 118 1519 189 1577; x_wconf 92' lang='lat' dir='ltr'><strong>iano</strong></span> <span class='ocrx_word' id='word_1_124' title='bbox 207 1513 346 1592; x_wconf 86' lang='lat' dir='ltr'><strong>tribuens,</strong></span> <span class='ocrx_word' id='word_1_125' title='bbox 361 1531 398 1574; x_wconf 88' lang='lat' dir='ltr'><strong>ne</strong></span> <span class='ocrx_word' id='word_1_126' title='bbox 412 1511 512 1574; x_wconf 81' lang='lat' dir='ltr'><strong>Blaesi</strong></span> <span class='ocrx_word' id='word_1_127' title='bbox 526 1511 661 1573; x_wconf 86' lang='lat' dir='ltr'><strong>avunculi</strong></span> <span class='ocrx_word' id='word_1_128' title='bbox 673 1513 735 1574; x_wconf 89' lang='lat' dir='ltr'><strong>eius</strong></span> <span class='ocrx_word' id='word_1_129' title='bbox 746 1512 809 1575; x_wconf 89' lang='lat' dir='ltr'><strong>laus</strong></span> <span class='ocrx_word' id='word_1_130' title='bbox 824 1512 1039 1577; x_wconf 78' lang='lat' dir='ltr'><strong>obsolesceret.</strong></span> <span class='ocrx_word' id='word_1_131' title='bbox 1075 1515 1127 1576; x_wconf 90' lang='lat' dir='ltr'><strong>sed</strong></span> 
     </span>
     <span class='ocr_line' id='line_1_17' title="bbox 119 1595 1126 1679; baseline 0.001 -20"><span class='ocrx_word' id='word_1_132' title='bbox 119 1617 218 1679; x_wconf 87' lang='lat' dir='ltr'><strong>neque</strong></span> <span class='ocrx_word' id='word_1_133' title='bbox 233 1599 355 1661; x_wconf 83' lang='lat' dir='ltr'><strong>Blaesus</strong></span> <span class='ocrx_word' id='word_1_134' title='bbox 371 1596 439 1658; x_wconf 91' lang='lat' dir='ltr'><strong>ideo</strong></span> <span class='ocrx_word' id='word_1_135' title='bbox 457 1596 614 1674; x_wconf 85' lang='lat' dir='ltr'><strong>inlustrior,</strong></span> <span class='ocrx_word' id='word_1_136' title='bbox 632 1605 662 1658; x_wconf 89' lang='lat' dir='ltr'><strong>et</strong></span> <span class='ocrx_word' id='word_1_137' title='bbox 675 1595 744 1657; x_wconf 85' lang='lat' dir='ltr'><strong>buia</strong></span> <span class='ocrx_word' id='word_1_138' title='bbox 758 1607 882 1676; x_wconf 72' lang='lat' dir='ltr'><strong>negatus</strong></span> <span class='ocrx_word' id='word_1_139' title='bbox 897 1597 992 1662; x_wconf 90' lang='lat' dir='ltr'><strong>bonor</strong></span> <span class='ocrx_word' id='word_1_140' title='bbox 1002 1597 1126 1677; x_wconf 76' lang='lat' dir='ltr'><strong>gloriam</strong></span> 
     </span>
     <span class='ocr_line' id='line_1_18' title="bbox 119 1681 1126 1764; baseline 0 -20"><span class='ocrx_word' id='word_1_141' title='bbox 119 1683 256 1744; x_wconf 89' lang='lat' dir='ltr'><strong>intendit:</strong></span> <span class='ocrx_word' id='word_1_142' title='bbox 276 1686 385 1764; x_wconf 85' lang='lat' dir='ltr'><strong>quippe</strong></span> <span class='ocrx_word' id='word_1_143' title='bbox 405 1681 516 1742; x_wconf 89' lang='lat' dir='ltr'><strong>minore</strong></span> <span class='ocrx_word' id='word_1_144' title='bbox 538 1682 669 1742; x_wconf 85' lang='lat' dir='ltr'><strong>exercitu</strong></span> <span class='ocrx_word' id='word_1_145' title='bbox 690 1681 812 1761; x_wconf 74' lang='lat' dir='ltr'><strong>insignis</strong></span> <span class='ocrx_word' id='word_1_146' title='bbox 834 1682 984 1764; x_wconf 86' lang='lat' dir='ltr'><strong>captivos,</strong></span> <span class='ocrx_word' id='word_1_147' title='bbox 1006 1683 1126 1744; x_wconf 87' lang='lat' dir='ltr'><strong>caedam</strong></span> 
     </span>
     <span class='ocr_line' id='line_1_19' title="bbox 119 1765 1151 1848; baseline -0.001 -20"><span class='ocrx_word' id='word_1_148' title='bbox 119 1768 202 1828; x_wconf 90' lang='lat' dir='ltr'><strong>ducis</strong></span> <span class='ocrx_word' id='word_1_149' title='bbox 225 1767 353 1848; x_wconf 88' lang='lat' dir='ltr'><strong>bellique</strong></span> <span class='ocrx_word' id='word_1_150' title='bbox 375 1765 502 1828; x_wconf 91' lang='lat' dir='ltr'><strong>confecti</strong></span> <span class='ocrx_word' id='word_1_151' title='bbox 523 1766 827 1846; x_wconf 83' lang='lat' dir='ltr'><strong>famamdeportarat.</strong></span> <span class='ocrx_word' id='word_1_152' title='bbox 870 1767 1068 1846; x_wconf 87' lang='lat' dir='ltr'><strong>sequebantur</strong></span> <span class='ocrx_word' id='word_1_153' title='bbox 1096 1774 1151 1828; x_wconf 74' lang='lat' dir='ltr'><strong>et⁵</strong></span> 
     </span>
     <span class='ocr_line' id='line_1_20' title="bbox 120 1849 1125 1932; baseline -0.002 -18"><span class='ocrx_word' id='word_1_154' title='bbox 120 1851 320 1914; x_wconf 83' lang='lat' dir='ltr'><strong>Garamantum</strong></span> <span class='ocrx_word' id='word_1_155' title='bbox 335 1851 437 1929; x_wconf 76' lang='lat' dir='ltr'><strong>legati,</strong></span> <span class='ocrx_word' id='word_1_156' title='bbox 454 1867 522 1913; x_wconf 91' lang='lat' dir='ltr'><strong>raro</strong></span> <span class='ocrx_word' id='word_1_157' title='bbox 538 1850 567 1910; x_wconf 90' lang='lat' dir='ltr'><strong>in</strong></span> <span class='ocrx_word' id='word_1_158' title='bbox 583 1849 655 1911; x_wconf 86' lang='lat' dir='ltr'><strong>urbe</strong></span> <span class='ocrx_word' id='word_1_159' title='bbox 670 1851 735 1930; x_wconf 81' lang='lat' dir='ltr'><strong>visi,</strong></span> <span class='ocrx_word' id='word_1_160' title='bbox 751 1868 824 1932; x_wconf 87' lang='lat' dir='ltr'><strong>quos</strong></span> <span class='ocrx_word' id='word_1_161' title='bbox 840 1850 1024 1916; x_wconf 79' lang='lat' dir='ltr'><strong>Tacfarinate</strong></span> <span class='ocrx_word' id='word_1_162' title='bbox 1038 1869 1125 1914; x_wconf 86' lang='lat' dir='ltr'><strong>caeso</strong></span> 
     </span>
     <span class='ocr_line' id='line_1_21' title="bbox 122 1934 1125 2017; baseline 0.001 -23"><span class='ocrx_word' id='word_1_163' title='bbox 122 1935 257 2016; x_wconf 85' lang='lat' dir='ltr'><strong>perculsa</strong></span> <span class='ocrx_word' id='word_1_164' title='bbox 284 1954 365 2015; x_wconf 77' lang='lat' dir='ltr'><strong>gens,</strong></span> <span class='ocrx_word' id='word_1_165' title='bbox 380 1936 540 2017; x_wconf 84' lang='lat' dir='ltr'><strong>setunlpas</strong></span> <span class='ocrx_word' id='word_1_166' title='bbox 557 1937 656 1995; x_wconf 88' lang='lat' dir='ltr'><strong>nescia</strong></span> <span class='ocrx_word' id='word_1_167' title='bbox 672 1934 708 1996; x_wconf 93' lang='lat' dir='ltr'><strong>ad</strong></span> <span class='ocrx_word' id='word_1_168' title='bbox 732 1936 803 1996; x_wconf 86' lang='lat' dir='ltr'><strong>satis</strong></span> <span class='ocrx_word' id='word_1_169' title='bbox 828 1935 992 1999; x_wconf 89' lang='lat' dir='ltr'><strong>faciendum</strong></span> <span class='ocrx_word' id='word_1_170' title='bbox 1015 1935 1125 2016; x_wconf 91' lang='lat' dir='ltr'><strong>populo</strong></span> 
     </span>
     <span class='ocr_line' id='line_1_22' title="bbox 121 2017 1125 2101; baseline -0.001 -21"><span class='ocrx_word' id='word_1_171' title='bbox 121 2019 250 2080; x_wconf 82' lang='lat' dir='ltr'><strong>Romano</strong></span> <span class='ocrx_word' id='word_1_172' title='bbox 274 2021 400 2082; x_wconf 86' lang='lat' dir='ltr'><strong>miserat.</strong></span> <span class='ocrx_word' id='word_1_173' title='bbox 442 2018 569 2098; x_wconf 71' lang='lat' dir='ltr'><strong>coguitis</strong></span> <span class='ocrx_word' id='word_1_174' title='bbox 590 2017 694 2079; x_wconf 88' lang='lat' dir='ltr'><strong>debinc</strong></span> <span class='ocrx_word' id='word_1_175' title='bbox 716 2019 877 2082; x_wconf 86' lang='lat' dir='ltr'><strong>Ptolemaei</strong></span> <span class='ocrx_word' id='word_1_176' title='bbox 901 2039 955 2101; x_wconf 90' lang='lat' dir='ltr'><strong>per</strong></span> <span class='ocrx_word' id='word_1_177' title='bbox 975 2019 1004 2081; x_wconf 92' lang='lat' dir='ltr'><strong>id</strong></span> <span class='ocrx_word' id='word_1_178' title='bbox 1017 2019 1125 2080; x_wconf 90' lang='lat' dir='ltr'><strong>bellum</strong></span> 
     </span>
    </p>
   </div>
   <div class='ocr_carea' id='block_1_5' title="bbox 5 2102 1125 2184">
    <p class='ocr_par' dir='ltr' id='par_1_6' title="bbox 5 2102 1125 2184">
     <span class='ocr_line' id='line_1_23' title="bbox 5 2102 1125 2184; baseline -0.003 -17"><span class='ocrx_word' id='word_1_179' title='bbox 5 2173 6 2180; x_wconf 9' lang='grc' dir='ltr'>χ</span> <span class='ocrx_word' id='word_1_180' title='bbox 119 2103 220 2167; x_wconf 92' lang='lat' dir='ltr'><strong>studiis</strong></span> <span class='ocrx_word' id='word_1_181' title='bbox 235 2105 376 2184; x_wconf 87' lang='lat' dir='ltr'><strong>repetitus</strong></span> <span class='ocrx_word' id='word_1_182' title='bbox 391 2122 430 2165; x_wconf 84' lang='lat' dir='ltr'><strong>ex</strong></span> <span class='ocrx_word' id='word_1_183' title='bbox 448 2111 564 2164; x_wconf 86' lang='lat' dir='ltr'><strong>vetusto</strong></span> <span class='ocrx_word' id='word_1_184' title='bbox 579 2118 662 2162; x_wconf 88' lang='lat' dir='ltr'><strong>more</strong></span> <span class='ocrx_word' id='word_1_185' title='bbox 677 2102 770 2165; x_wconf 90' lang='lat' dir='ltr'><strong>bonos</strong></span> <span class='ocrx_word' id='word_1_186' title='bbox 791 2105 954 2182; x_wconf 89' lang='lat' dir='ltr'><strong>missusque</strong></span> <span class='ocrx_word' id='word_1_187' title='bbox 977 2121 994 2164; x_wconf 89' lang='lat' dir='ltr'><strong>e</strong></span> <span class='ocrx_word' id='word_1_188' title='bbox 1009 2113 1125 2166; x_wconf 88' lang='lat' dir='ltr'><strong>senato·</strong></span> 
     </span>
    </p>
   </div>
   <div class='ocr_carea' id='block_1_6' title="bbox 113 2187 1173 3030">
    <p class='ocr_par' dir='ltr' id='par_1_7' title="bbox 113 2187 1173 3030">
     <span class='ocr_line' id='line_1_24' title="bbox 119 2187 1159 2269; baseline -0.004 -19"><span class='ocrx_word' id='word_1_189' title='bbox 119 2188 198 2250; x_wconf 90' lang='lat' dir='ltr'><strong>ribus</strong></span> <span class='ocrx_word' id='word_1_190' title='bbox 214 2190 262 2269; x_wconf 92' lang='lat' dir='ltr'><strong>qui</strong></span> <span class='ocrx_word' id='word_1_191' title='bbox 278 2190 439 2268; x_wconf 87' lang='lat' dir='ltr'><strong>scipionem</strong></span> <span class='ocrx_word' id='word_1_192' title='bbox 455 2187 610 2264; x_wconf 87' lang='lat' dir='ltr'><strong>eburnam,</strong></span> <span class='ocrx_word' id='word_1_193' title='bbox 626 2194 724 2265; x_wconf 77' lang='lat' dir='ltr'><strong>togam</strong></span> <span class='ocrx_word' id='word_1_194' title='bbox 739 2189 861 2266; x_wconf 89' lang='lat' dir='ltr'><strong>pictam,</strong></span> <span class='ocrx_word' id='word_1_195' title='bbox 881 2187 997 2267; x_wconf 88' lang='lat' dir='ltr'><strong>antiqua</strong></span> <span class='ocrx_word' id='word_1_196' title='bbox 1013 2196 1125 2266; x_wconf 87' lang='lat' dir='ltr'><strong>patmm</strong></span> <span class='ocrx_word' id='word_1_197' title='bbox 1136 2193 1159 2234; x_wconf 83' lang='lat'><strong>¹⁰</strong></span> 
     </span>
     <span class='ocr_line' id='line_1_25' title="bbox 118 2270 1125 2420; baseline -0.005 -1"><span class='ocrx_word' id='word_1_198' title='bbox 118 2271 691 2420; x_wconf 51' lang='lat' dir='ltr'><strong>&#39;lit’ilii‘ttitlfitiil</strong></span> <span class='ocrx_word' id='word_1_199' title='bbox 706 2270 1125 2416; x_wconf 62' lang='lat' dir='ltr'><strong>lllnbllsllillt:</strong></span> 
     </span>
     <span class='ocr_line' id='line_1_26' title="bbox 116 2372 1125 2521; baseline -0.004 -17"><span class='ocrx_word' id='word_1_200' title='bbox 116 2445 194 2505; x_wconf 87' lang='lat' dir='ltr'><strong>mina</strong></span> <span class='ocrx_word' id='word_1_201' title='bbox 208 2403 271 2504; x_wconf 82' lang='lat' dir='ltr'><strong>fors</strong></span> <span class='ocrx_word' id='word_1_202' title='bbox 288 2442 448 2521; x_wconf 80' lang='lat' dir='ltr'><strong>oppressit.</strong></span> <span class='ocrx_word' id='word_1_203' title='bbox 480 2448 581 2502; x_wconf 88' lang='lat' dir='ltr'><strong>auctor</strong></span> <span class='ocrx_word' id='word_1_204' title='bbox 595 2372 731 2500; x_wconf 56' lang='lat' dir='ltr'><strong>subulcus</strong></span> <span class='ocrx_word' id='word_1_205' title='bbox 747 2438 779 2501; x_wconf 85' lang='grc' dir='ltr'><strong>Τ.</strong></span> <span class='ocrx_word' id='word_1_206' title='bbox 801 2437 959 2516; x_wconf 72' lang='lat' dir='ltr'><strong>danielus,</strong></span> <span class='ocrx_word' id='word_1_207' title='bbox 982 2437 1125 2519; x_wconf 91' lang='lat' dir='ltr'><strong>quondam</strong></span> 
     </span>
     <span class='ocr_line' id='line_1_27' title="bbox 116 2522 1125 2608; baseline -0.006 -20"><span class='ocrx_word' id='word_1_208' title='bbox 116 2527 283 2608; x_wconf 86' lang='lat' dir='ltr'><strong>praetoriae</strong></span> <span class='ocrx_word' id='word_1_209' title='bbox 304 2525 435 2600; x_wconf 82' lang='lat' dir='ltr'><strong>subortis</strong></span> <span class='ocrx_word' id='word_1_210' title='bbox 457 2525 557 2601; x_wconf 90' lang='lat' dir='ltr'><strong>miles,</strong></span> <span class='ocrx_word' id='word_1_211' title='bbox 581 2525 673 2603; x_wconf 90' lang='lat' dir='ltr'><strong>primo</strong></span> <span class='ocrx_word' id='word_1_212' title='bbox 700 2523 832 2585; x_wconf 84' lang='lat' dir='ltr'><strong>coetibus</strong></span> <span class='ocrx_word' id='word_1_213' title='bbox 848 2523 1035 2586; x_wconf 88' lang='lat' dir='ltr'><strong>clandestinis</strong></span> <span class='ocrx_word' id='word_1_214' title='bbox 1050 2522 1125 2603; x_wconf 90' lang='lat' dir='ltr'><strong>apud</strong></span> 
     </span>
     <span class='ocr_line' id='line_1_28' title="bbox 115 2607 1173 2689; baseline -0.007 -16"><span class='ocrx_word' id='word_1_215' title='bbox 115 2611 296 2674; x_wconf 85' lang='lat' dir='ltr'><strong>Brundisium</strong></span> <span class='ocrx_word' id='word_1_216' title='bbox 314 2620 343 2672; x_wconf 88' lang='lat' dir='ltr'><strong>et</strong></span> <span class='ocrx_word' id='word_1_217' title='bbox 361 2609 545 2671; x_wconf 88' lang='lat' dir='ltr'><strong>circumiecta</strong></span> <span class='ocrx_word' id='word_1_218' title='bbox 562 2609 687 2688; x_wconf 89' lang='lat' dir='ltr'><strong>oppida,</strong></span> <span class='ocrx_word' id='word_1_219' title='bbox 703 2625 772 2670; x_wconf 84' lang='lat' dir='ltr'><strong>mox</strong></span> <span class='ocrx_word' id='word_1_220' title='bbox 795 2609 898 2689; x_wconf 86' lang='lat' dir='ltr'><strong>positis</strong></span> <span class='ocrx_word' id='word_1_221' title='bbox 918 2608 1070 2688; x_wconf 89' lang='lat' dir='ltr'><strong>propalam</strong></span> <span class='ocrx_word' id='word_1_222' title='bbox 1091 2607 1124 2667; x_wconf 90' lang='lat' dir='ltr'><strong>li·</strong></span> <span class='ocrx_word' id='word_1_223' title='bbox 1169 2629 1173 2634; x_wconf 60' lang='lat'>¹</span> 
     </span>
     <span class='ocr_line' id='line_1_29' title="bbox 114 2691 1146 2772; baseline -0.011 -13"><span class='ocrx_word' id='word_1_224' title='bbox 114 2696 205 2759; x_wconf 90' lang='lat' dir='ltr'><strong>bellis</strong></span> <span class='ocrx_word' id='word_1_225' title='bbox 221 2696 257 2757; x_wconf 90' lang='lat' dir='ltr'><strong>ad</strong></span> <span class='ocrx_word' id='word_1_226' title='bbox 278 2695 441 2757; x_wconf 87' lang='lat' dir='ltr'><strong>libertatem</strong></span> <span class='ocrx_word' id='word_1_227' title='bbox 460 2692 586 2762; x_wconf 82' lang='lat' dir='ltr'><strong>vocabat</strong></span> <span class='ocrx_word' id='word_1_228' title='bbox 609 2692 736 2772; x_wconf 66' lang='lat' dir='ltr'><strong>agrestia</strong></span> <span class='ocrx_word' id='word_1_229' title='bbox 761 2711 814 2772; x_wconf 90' lang='lat' dir='ltr'><strong>per</strong></span> <span class='ocrx_word' id='word_1_230' title='bbox 833 2692 1011 2771; x_wconf 74' lang='lat' dir='ltr'><strong>longinquos</strong></span> <span class='ocrx_word' id='word_1_231' title='bbox 1032 2691 1146 2752; x_wconf 79' lang='lat' dir='ltr'><strong>saltusa</strong></span> 
     </span>
     <span class='ocr_line' id='line_1_30' title="bbox 115 2776 1124 2857; baseline -0.008 -13"><span class='ocrx_word' id='word_1_232' title='bbox 115 2792 146 2844; x_wconf 88' lang='lat' dir='ltr'><strong>et</strong></span> <span class='ocrx_word' id='word_1_233' title='bbox 162 2781 275 2842; x_wconf 88' lang='lat' dir='ltr'><strong>ferocia</strong></span> <span class='ocrx_word' id='word_1_234' title='bbox 290 2781 423 2857; x_wconf 86' lang='lat' dir='ltr'><strong>servitia,</strong></span> <span class='ocrx_word' id='word_1_235' title='bbox 445 2796 509 2839; x_wconf 91' lang='lat' dir='ltr'><strong>cum</strong></span> <span class='ocrx_word' id='word_1_236' title='bbox 526 2777 607 2838; x_wconf 85' lang='lat' dir='ltr'><strong>velut</strong></span> <span class='ocrx_word' id='word_1_237' title='bbox 626 2795 745 2838; x_wconf 90' lang='lat' dir='ltr'><strong>munera</strong></span> <span class='ocrx_word' id='word_1_238' title='bbox 760 2777 844 2838; x_wconf 90' lang='lat' dir='ltr'><strong>deum</strong></span> <span class='ocrx_word' id='word_1_239' title='bbox 858 2785 920 2838; x_wconf 88' lang='lat' dir='ltr'><strong>tres</strong></span> <span class='ocrx_word' id='word_1_240' title='bbox 934 2776 1061 2838; x_wconf 87' lang='lat' dir='ltr'><strong>biremes</strong></span> <span class='ocrx_word' id='word_1_241' title='bbox 1077 2776 1124 2837; x_wconf 90' lang='lat' dir='ltr'><strong>ad·</strong></span> 
     </span>
     <span class='ocr_line' id='line_1_31' title="bbox 115 2859 1125 2947; baseline -0.005 -21"><span class='ocrx_word' id='word_1_242' title='bbox 115 2867 222 2947; x_wconf 86' lang='lat' dir='ltr'><strong>putere</strong></span> <span class='ocrx_word' id='word_1_243' title='bbox 240 2866 276 2927; x_wconf 90' lang='lat' dir='ltr'><strong>ad</strong></span> <span class='ocrx_word' id='word_1_244' title='bbox 299 2883 367 2926; x_wconf 88' lang='lat' dir='ltr'><strong>usus</strong></span> <span class='ocrx_word' id='word_1_245' title='bbox 383 2862 600 2926; x_wconf 88' lang='lat' dir='ltr'><strong>commeantium</strong></span> <span class='ocrx_word' id='word_1_246' title='bbox 615 2861 666 2921; x_wconf 96' lang='lat' dir='ltr'><strong>illo</strong></span> <span class='ocrx_word' id='word_1_247' title='bbox 681 2862 762 2923; x_wconf 90' lang='lat' dir='ltr'><strong>marl.</strong></span> <span class='ocrx_word' id='word_1_248' title='bbox 794 2870 823 2922; x_wconf 90' lang='lat' dir='ltr'><strong>et</strong></span> <span class='ocrx_word' id='word_1_249' title='bbox 843 2870 906 2922; x_wconf 85' lang='lat' dir='ltr'><strong>crat</strong></span> <span class='ocrx_word' id='word_1_250' title='bbox 920 2859 1012 2922; x_wconf 88' lang='lat' dir='ltr'><strong>isdem</strong></span> <span class='ocrx_word' id='word_1_251' title='bbox 1027 2862 1125 2940; x_wconf 70' lang='lat' dir='ltr'><strong>regio·</strong></span> 
     </span>
     <span class='ocr_line' id='line_1_32' title="bbox 113 2945 1124 3030; baseline -0.006 -18"><span class='ocrx_word' id='word_1_252' title='bbox 113 2948 310 3012; x_wconf 78' lang='lat' dir='ltr'><strong>uibuscutius</strong></span> <span class='ocrx_word' id='word_1_253' title='bbox 320 2948 417 3030; x_wconf 78' lang='lat' dir='ltr'><strong>lupus</strong></span> <span class='ocrx_word' id='word_1_254' title='bbox 429 2955 579 3027; x_wconf 85' lang='lat' dir='ltr'><strong>quaestor,</strong></span> <span class='ocrx_word' id='word_1_255' title='bbox 593 2946 639 3007; x_wconf 91' lang='lat' dir='ltr'><strong>cui</strong></span> <span class='ocrx_word' id='word_1_256' title='bbox 651 2946 803 3024; x_wconf 80' lang='lat' dir='ltr'><strong>provincis</strong></span> <span class='ocrx_word' id='word_1_257' title='bbox 814 2954 916 3007; x_wconf 84' lang='lat' dir='ltr'><strong>vetere</strong></span> <span class='ocrx_word' id='word_1_258' title='bbox 926 2963 964 3005; x_wconf 89' lang='lat' dir='ltr'><strong>ex</strong></span> <span class='ocrx_word' id='word_1_259' title='bbox 975 2957 1057 3006; x_wconf 83' lang='lat' dir='ltr'><strong>more</strong></span> <span class='ocrx_word' id='word_1_260' title='bbox 1067 2945 1124 3006; x_wconf 91' lang='lat' dir='ltr'><strong>cal·</strong></span> 
     </span>
    </p>
   </div>
   <div class='ocr_carea' id='block_1_7' title="bbox 7 3030 1126 3110">
    <p class='ocr_par' dir='ltr' id='par_1_8' title="bbox 7 3030 1126 3110">
     <span class='ocr_line' id='line_1_33' title="bbox 7 3030 1126 3110; baseline -0.001 -20"><span class='ocrx_word' id='word_1_261' title='bbox 7 3065 12 3090; x_wconf 88' lang='lat' dir='ltr'><strong>t</strong></span> <span class='ocrx_word' id='word_1_262' title='bbox 113 3030 528 3109; x_wconf 84' lang='lat' dir='ltr'><strong>lcseveneraut:isdisposita</strong></span> <span class='ocrx_word' id='word_1_263' title='bbox 537 3030 751 3091; x_wconf 88' lang='lat' dir='ltr'><strong>classiariorum</strong></span> <span class='ocrx_word' id='word_1_264' title='bbox 762 3031 848 3109; x_wconf 86' lang='lat' dir='ltr'><strong>copia</strong></span> <span class='ocrx_word' id='word_1_265' title='bbox 865 3037 1048 3110; x_wconf 85' lang='lat' dir='ltr'><strong>coeptantem</strong></span> <span class='ocrx_word' id='word_1_266' title='bbox 1062 3047 1126 3090; x_wconf 91' lang='lat' dir='ltr'><strong>cum</strong></span> 
     </span>
    </p>
   </div>
   <div class='ocr_carea' id='block_1_8' title="bbox 113 3113 1159 3194">
    <p class='ocr_par' dir='ltr' id='par_1_9' title="bbox 113 3113 1159 3194">
     <span class='ocr_line' id='line_1_34' title="bbox 113 3113 1159 3194; baseline -0.012 -13"><span class='ocrx_word' id='word_1_267' title='bbox 113 3118 241 3181; x_wconf 83' lang='lat' dir='ltr'><strong>maxime</strong></span> <span class='ocrx_word' id='word_1_268' title='bbox 265 3115 493 3178; x_wconf 87' lang='lat' dir='ltr'><strong>coniurationem</strong></span> <span class='ocrx_word' id='word_1_269' title='bbox 515 3114 638 3176; x_wconf 87' lang='lat' dir='ltr'><strong>disiecit.</strong></span> <span class='ocrx_word' id='word_1_270' title='bbox 675 3114 839 3194; x_wconf 88' lang='lat' dir='ltr'><strong>missusque</strong></span> <span class='ocrx_word' id='word_1_271' title='bbox 861 3133 877 3176; x_wconf 87' lang='lat' dir='ltr'><strong>a</strong></span> <span class='ocrx_word' id='word_1_272' title='bbox 903 3113 1030 3176; x_wconf 79' lang='lat' dir='ltr'><strong>Caesare</strong></span> <span class='ocrx_word' id='word_1_273' title='bbox 1057 3129 1159 3193; x_wconf 91' lang='lat' dir='ltr'><strong>pro-ro</strong></span> 
     </span>
    </p>
   </div>
   <div class='ocr_carea' id='block_1_9' title="bbox 25 3197 1125 3449">
    <p class='ocr_par' dir='ltr' id='par_1_10' title="bbox 25 3197 1125 3449">
     <span class='ocr_line' id='line_1_35' title="bbox 114 3197 1123 3284; baseline -0.01 -21"><span class='ocrx_word' id='word_1_274' title='bbox 114 3221 190 3284; x_wconf 87' lang='lat' dir='ltr'><strong>perc</strong></span> <span class='ocrx_word' id='word_1_275' title='bbox 209 3201 303 3263; x_wconf 87' lang='lat' dir='ltr'><strong>Staius</strong></span> <span class='ocrx_word' id='word_1_276' title='bbox 318 3200 448 3279; x_wconf 89' lang='lat' dir='ltr'><strong>tribunus</strong></span> <span class='ocrx_word' id='word_1_277' title='bbox 467 3218 531 3260; x_wconf 90' lang='lat' dir='ltr'><strong>cnm</strong></span> <span class='ocrx_word' id='word_1_278' title='bbox 546 3198 643 3260; x_wconf 83' lang='lat' dir='ltr'><strong>valida</strong></span> <span class='ocrx_word' id='word_1_279' title='bbox 663 3216 745 3259; x_wconf 89' lang='lat' dir='ltr'><strong>mauu</strong></span> <span class='ocrx_word' id='word_1_280' title='bbox 766 3197 868 3260; x_wconf 88' lang='lat' dir='ltr'><strong>docem</strong></span> <span class='ocrx_word' id='word_1_281' title='bbox 890 3198 984 3278; x_wconf 91' lang='lat' dir='ltr'><strong>ipsum</strong></span> <span class='ocrx_word' id='word_1_282' title='bbox 1005 3206 1035 3257; x_wconf 90' lang='lat' dir='ltr'><strong>et</strong></span> <span class='ocrx_word' id='word_1_283' title='bbox 1054 3213 1123 3274; x_wconf 91' lang='lat' dir='ltr'><strong>pro-</strong></span> 
     </span>
     <span class='ocr_line' id='line_1_36' title="bbox 113 3278 1125 3362; baseline -0.011 -15"><span class='ocrx_word' id='word_1_284' title='bbox 113 3289 212 3356; x_wconf 70' lang='lat' dir='ltr'><strong>ximos</strong></span> <span class='ocrx_word' id='word_1_285' title='bbox 226 3285 346 3349; x_wconf 87' lang='lat' dir='ltr'><strong>audacia</strong></span> <span class='ocrx_word' id='word_1_286' title='bbox 360 3286 389 3346; x_wconf 89' lang='lat' dir='ltr'><strong>in</strong></span> <span class='ocrx_word' id='word_1_287' title='bbox 404 3285 503 3345; x_wconf 90' lang='lat' dir='ltr'><strong>urbem</strong></span> <span class='ocrx_word' id='word_1_288' title='bbox 519 3284 613 3361; x_wconf 83' lang='lat' dir='ltr'><strong>traxit,</strong></span> <span class='ocrx_word' id='word_1_289' title='bbox 629 3283 685 3344; x_wconf 90' lang='lat' dir='ltr'><strong>iam</strong></span> <span class='ocrx_word' id='word_1_290' title='bbox 703 3282 843 3362; x_wconf 87' lang='lat' dir='ltr'><strong>trepidam</strong></span> <span class='ocrx_word' id='word_1_291' title='bbox 866 3282 903 3342; x_wconf 94' lang='lat' dir='ltr'><strong>ob</strong></span> <span class='ocrx_word' id='word_1_292' title='bbox 920 3278 1125 3344; x_wconf 88' lang='lat' dir='ltr'><strong>multitudinem</strong></span> 
     </span>
     <span class='ocr_line' id='line_1_37' title="bbox 25 3359 1124 3449; baseline -0.015 -15"><span class='ocrx_word' id='word_1_293' title='bbox 25 3396 30 3420; x_wconf 71' lang='grc' dir='ltr'><strong>ι</strong></span> <span class='ocrx_word' id='word_1_294' title='bbox 112 3370 305 3448; x_wconf 80' lang='lat' dir='ltr'><strong>familiarum,</strong></span> <span class='ocrx_word' id='word_1_295' title='bbox 329 3387 404 3449; x_wconf 90' lang='lat' dir='ltr'><strong>quae</strong></span> <span class='ocrx_word' id='word_1_296' title='bbox 425 3366 570 3447; x_wconf 76' lang='lat' dir='ltr'><strong>gliscebat</strong></span> <span class='ocrx_word' id='word_1_297' title='bbox 590 3367 765 3444; x_wconf 90' lang='lat' dir='ltr'><strong>inmensum,</strong></span> <span class='ocrx_word' id='word_1_298' title='bbox 788 3367 899 3426; x_wconf 88' lang='lat' dir='ltr'><strong>minore</strong></span> <span class='ocrx_word' id='word_1_299' title='bbox 914 3367 943 3425; x_wconf 90' lang='lat' dir='ltr'><strong>iu</strong></span> <span class='ocrx_word' id='word_1_300' title='bbox 959 3360 1022 3422; x_wconf 88' lang='lat' dir='ltr'><strong>dies</strong></span> <span class='ocrx_word' id='word_1_301' title='bbox 1037 3359 1124 3440; x_wconf 86' lang='lat' dir='ltr'><strong>plebe</strong></span> 
     </span>
    </p>
   </div>
   <div class='ocr_carea' id='block_1_10' title="bbox 8 3459 251 3537">
    <p class='ocr_par' dir='ltr' id='par_1_11' title="bbox 8 3459 251 3537">
     <span class='ocr_line' id='line_1_38' title="bbox 8 3459 251 3537; baseline -0.016 -19"><span class='ocrx_word' id='word_1_302' title='bbox 8 3523 12 3537; x_wconf 50' lang='grc'><strong>,</strong></span> <span class='ocrx_word' id='word_1_303' title='bbox 111 3459 251 3530; x_wconf 76' lang='lat' dir='ltr'><strong>ingenus.</strong></span> 
     </span>
    </p>
   </div>
   <div class='ocr_carea' id='block_1_11' title="bbox 0 0 1274 3874">
    <p class='ocr_par' dir='ltr' id='par_1_12' title="bbox 0 0 1274 3874">
     <span class='ocr_line' id='line_1_39' title="bbox 0 0 1274 3874; baseline 0 7"><span class='ocrx_word' id='word_1_304' title='bbox 0 0 1274 3874; x_wconf 95' lang='lat' dir='ltr'><strong> </strong></span> 
     </span>
    </p>
   </div>
  </div>
 </body>
</html>
