<?xml version="1.0" encoding="UTF-8"?>
<!DOCTYPE html PUBLIC "-//W3C//DTD XHTML 1.0 Transitional//EN"
    "http://www.w3.org/TR/xhtml1/DTD/xhtml1-transitional.dtd">
<html xmlns="http://www.w3.org/1999/xhtml" xml:lang="en" lang="en">
 <head>
  <title>
</title>
<meta http-equiv="Content-Type" content="text/html;charset=utf-8" />
  <meta name='ocr-system' content='tesseract 3.04.00' />
  <meta name='ocr-capabilities' content='ocr_page ocr_carea ocr_par ocr_line ocrx_word'/>
</head>
<body>
  <div class='ocr_page' id='page_1' title='image "./libriquisupersu02tacigoog/libriquisupersu02tacigoog_0539.png"; bbox 0 0 2568 3870; ppageno 0'>
   <div class='ocr_carea' id='block_1_1' title="bbox 107 166 968 228">
    <p class='ocr_par' dir='ltr' id='par_1_1' title="bbox 107 166 968 228">
     <span class='ocr_line' id='line_1_1' title="bbox 107 166 968 228; baseline -0.005 -1"><span class='ocrx_word' id='word_1_1' title='bbox 107 171 112 178; x_wconf 84' lang='lat'>&#39;</span> <span class='ocrx_word' id='word_1_2' title='bbox 185 166 226 228; x_wconf 82' lang='lat' dir='ltr'><strong>ot</strong></span> <span class='ocrx_word' id='word_1_3' title='bbox 409 177 574 226; x_wconf 80' lang='lat' dir='ltr'><strong>conanum</strong></span> <span class='ocrx_word' id='word_1_4' title='bbox 591 175 709 225; x_wconf 75' lang='lat' dir='ltr'><strong>necant</strong></span> <span class='ocrx_word' id='word_1_5' title='bbox 722 175 968 224; x_wconf 78' lang='lat' dir='ltr'><strong>ntsnomaanu</strong></span> 
     </span>
    </p>
   </div>
   <div class='ocr_carea' id='block_1_2' title="bbox 150 329 1258 674">
    <p class='ocr_par' dir='ltr' id='par_1_2' title="bbox 150 329 1258 674">
     <span class='ocr_line' id='line_1_2' title="bbox 150 329 1194 412; baseline 0.001 -17"><span class='ocrx_word' id='word_1_6' title='bbox 150 353 174 394; x_wconf 84' lang='lat' dir='ltr'><strong>rs</strong></span> <span class='ocrx_word' id='word_1_7' title='bbox 184 353 250 410; x_wconf 86' lang='lat' dir='ltr'><strong>sas,</strong></span> <span class='ocrx_word' id='word_1_8' title='bbox 268 350 324 393; x_wconf 91' lang='lat' dir='ltr'><strong>nec</strong></span> <span class='ocrx_word' id='word_1_9' title='bbox 337 330 382 392; x_wconf 89' lang='lat' dir='ltr'><strong>bis</strong></span> <span class='ocrx_word' id='word_1_10' title='bbox 398 341 447 392; x_wconf 88' lang='lat' dir='ltr'><strong>aut</strong></span> <span class='ocrx_word' id='word_1_11' title='bbox 464 331 522 392; x_wconf 86' lang='lat' dir='ltr'><strong>illis</strong></span> <span class='ocrx_word' id='word_1_12' title='bbox 542 331 684 412; x_wconf 87' lang='lat' dir='ltr'><strong>proelium</strong></span> <span class='ocrx_word' id='word_1_13' title='bbox 697 329 920 410; x_wconf 87' lang='lat' dir='ltr'><strong>temptantibus,</strong></span> <span class='ocrx_word' id='word_1_14' title='bbox 935 329 1051 411; x_wconf 79' lang='lat' dir='ltr'><strong>lorama</strong></span> <span class='ocrx_word' id='word_1_15' title='bbox 1069 335 1194 412; x_wconf 85' lang='lat' dir='ltr'><strong>partium</strong></span> 
     </span>
     <span class='ocr_line' id='line_1_3' title="bbox 184 417 422 480; baseline -0.017 0"><span class='ocrx_word' id='word_1_16' title='bbox 184 417 252 480; x_wconf 92' lang='lat' dir='ltr'><strong>alibi</strong></span> <span class='ocrx_word' id='word_1_17' title='bbox 267 425 422 477; x_wconf 86' lang='lat' dir='ltr'><strong>transacta.</strong></span> 
     </span>
     <span class='ocr_line' id='line_1_4' title="bbox 247 498 1257 580; baseline 0 -16"><span class='ocrx_word' id='word_1_18' title='bbox 247 503 276 564; x_wconf 87' lang='grc'><strong>6.</strong></span> <span class='ocrx_word' id='word_1_19' title='bbox 298 500 426 561; x_wconf 76' lang='lat' dir='ltr'><strong>Antonio</strong></span> <span class='ocrx_word' id='word_1_20' title='bbox 442 500 613 561; x_wconf 75' lang='lat' dir='ltr'><strong>vexillarios</strong></span> <span class='ocrx_word' id='word_1_21' title='bbox 629 519 646 561; x_wconf 88' lang='lat' dir='ltr'><strong>e</strong></span> <span class='ocrx_word' id='word_1_22' title='bbox 662 498 830 561; x_wconf 68' lang='lat' dir='ltr'><strong>cohortibus</strong></span> <span class='ocrx_word' id='word_1_23' title='bbox 842 508 872 561; x_wconf 90' lang='lat' dir='ltr'><strong>et</strong></span> <span class='ocrx_word' id='word_1_24' title='bbox 884 509 997 578; x_wconf 85' lang='lat' dir='ltr'><strong>partem</strong></span> <span class='ocrx_word' id='word_1_25' title='bbox 1012 501 1145 580; x_wconf 86' lang='lat' dir='ltr'><strong>equiturn</strong></span> <span class='ocrx_word' id='word_1_26' title='bbox 1160 504 1194 564; x_wconf 91' lang='lat' dir='ltr'><strong>ad</strong></span> <span class='ocrx_word' id='word_1_27' title='bbox 1255 525 1257 550; x_wconf 63' lang='lat' dir='ltr'><strong>t</strong></span> 
     </span>
     <span class='ocr_line' id='line_1_5' title="bbox 183 583 1258 674; baseline -0.001 -25"><span class='ocrx_word' id='word_1_28' title='bbox 183 584 373 649; x_wconf 82' lang='lat' dir='ltr'><strong>invadendam</strong></span> <span class='ocrx_word' id='word_1_29' title='bbox 382 584 493 645; x_wconf 90' lang='lat' dir='ltr'><strong>ltaliam</strong></span> <span class='ocrx_word' id='word_1_30' title='bbox 504 585 628 664; x_wconf 80' lang='lat' dir='ltr'><strong>rapienti</strong></span> <span class='ocrx_word' id='word_1_31' title='bbox 641 601 740 646; x_wconf 84' lang='lat' dir='ltr'><strong>comes</strong></span> <span class='ocrx_word' id='word_1_32' title='bbox 753 583 807 644; x_wconf 85' lang='lat' dir='ltr'><strong>luit</strong></span> <span class='ocrx_word' id='word_1_33' title='bbox 818 583 922 664; x_wconf 78' lang='lat' dir='ltr'><strong>Arrius</strong></span> <span class='ocrx_word' id='word_1_34' title='bbox 933 585 1043 660; x_wconf 86' lang='lat' dir='ltr'><strong>Varus,</strong></span> <span class='ocrx_word' id='word_1_35' title='bbox 1057 593 1191 647; x_wconf 82' lang='lat' dir='ltr'><strong>strennus</strong></span> <span class='ocrx_word' id='word_1_36' title='bbox 1220 600 1258 674; x_wconf 66' lang='lat' dir='ltr'><strong>al</strong></span> 
     </span>
    </p>
   </div>
   <div class='ocr_carea' id='block_1_3' title="bbox 68 667 1260 3528">
    <p class='ocr_par' dir='ltr' id='par_1_3' title="bbox 183 667 1258 832">
     <span class='ocr_line' id='line_1_6' title="bbox 184 667 1258 748; baseline -0.006 -16"><span class='ocrx_word' id='word_1_37' title='bbox 184 671 281 746; x_wconf 83' lang='lat' dir='ltr'><strong>bello,</strong></span> <span class='ocrx_word' id='word_1_38' title='bbox 297 686 381 747; x_wconf 89' lang='lat' dir='ltr'><strong>qnam</strong></span> <span class='ocrx_word' id='word_1_39' title='bbox 393 668 516 747; x_wconf 69' lang='lat' dir='ltr'><strong>gloriam</strong></span> <span class='ocrx_word' id='word_1_40' title='bbox 530 670 558 729; x_wconf 88' lang='lat' dir='ltr'><strong>ei</strong></span> <span class='ocrx_word' id='word_1_41' title='bbox 570 669 629 730; x_wconf 83' lang='lat' dir='ltr'><strong>dux</strong></span> <span class='ocrx_word' id='word_1_42' title='bbox 640 667 770 730; x_wconf 84' lang='lat' dir='ltr'><strong>Corbulo</strong></span> <span class='ocrx_word' id='word_1_43' title='bbox 786 676 816 727; x_wconf 88' lang='lat' dir='ltr'><strong>et</strong></span> <span class='ocrx_word' id='word_1_44' title='bbox 831 685 996 748; x_wconf 76' lang='lat' dir='ltr'>prosperae</span> <span class='ocrx_word' id='word_1_45' title='bbox 1012 669 1042 728; x_wconf 92' lang='lat' dir='ltr'><strong>in</strong></span> <span class='ocrx_word' id='word_1_46' title='bbox 1052 669 1193 732; x_wconf 78' lang='lat' dir='ltr'><strong>Armenia</strong></span> <span class='ocrx_word' id='word_1_47' title='bbox 1257 675 1258 726; x_wconf 59' lang='lat' dir='ltr'><strong>t</strong></span> 
     </span>
     <span class='ocr_line' id='line_1_7' title="bbox 183 727 1258 832; baseline 0 -16"><span class='ocrx_word' id='word_1_48' title='bbox 183 773 233 816; x_wconf 85' lang='lat' dir='ltr'><strong>res</strong></span> <span class='ocrx_word' id='word_1_49' title='bbox 243 753 422 815; x_wconf 80' lang='lat' dir='ltr'><strong>addiderant</strong></span> <span class='ocrx_word' id='word_1_50' title='bbox 461 753 538 814; x_wconf 84' lang='lat' dir='ltr'><strong>idam</strong></span> <span class='ocrx_word' id='word_1_51' title='bbox 555 755 679 814; x_wconf 86' lang='lat' dir='ltr'><strong>secretis</strong></span> <span class='ocrx_word' id='word_1_52' title='bbox 693 752 769 832; x_wconf 91' lang='lat' dir='ltr'><strong>apud</strong></span> <span class='ocrx_word' id='word_1_53' title='bbox 784 751 933 814; x_wconf 81' lang='lat' dir='ltr'><strong>Neronem</strong></span> <span class='ocrx_word' id='word_1_54' title='bbox 948 754 1138 814; x_wconf 76' lang='lat' dir='ltr'><strong>sermonibus</strong></span> <span class='ocrx_word' id='word_1_55' title='bbox 1154 756 1200 816; x_wconf 50' lang='lat' dir='ltr'><strong>lea</strong></span> <span class='ocrx_word' id='word_1_56' title='bbox 1257 727 1258 816; x_wconf 68' lang='lat' dir='ltr'><strong>l</strong></span> 
     </span>
    </p>

    <p class='ocr_par' dir='ltr' id='par_1_4' title="bbox 161 835 1259 1254">
     <span class='ocr_line' id='line_1_8' title="bbox 161 835 1193 916; baseline 0.006 -22"><span class='ocrx_word' id='word_1_57' title='bbox 161 839 305 901; x_wconf 75' lang='lat' dir='ltr'><strong>urebatur</strong></span> <span class='ocrx_word' id='word_1_58' title='bbox 322 837 497 900; x_wconf 77' lang='lat' dir='ltr'><strong>Corbulonis</strong></span> <span class='ocrx_word' id='word_1_59' title='bbox 520 837 640 898; x_wconf 75' lang='lat' dir='ltr'><strong>rimutes</strong></span> <span class='ocrx_word' id='word_1_60' title='bbox 668 837 849 906; x_wconf 75' lang='lat' dir='ltr'><strong>mlminatnsa</strong></span> <span class='ocrx_word' id='word_1_61' title='bbox 877 835 952 898; x_wconf 89' lang='lat' dir='ltr'><strong>node</strong></span> <span class='ocrx_word' id='word_1_62' title='bbox 979 837 1078 898; x_wconf 85' lang='lat' dir='ltr'><strong>inlami</strong></span> <span class='ocrx_word' id='word_1_63' title='bbox 1098 843 1193 916; x_wconf 79' lang='lat' dir='ltr'><strong>gratia</strong></span> 
     </span>
     <span class='ocr_line' id='line_1_9' title="bbox 184 921 1259 1008; baseline 0.002 -25"><span class='ocrx_word' id='word_1_64' title='bbox 184 925 305 1005; x_wconf 89' lang='lat' dir='ltr'><strong>primum</strong></span> <span class='ocrx_word' id='word_1_65' title='bbox 326 922 414 1001; x_wconf 91' lang='lat' dir='ltr'><strong>pilum</strong></span> <span class='ocrx_word' id='word_1_66' title='bbox 437 923 544 1001; x_wconf 83' lang='lat' dir='ltr'><strong>adepto</strong></span> <span class='ocrx_word' id='word_1_67' title='bbox 566 922 643 982; x_wconf 88' lang='lat' dir='ltr'><strong>lacta</strong></span> <span class='ocrx_word' id='word_1_68' title='bbox 662 921 699 982; x_wconf 89' lang='lat' dir='ltr'><strong>ad</strong></span> <span class='ocrx_word' id='word_1_69' title='bbox 718 937 861 1002; x_wconf 85' lang='lat' dir='ltr'><strong>praesens</strong></span> <span class='ocrx_word' id='word_1_70' title='bbox 881 921 958 982; x_wconf 89' lang='lat' dir='ltr'><strong>mala</strong></span> <span class='ocrx_word' id='word_1_71' title='bbox 981 930 1064 1000; x_wconf 86' lang='lat' dir='ltr'><strong>parta</strong></span> <span class='ocrx_word' id='word_1_72' title='bbox 1079 941 1153 984; x_wconf 85' lang='lat' dir='ltr'><strong>mox</strong></span> <span class='ocrx_word' id='word_1_73' title='bbox 1170 925 1195 984; x_wconf 91' lang='lat' dir='ltr'><strong>in</strong></span> <span class='ocrx_word' id='word_1_74' title='bbox 1258 934 1259 1008; x_wconf 69' lang='lat' dir='ltr'><strong>l</strong></span> 
     </span>
     <span class='ocr_line' id='line_1_10' title="bbox 184 1005 1259 1088; baseline 0.002 -21"><span class='ocrx_word' id='word_1_75' title='bbox 184 1007 343 1088; x_wconf 87' lang='lat' dir='ltr'><strong>perniciem</strong></span> <span class='ocrx_word' id='word_1_76' title='bbox 360 1015 488 1066; x_wconf 86' lang='lat' dir='ltr'><strong>vertare.</strong></span> <span class='ocrx_word' id='word_1_77' title='bbox 517 1005 570 1066; x_wconf 89' lang='lat' dir='ltr'><strong>sad</strong></span> <span class='ocrx_word' id='word_1_78' title='bbox 592 1006 702 1067; x_wconf 88' lang='lat' dir='ltr'><strong>Primus</strong></span> <span class='ocrx_word' id='word_1_79' title='bbox 725 1023 761 1066; x_wconf 86' lang='lat' dir='ltr'><strong>ac</strong></span> <span class='ocrx_word' id='word_1_80' title='bbox 774 1007 870 1066; x_wconf 90' lang='lat' dir='ltr'><strong>Varus</strong></span> <span class='ocrx_word' id='word_1_81' title='bbox 893 1014 1035 1084; x_wconf 88' lang='lat' dir='ltr'><strong>occupata</strong></span> <span class='ocrx_word' id='word_1_82' title='bbox 1055 1005 1195 1085; x_wconf 73' lang='lat' dir='ltr'><strong>Aquileia</strong></span> <span class='ocrx_word' id='word_1_83' title='bbox 1258 1009 1259 1016; x_wconf 74' lang='grc'>’</span> 
     </span>
     <span class='ocr_line' id='line_1_11' title="bbox 183 1088 1259 1170; baseline -0.003 -17"><span class='ocrx_word' id='word_1_84' title='bbox 183 1111 237 1169; x_wconf 90' lang='lat' dir='ltr'><strong>per</strong></span> <span class='ocrx_word' id='word_1_85' title='bbox 248 1092 380 1170; x_wconf 86' lang='lat' dir='ltr'><strong>proxima</strong></span> <span class='ocrx_word' id='word_1_86' title='bbox 398 1105 531 1166; x_wconf 85' lang='lat' dir='ltr'><strong>quaeque</strong></span> <span class='ocrx_word' id='word_1_87' title='bbox 544 1096 575 1148; x_wconf 88' lang='lat' dir='ltr'><strong>et</strong></span> <span class='ocrx_word' id='word_1_88' title='bbox 589 1089 733 1168; x_wconf 75' lang='lat' dir='ltr'><strong>Opitergii</strong></span> <span class='ocrx_word' id='word_1_89' title='bbox 747 1098 777 1149; x_wconf 87' lang='lat' dir='ltr'><strong>st</strong></span> <span class='ocrx_word' id='word_1_90' title='bbox 796 1088 886 1150; x_wconf 76' lang='lat' dir='ltr'><strong>attint</strong></span> <span class='ocrx_word' id='word_1_91' title='bbox 901 1090 987 1151; x_wconf 86' lang='lat' dir='ltr'><strong>laetis</strong></span> <span class='ocrx_word' id='word_1_92' title='bbox 998 1091 1101 1150; x_wconf 88' lang='lat' dir='ltr'><strong>animis</strong></span> <span class='ocrx_word' id='word_1_93' title='bbox 1117 1094 1195 1153; x_wconf 88' lang='lat' dir='ltr'><strong>acci·</strong></span> <span class='ocrx_word' id='word_1_94' title='bbox 1258 1099 1259 1104; x_wconf 76' lang='grc'>’</span> 
     </span>
     <span class='ocr_line' id='line_1_12' title="bbox 185 1171 1192 1254; baseline 0.001 -21"><span class='ocrx_word' id='word_1_95' title='bbox 185 1177 310 1254; x_wconf 88' lang='lat' dir='ltr'><strong>piuntnr.</strong></span> <span class='ocrx_word' id='word_1_96' title='bbox 341 1171 473 1233; x_wconf 88' lang='lat' dir='ltr'><strong>relictum</strong></span> <span class='ocrx_word' id='word_1_97' title='bbox 490 1171 581 1233; x_wconf 77' lang='lat' dir='ltr'><strong>attint</strong></span> <span class='ocrx_word' id='word_1_98' title='bbox 603 1172 776 1251; x_wconf 83' lang='lat' dir='ltr'><strong>praesidium</strong></span> <span class='ocrx_word' id='word_1_99' title='bbox 794 1173 936 1236; x_wconf 85' lang='lat' dir='ltr'><strong>adversus</strong></span> <span class='ocrx_word' id='word_1_100' title='bbox 954 1175 1061 1235; x_wconf 88' lang='lat' dir='ltr'><strong>classis</strong></span> <span class='ocrx_word' id='word_1_101' title='bbox 1076 1173 1192 1236; x_wconf 83' lang='lat' dir='ltr'><strong>Ravan-</strong></span> 
     </span>
    </p>

    <p class='ocr_par' dir='ltr' id='par_1_5' title="bbox 151 1255 1260 1676">
     <span class='ocr_line' id='line_1_13' title="bbox 151 1255 1188 1320; baseline 0.002 -4"><span class='ocrx_word' id='word_1_102' title='bbox 151 1258 259 1320; x_wconf 86' lang='lat' dir='ltr'><strong>ronatis</strong></span> <span class='ocrx_word' id='word_1_103' title='bbox 273 1265 400 1317; x_wconf 82' lang='lat' dir='ltr'><strong>conatus</strong></span> <span class='ocrx_word' id='word_1_104' title='bbox 420 1256 545 1320; x_wconf 89' lang='lat' dir='ltr'><strong>nondum</strong></span> <span class='ocrx_word' id='word_1_105' title='bbox 560 1255 727 1320; x_wconf 87' lang='lat' dir='ltr'><strong>deiectione</strong></span> <span class='ocrx_word' id='word_1_106' title='bbox 744 1258 806 1319; x_wconf 90' lang='lat' dir='ltr'><strong>eius</strong></span> <span class='ocrx_word' id='word_1_107' title='bbox 822 1257 926 1320; x_wconf 90' lang='lat' dir='ltr'><strong>andita.</strong></span> <span class='ocrx_word' id='word_1_108' title='bbox 959 1257 1026 1318; x_wconf 86' lang='lat' dir='ltr'><strong>inde</strong></span> <span class='ocrx_word' id='word_1_109' title='bbox 1044 1258 1188 1320; x_wconf 80' lang='lat' dir='ltr'><strong>Patavium</strong></span> 
     </span>
     <span class='ocr_line' id='line_1_14' title="bbox 184 1341 1188 1422; baseline -0.005 -17"><span class='ocrx_word' id='word_1_110' title='bbox 184 1352 214 1405; x_wconf 89' lang='lat' dir='ltr'><strong>et</strong></span> <span class='ocrx_word' id='word_1_111' title='bbox 233 1343 339 1403; x_wconf 79' lang='lat' dir='ltr'><strong>Ateste</strong></span> <span class='ocrx_word' id='word_1_112' title='bbox 354 1343 485 1422; x_wconf 87' lang='lat' dir='ltr'><strong>partibas</strong></span> <span class='ocrx_word' id='word_1_113' title='bbox 510 1343 678 1405; x_wconf 85' lang='lat' dir='ltr'><strong>adiunxere.</strong></span> <span class='ocrx_word' id='word_1_114' title='bbox 705 1341 767 1402; x_wconf 92' lang='lat' dir='ltr'><strong>illic</strong></span> <span class='ocrx_word' id='word_1_115' title='bbox 789 1342 937 1420; x_wconf 78' lang='lat' dir='ltr'><strong>cognitam</strong></span> <span class='ocrx_word' id='word_1_116' title='bbox 952 1343 1005 1402; x_wconf 90' lang='lat' dir='ltr'><strong>tris</strong></span> <span class='ocrx_word' id='word_1_117' title='bbox 1018 1342 1188 1404; x_wconf 88' lang='lat' dir='ltr'><strong>Vitellianas</strong></span> 
     </span>
     <span class='ocr_line' id='line_1_15' title="bbox 184 1423 1192 1505; baseline -0.003 -16"><span class='ocrx_word' id='word_1_118' title='bbox 184 1429 324 1490; x_wconf 88' lang='lat' dir='ltr'><strong>cobortes</strong></span> <span class='ocrx_word' id='word_1_119' title='bbox 347 1435 376 1488; x_wconf 92' lang='lat' dir='ltr'><strong>et</strong></span> <span class='ocrx_word' id='word_1_120' title='bbox 397 1427 487 1505; x_wconf 86' lang='lat' dir='ltr'><strong>alam,</strong></span> <span class='ocrx_word' id='word_1_121' title='bbox 510 1430 555 1488; x_wconf 91' lang='lat' dir='ltr'><strong>cui</strong></span> <span class='ocrx_word' id='word_1_122' title='bbox 576 1428 755 1488; x_wconf 78' lang='lat' dir='ltr'><strong>Sebosianae</strong></span> <span class='ocrx_word' id='word_1_123' title='bbox 776 1443 897 1502; x_wconf 84' lang='lat' dir='ltr'><strong>nomen,</strong></span> <span class='ocrx_word' id='word_1_124' title='bbox 919 1423 955 1486; x_wconf 90' lang='lat' dir='ltr'><strong>ad</strong></span> <span class='ocrx_word' id='word_1_125' title='bbox 968 1425 1077 1487; x_wconf 83' lang='lat' dir='ltr'><strong>Forum</strong></span> <span class='ocrx_word' id='word_1_126' title='bbox 1093 1426 1192 1488; x_wconf 78' lang='lat' dir='ltr'><strong>Alieni</strong></span> 
     </span>
     <span class='ocr_line' id='line_1_16' title="bbox 184 1509 1260 1594; baseline -0.002 -20"><span class='ocrx_word' id='word_1_127' title='bbox 184 1522 275 1594; x_wconf 88' lang='lat' dir='ltr'><strong>ponte</strong></span> <span class='ocrx_word' id='word_1_128' title='bbox 290 1514 388 1573; x_wconf 86' lang='lat' dir='ltr'><strong>iuncto</strong></span> <span class='ocrx_word' id='word_1_129' title='bbox 406 1511 586 1574; x_wconf 87' lang='lat' dir='ltr'><strong>consedisse.</strong></span> <span class='ocrx_word' id='word_1_130' title='bbox 627 1512 737 1591; x_wconf 89' lang='lat' dir='ltr'><strong>placuit</strong></span> <span class='ocrx_word' id='word_1_131' title='bbox 758 1511 877 1572; x_wconf 89' lang='lat' dir='ltr'><strong>occasio</strong></span> <span class='ocrx_word' id='word_1_132' title='bbox 894 1509 1049 1570; x_wconf 87' lang='lat' dir='ltr'><strong>invadendi</strong></span> <span class='ocrx_word' id='word_1_133' title='bbox 1066 1512 1191 1572; x_wconf 89' lang='lat' dir='ltr'><strong>incurio-</strong></span> <span class='ocrx_word' id='word_1_134' title='bbox 1259 1529 1260 1532; x_wconf 45' lang='lat'>¹</span> 
     </span>
     <span class='ocr_line' id='line_1_17' title="bbox 184 1594 1193 1676; baseline -0.002 -18"><span class='ocrx_word' id='word_1_135' title='bbox 184 1615 251 1666; x_wconf 77' lang='lat' dir='ltr'><strong>sos:</strong></span> <span class='ocrx_word' id='word_1_136' title='bbox 264 1614 328 1658; x_wconf 90' lang='lat' dir='ltr'><strong>nam</strong></span> <span class='ocrx_word' id='word_1_137' title='bbox 342 1595 371 1656; x_wconf 93' lang='lat' dir='ltr'><strong>id</strong></span> <span class='ocrx_word' id='word_1_138' title='bbox 383 1615 498 1676; x_wconf 89' lang='lat' dir='ltr'><strong>quoque</strong></span> <span class='ocrx_word' id='word_1_139' title='bbox 510 1595 702 1657; x_wconf 72' lang='lat' dir='ltr'><strong>nuntiabatur.</strong></span> <span class='ocrx_word' id='word_1_140' title='bbox 736 1595 802 1658; x_wconf 89' lang='lat' dir='ltr'><strong>luce</strong></span> <span class='ocrx_word' id='word_1_141' title='bbox 823 1596 914 1674; x_wconf 88' lang='lat' dir='ltr'><strong>prima</strong></span> <span class='ocrx_word' id='word_1_142' title='bbox 929 1595 1055 1654; x_wconf 88' lang='lat' dir='ltr'><strong>inermos</strong></span> <span class='ocrx_word' id='word_1_143' title='bbox 1078 1594 1193 1673; x_wconf 90' lang='lat' dir='ltr'><strong>pleros·</strong></span> 
     </span>
    </p>

    <p class='ocr_par' dir='ltr' id='par_1_6' title="bbox 150 1678 1195 1928">
     <span class='ocr_line' id='line_1_18' title="bbox 150 1678 1195 1760; baseline 0.001 -21"><span class='ocrx_word' id='word_1_144' title='bbox 150 1697 242 1760; x_wconf 81' lang='lat' dir='ltr'><strong>usqne</strong></span> <span class='ocrx_word' id='word_1_145' title='bbox 263 1697 453 1759; x_wconf 85' lang='lat' dir='ltr'><strong>oppressere.</strong></span> <span class='ocrx_word' id='word_1_146' title='bbox 500 1680 678 1758; x_wconf 85' lang='lat' dir='ltr'><strong>praedictum</strong></span> <span class='ocrx_word' id='word_1_147' title='bbox 705 1689 736 1740; x_wconf 90' lang='lat' dir='ltr'><strong>ut</strong></span> <span class='ocrx_word' id='word_1_148' title='bbox 758 1680 859 1758; x_wconf 83' lang='lat' dir='ltr'><strong>paucis</strong></span> <span class='ocrx_word' id='word_1_149' title='bbox 881 1678 1045 1738; x_wconf 89' lang='lat' dir='ltr'><strong>interiectis</strong></span> <span class='ocrx_word' id='word_1_150' title='bbox 1072 1688 1195 1740; x_wconf 85' lang='lat' dir='ltr'><strong>ceteros</strong></span> 
     </span>
     <span class='ocr_line' id='line_1_19' title="bbox 184 1763 1194 1844; baseline -0.001 -19"><span class='ocrx_word' id='word_1_151' title='bbox 184 1781 295 1844; x_wconf 85' lang='lat' dir='ltr'><strong>pavore</strong></span> <span class='ocrx_word' id='word_1_152' title='bbox 317 1763 352 1824; x_wconf 92' lang='lat' dir='ltr'><strong>ad</strong></span> <span class='ocrx_word' id='word_1_153' title='bbox 373 1763 535 1825; x_wconf 80' lang='lat' dir='ltr'><strong>mutandam</strong></span> <span class='ocrx_word' id='word_1_154' title='bbox 559 1764 644 1825; x_wconf 88' lang='lat' dir='ltr'><strong>iidem</strong></span> <span class='ocrx_word' id='word_1_155' title='bbox 667 1772 820 1841; x_wconf 75' lang='lat' dir='ltr'><strong>cogerent.</strong></span> <span class='ocrx_word' id='word_1_156' title='bbox 856 1771 886 1824; x_wconf 87' lang='lat' dir='ltr'><strong>et</strong></span> <span class='ocrx_word' id='word_1_157' title='bbox 905 1763 989 1822; x_wconf 88' lang='lat' dir='ltr'><strong>inere</strong></span> <span class='ocrx_word' id='word_1_158' title='bbox 1012 1764 1061 1841; x_wconf 91' lang='lat' dir='ltr'><strong>qui</strong></span> <span class='ocrx_word' id='word_1_159' title='bbox 1083 1781 1117 1824; x_wconf 86' lang='lat' dir='ltr'><strong>se</strong></span> <span class='ocrx_word' id='word_1_160' title='bbox 1136 1771 1194 1824; x_wconf 89' lang='lat' dir='ltr'><strong>sta-</strong></span> 
     </span>
     <span class='ocr_line' id='line_1_20' title="bbox 183 1846 1191 1928; baseline -0.001 -20"><span class='ocrx_word' id='word_1_161' title='bbox 183 1851 234 1909; x_wconf 91' lang='lat' dir='ltr'><strong>tim</strong></span> <span class='ocrx_word' id='word_1_162' title='bbox 250 1847 407 1909; x_wconf 88' lang='lat' dir='ltr'><strong>dederent:</strong></span> <span class='ocrx_word' id='word_1_163' title='bbox 424 1849 524 1927; x_wconf 84' lang='lat' dir='ltr'><strong>plures</strong></span> <span class='ocrx_word' id='word_1_164' title='bbox 539 1846 662 1927; x_wconf 89' lang='lat' dir='ltr'><strong>abrupto</strong></span> <span class='ocrx_word' id='word_1_165' title='bbox 680 1857 770 1928; x_wconf 84' lang='lat' dir='ltr'><strong>ponte</strong></span> <span class='ocrx_word' id='word_1_166' title='bbox 783 1849 899 1908; x_wconf 87' lang='lat' dir='ltr'><strong>instanti</strong></span> <span class='ocrx_word' id='word_1_167' title='bbox 912 1847 991 1907; x_wconf 89' lang='lat' dir='ltr'><strong>hosti</strong></span> <span class='ocrx_word' id='word_1_168' title='bbox 1004 1848 1077 1908; x_wconf 89' lang='lat' dir='ltr'><strong>viam</strong></span> <span class='ocrx_word' id='word_1_169' title='bbox 1093 1846 1191 1909; x_wconf 88' lang='lat' dir='ltr'><strong>abstu-</strong></span> 
     </span>
    </p>

    <p class='ocr_par' dir='ltr' id='par_1_7' title="bbox 68 1932 289 1993">
     <span class='ocr_line' id='line_1_21' title="bbox 68 1932 289 1993; baseline -0.014 0"><span class='ocrx_word' id='word_1_170' title='bbox 68 1959 71 1964; x_wconf 76' lang='lat'><em>,</em></span> <span class='ocrx_word' id='word_1_171' title='bbox 184 1932 289 1993; x_wconf 87' lang='lat' dir='ltr'><strong>lerunt.</strong></span> 
     </span>
    </p>

    <p class='ocr_par' dir='ltr' id='par_1_8' title="bbox 184 2013 1193 2347">
     <span class='ocr_line' id='line_1_22' title="bbox 247 2013 1192 2095; baseline 0 -19"><span class='ocrx_word' id='word_1_172' title='bbox 247 2017 276 2076; x_wconf 88' lang='grc'><strong>7.</strong></span> <span class='ocrx_word' id='word_1_173' title='bbox 299 2014 425 2094; x_wconf 76' lang='lat' dir='ltr'><strong>Vulgata</strong></span> <span class='ocrx_word' id='word_1_174' title='bbox 445 2016 585 2092; x_wconf 86' lang='lat' dir='ltr'><strong>victoria,</strong></span> <span class='ocrx_word' id='word_1_175' title='bbox 609 2024 678 2094; x_wconf 82' lang='lat' dir='ltr'><strong>post</strong></span> <span class='ocrx_word' id='word_1_176' title='bbox 698 2015 840 2095; x_wconf 89' lang='lat' dir='ltr'><strong>principia</strong></span> <span class='ocrx_word' id='word_1_177' title='bbox 862 2015 932 2076; x_wconf 89' lang='lat' dir='ltr'><strong>belli</strong></span> <span class='ocrx_word' id='word_1_178' title='bbox 948 2013 1106 2074; x_wconf 85' lang='lat' dir='ltr'><strong>secundum</strong></span> <span class='ocrx_word' id='word_1_179' title='bbox 1125 2013 1192 2076; x_wconf 82' lang='lat' dir='ltr'><strong>Fla·</strong></span> 
     </span>
     <span class='ocr_line' id='line_1_23' title="bbox 184 2097 1193 2178; baseline -0.001 -18"><span class='ocrx_word' id='word_1_180' title='bbox 184 2103 284 2162; x_wconf 87' lang='lat' dir='ltr'><strong>vianos</strong></span> <span class='ocrx_word' id='word_1_181' title='bbox 301 2100 367 2161; x_wconf 88' lang='lat' dir='ltr'><strong>data</strong></span> <span class='ocrx_word' id='word_1_182' title='bbox 382 2100 516 2178; x_wconf 74' lang='lat' dir='ltr'><strong>legiones</strong></span> <span class='ocrx_word' id='word_1_183' title='bbox 533 2101 655 2178; x_wconf 87' lang='lat' dir='ltr'><strong>septima</strong></span> <span class='ocrx_word' id='word_1_184' title='bbox 668 2097 824 2177; x_wconf 78' lang='lat' dir='ltr'><strong>Galbiana,</strong></span> <span class='ocrx_word' id='word_1_185' title='bbox 838 2100 925 2160; x_wconf 90' lang='lat' dir='ltr'><strong>tertia</strong></span> <span class='ocrx_word' id='word_1_186' title='bbox 937 2099 1057 2160; x_wconf 86' lang='lat' dir='ltr'><strong>decuma</strong></span> <span class='ocrx_word' id='word_1_187' title='bbox 1070 2098 1193 2160; x_wconf 82' lang='lat' dir='ltr'><strong>Gemina</strong></span> 
     </span>
     <span class='ocr_line' id='line_1_24' title="bbox 185 2181 1191 2263; baseline -0.002 -17"><span class='ocrx_word' id='word_1_188' title='bbox 185 2203 249 2246; x_wconf 88' lang='lat' dir='ltr'><strong>cum</strong></span> <span class='ocrx_word' id='word_1_189' title='bbox 261 2184 357 2246; x_wconf 89' lang='lat' dir='ltr'><strong>Vedio</strong></span> <span class='ocrx_word' id='word_1_190' title='bbox 373 2183 478 2263; x_wconf 76' lang='lat' dir='ltr'><strong>Aquila</strong></span> <span class='ocrx_word' id='word_1_191' title='bbox 491 2183 591 2261; x_wconf 75' lang='lat' dir='ltr'><strong>legato</strong></span> <span class='ocrx_word' id='word_1_192' title='bbox 603 2183 750 2245; x_wconf 86' lang='lat' dir='ltr'><strong>Patavium</strong></span> <span class='ocrx_word' id='word_1_193' title='bbox 764 2182 879 2244; x_wconf 83' lang='lat' dir='ltr'><strong>alacres</strong></span> <span class='ocrx_word' id='word_1_194' title='bbox 895 2183 1022 2244; x_wconf 86' lang='lat' dir='ltr'><strong>veniunt.</strong></span> <span class='ocrx_word' id='word_1_195' title='bbox 1052 2181 1092 2242; x_wconf 93' lang='lat' dir='ltr'><strong>ibi</strong></span> <span class='ocrx_word' id='word_1_196' title='bbox 1105 2185 1191 2262; x_wconf 92' lang='lat' dir='ltr'><strong>pauci</strong></span> 
     </span>
     <span class='ocr_line' id='line_1_25' title="bbox 184 2266 1191 2347; baseline -0.003 -18"><span class='ocrx_word' id='word_1_197' title='bbox 184 2268 247 2329; x_wconf 88' lang='lat' dir='ltr'><strong>dies</strong></span> <span class='ocrx_word' id='word_1_198' title='bbox 262 2269 298 2329; x_wconf 90' lang='lat' dir='ltr'><strong>ad</strong></span> <span class='ocrx_word' id='word_1_199' title='bbox 314 2269 443 2344; x_wconf 89' lang='lat' dir='ltr'><strong>requiem</strong></span> <span class='ocrx_word' id='word_1_200' title='bbox 459 2269 577 2347; x_wconf 86' lang='lat' dir='ltr'><strong>sumpti,</strong></span> <span class='ocrx_word' id='word_1_201' title='bbox 593 2276 622 2328; x_wconf 87' lang='lat' dir='ltr'><strong>et</strong></span> <span class='ocrx_word' id='word_1_202' title='bbox 634 2266 775 2327; x_wconf 84' lang='lat' dir='ltr'><strong>llinuoins</strong></span> <span class='ocrx_word' id='word_1_203' title='bbox 791 2266 885 2328; x_wconf 89' lang='lat' dir='ltr'><strong>lustus</strong></span> <span class='ocrx_word' id='word_1_204' title='bbox 897 2266 1065 2346; x_wconf 87' lang='lat' dir='ltr'><strong>praelectus</strong></span> <span class='ocrx_word' id='word_1_205' title='bbox 1078 2275 1191 2328; x_wconf 88' lang='lat' dir='ltr'><strong>castro·</strong></span> 
     </span>
    </p>

    <p class='ocr_par' dir='ltr' id='par_1_9' title="bbox 161 2350 1191 2766">
     <span class='ocr_line' id='line_1_26' title="bbox 161 2350 1189 2430; baseline -0.003 -17"><span class='ocrx_word' id='word_1_206' title='bbox 161 2371 245 2414; x_wconf 83' lang='lat' dir='ltr'><strong>arum</strong></span> <span class='ocrx_word' id='word_1_207' title='bbox 260 2352 387 2429; x_wconf 80' lang='lat' dir='ltr'><strong>legionis</strong></span> <span class='ocrx_word' id='word_1_208' title='bbox 409 2352 566 2430; x_wconf 78' lang='lat' dir='ltr'><strong>septimae,</strong></span> <span class='ocrx_word' id='word_1_209' title='bbox 590 2352 656 2430; x_wconf 91' lang='lat' dir='ltr'><strong>qnia</strong></span> <span class='ocrx_word' id='word_1_210' title='bbox 677 2350 828 2412; x_wconf 87' lang='lat' dir='ltr'><strong>adductius</strong></span> <span class='ocrx_word' id='word_1_211' title='bbox 849 2369 933 2430; x_wconf 82' lang='lat' dir='ltr'><strong>qnam</strong></span> <span class='ocrx_word' id='word_1_212' title='bbox 949 2350 1026 2411; x_wconf 85' lang='lat' dir='ltr'><strong>cirili</strong></span> <span class='ocrx_word' id='word_1_213' title='bbox 1043 2350 1126 2412; x_wconf 89' lang='lat' dir='ltr'><strong>bello</strong></span> <span class='ocrx_word' id='word_1_214' title='bbox 1140 2353 1189 2410; x_wconf 90' lang='lat' dir='ltr'><strong>im·</strong></span> 
     </span>
     <span class='ocr_line' id='line_1_27' title="bbox 185 2434 1190 2515; baseline -0.002 -18"><span class='ocrx_word' id='word_1_215' title='bbox 185 2435 347 2515; x_wconf 71' lang='lat' dir='ltr'><strong>perstabat,</strong></span> <span class='ocrx_word' id='word_1_216' title='bbox 377 2434 540 2496; x_wconf 87' lang='lat' dir='ltr'><strong>subtractus</strong></span> <span class='ocrx_word' id='word_1_217' title='bbox 563 2435 681 2496; x_wconf 88' lang='lat' dir='ltr'><strong>militurn</strong></span> <span class='ocrx_word' id='word_1_218' title='bbox 704 2435 765 2496; x_wconf 85' lang='lat' dir='ltr'><strong>irae</strong></span> <span class='ocrx_word' id='word_1_219' title='bbox 794 2435 831 2496; x_wconf 86' lang='lat' dir='ltr'><strong>ad</strong></span> <span class='ocrx_word' id='word_1_220' title='bbox 852 2437 1065 2514; x_wconf 83' lang='lat' dir='ltr'><strong>Vespasianum</strong></span> <span class='ocrx_word' id='word_1_221' title='bbox 1086 2436 1190 2496; x_wconf 88' lang='lat' dir='ltr'><strong>missus</strong></span> 
     </span>
     <span class='ocr_line' id='line_1_28' title="bbox 184 2519 1191 2598; baseline -0.001 -18"><span class='ocrx_word' id='word_1_222' title='bbox 184 2529 239 2581; x_wconf 87' lang='lat' dir='ltr'><strong>est.</strong></span> <span class='ocrx_word' id='word_1_223' title='bbox 275 2519 439 2580; x_wconf 86' lang='lat' dir='ltr'><strong>desiderata</strong></span> <span class='ocrx_word' id='word_1_224' title='bbox 461 2519 508 2578; x_wconf 94' lang='lat' dir='ltr'><strong>diu</strong></span> <span class='ocrx_word' id='word_1_225' title='bbox 531 2537 580 2579; x_wconf 88' lang='lat' dir='ltr'><strong>res</strong></span> <span class='ocrx_word' id='word_1_226' title='bbox 605 2520 845 2597; x_wconf 85' lang='lat' dir='ltr'><strong>interpretatione</strong></span> <span class='ocrx_word' id='word_1_227' title='bbox 871 2519 1025 2598; x_wconf 79' lang='lat' dir='ltr'><strong>gloriaque</strong></span> <span class='ocrx_word' id='word_1_228' title='bbox 1045 2519 1079 2580; x_wconf 83' lang='lat' dir='ltr'><strong>t‘a</strong></span> <span class='ocrx_word' id='word_1_229' title='bbox 1099 2521 1191 2580; x_wconf 89' lang='lat' dir='ltr'><strong>maius</strong></span> 
     </span>
     <span class='ocr_line' id='line_1_29' title="bbox 185 2602 1190 2766; baseline -0.001 -19"><span class='ocrx_word' id='word_1_230' title='bbox 185 2613 343 2748; x_wconf 64' lang='lat' dir='ltr'><strong>:little</strong></span> <span class='ocrx_word' id='word_1_231' title='bbox 362 2611 539 2748; x_wconf 63' lang='lat' dir='ltr'><strong>rilint</strong></span> <span class='ocrx_word' id='word_1_232' title='bbox 556 2602 835 2766; x_wconf 51' lang='lat' dir='ltr'><strong>illiniebat</strong></span> <span class='ocrx_word' id='word_1_233' title='bbox 855 2602 1190 2763; x_wconf 59' lang='lat' dir='ltr'><strong>ltilllalttltl</strong></span> 
     </span>
    </p>

    <p class='ocr_par' dir='ltr' id='par_1_10' title="bbox 151 2770 1192 2916">
     <span class='ocr_line' id='line_1_30' title="bbox 151 2770 1192 2852; baseline 0.004 -26"><span class='ocrx_word' id='word_1_234' title='bbox 151 2785 283 2832; x_wconf 80' lang='lat' dir='ltr'><strong>locorum</strong></span> <span class='ocrx_word' id='word_1_235' title='bbox 299 2788 354 2850; x_wconf 91' lang='lat' dir='ltr'><strong>pro</strong></span> <span class='ocrx_word' id='word_1_236' title='bbox 373 2789 460 2832; x_wconf 91' lang='lat' dir='ltr'><strong>cansa</strong></span> <span class='ocrx_word' id='word_1_237' title='bbox 475 2780 571 2848; x_wconf 88' lang='lat' dir='ltr'><strong>ratus,</strong></span> <span class='ocrx_word' id='word_1_238' title='bbox 586 2773 610 2831; x_wconf 92' lang='lat' dir='ltr'><strong>si</strong></span> <span class='ocrx_word' id='word_1_239' title='bbox 625 2771 744 2852; x_wconf 88' lang='lat' dir='ltr'><strong>placare</strong></span> <span class='ocrx_word' id='word_1_240' title='bbox 757 2770 868 2834; x_wconf 79' lang='lat' dir='ltr'><strong>Galbae</strong></span> <span class='ocrx_word' id='word_1_241' title='bbox 884 2774 1110 2852; x_wconf 84' lang='lat' dir='ltr'><strong>principatuset</strong></span> <span class='ocrx_word' id='word_1_242' title='bbox 1125 2789 1192 2852; x_wconf 90' lang='lat' dir='ltr'><strong>par·</strong></span> 
     </span>
     <span class='ocr_line' id='line_1_31' title="bbox 184 2855 643 2916; baseline -0.004 0"><span class='ocrx_word' id='word_1_243' title='bbox 184 2864 229 2916; x_wconf 92' lang='lat' dir='ltr'><strong>tes</strong></span> <span class='ocrx_word' id='word_1_244' title='bbox 244 2857 428 2916; x_wconf 78' lang='lat' dir='ltr'><strong>revirescere</strong></span> <span class='ocrx_word' id='word_1_245' title='bbox 446 2855 643 2916; x_wconf 78' lang='lat' dir='ltr'><strong>crederentur.</strong></span> 
     </span>
    </p>

    <p class='ocr_par' dir='ltr' id='par_1_11' title="bbox 184 2938 1194 3273">
     <span class='ocr_line' id='line_1_32' title="bbox 248 2938 1194 3020; baseline -0.002 -18"><span class='ocrx_word' id='word_1_246' title='bbox 248 2939 277 3002; x_wconf 88' lang='lat'><strong>8.</strong></span> <span class='ocrx_word' id='word_1_247' title='bbox 301 2939 470 3014; x_wconf 84' lang='lat' dir='ltr'><strong>Quaesitum</strong></span> <span class='ocrx_word' id='word_1_248' title='bbox 490 2939 554 3000; x_wconf 89' lang='lat' dir='ltr'><strong>inde</strong></span> <span class='ocrx_word' id='word_1_249' title='bbox 576 2957 651 3020; x_wconf 89' lang='lat' dir='ltr'><strong>quae</strong></span> <span class='ocrx_word' id='word_1_250' title='bbox 671 2938 759 3000; x_wconf 87' lang='lat' dir='ltr'><strong>sedes</strong></span> <span class='ocrx_word' id='word_1_251' title='bbox 774 2939 853 3002; x_wconf 87' lang='lat' dir='ltr'><strong>bello</strong></span> <span class='ocrx_word' id='word_1_252' title='bbox 869 2941 1029 3020; x_wconf 82' lang='lat' dir='ltr'><strong>legeretur.</strong></span> <span class='ocrx_word' id='word_1_253' title='bbox 1071 2942 1194 3001; x_wconf 90' lang='lat' dir='ltr'><strong>Verona</strong></span> 
     </span>
     <span class='ocr_line' id='line_1_33' title="bbox 184 3024 1194 3105; baseline 0.001 -22"><span class='ocrx_word' id='word_1_254' title='bbox 184 3024 374 3105; x_wconf 77' lang='lat' dir='ltr'><strong>polimnian,</strong></span> <span class='ocrx_word' id='word_1_255' title='bbox 390 3024 553 3101; x_wconf 85' lang='lat' dir='ltr'><strong>patentibus</strong></span> <span class='ocrx_word' id='word_1_256' title='bbox 570 3025 678 3085; x_wconf 89' lang='lat' dir='ltr'><strong>circum</strong></span> <span class='ocrx_word' id='word_1_257' title='bbox 693 3025 803 3105; x_wconf 87' lang='lat' dir='ltr'><strong>campis</strong></span> <span class='ocrx_word' id='word_1_258' title='bbox 815 3025 852 3087; x_wconf 95' lang='lat' dir='ltr'><strong>ad</strong></span> <span class='ocrx_word' id='word_1_259' title='bbox 869 3043 995 3104; x_wconf 80' lang='lat' dir='ltr'><strong>pugnam</strong></span> <span class='ocrx_word' id='word_1_260' title='bbox 1011 3033 1194 3104; x_wconf 83' lang='lat' dir='ltr'><strong>equestrem,</strong></span> 
     </span>
     <span class='ocr_line' id='line_1_34' title="bbox 185 3107 1194 3190; baseline 0.002 -22"><span class='ocrx_word' id='word_1_261' title='bbox 185 3127 241 3190; x_wconf 90' lang='lat' dir='ltr'><strong>qua</strong></span> <span class='ocrx_word' id='word_1_262' title='bbox 262 3107 484 3189; x_wconf 87' lang='lat' dir='ltr'><strong>praevalebant:</strong></span> <span class='ocrx_word' id='word_1_263' title='bbox 501 3108 585 3168; x_wconf 87' lang='lat' dir='ltr'><strong>simul</strong></span> <span class='ocrx_word' id='word_1_264' title='bbox 601 3109 745 3170; x_wconf 91' lang='lat' dir='ltr'><strong>coloniam</strong></span> <span class='ocrx_word' id='word_1_265' title='bbox 758 3110 851 3188; x_wconf 91' lang='lat' dir='ltr'><strong>copiis</strong></span> <span class='ocrx_word' id='word_1_266' title='bbox 866 3109 991 3170; x_wconf 85' lang='lat' dir='ltr'><strong>validam</strong></span> <span class='ocrx_word' id='word_1_267' title='bbox 1009 3109 1127 3170; x_wconf 83' lang='lat' dir='ltr'><strong>auferre</strong></span> <span class='ocrx_word' id='word_1_268' title='bbox 1141 3111 1194 3170; x_wconf 93' lang='lat' dir='ltr'><strong>Vi·</strong></span> 
     </span>
     <span class='ocr_line' id='line_1_35' title="bbox 185 3192 1193 3273; baseline -0.002 -20"><span class='ocrx_word' id='word_1_269' title='bbox 185 3193 265 3254; x_wconf 91' lang='lat' dir='ltr'><strong>tellio</strong></span> <span class='ocrx_word' id='word_1_270' title='bbox 282 3194 311 3252; x_wconf 86' lang='lat' dir='ltr'><strong>in</strong></span> <span class='ocrx_word' id='word_1_271' title='bbox 325 3208 386 3252; x_wconf 88' lang='lat' dir='ltr'><strong>ram</strong></span> <span class='ocrx_word' id='word_1_272' title='bbox 397 3192 560 3272; x_wconf 83' lang='lat' dir='ltr'><strong>lanamque</strong></span> <span class='ocrx_word' id='word_1_273' title='bbox 573 3192 734 3256; x_wconf 87' lang='lat' dir='ltr'><strong>videbatur.</strong></span> <span class='ocrx_word' id='word_1_274' title='bbox 764 3211 903 3273; x_wconf 85' lang='lat' dir='ltr'><strong>possessa</strong></span> <span class='ocrx_word' id='word_1_275' title='bbox 921 3195 986 3273; x_wconf 88' lang='lat' dir='ltr'><strong>ipso</strong></span> <span class='ocrx_word' id='word_1_276' title='bbox 1002 3195 1124 3254; x_wconf 88' lang='lat' dir='ltr'><strong>transitu</strong></span> <span class='ocrx_word' id='word_1_277' title='bbox 1141 3193 1193 3252; x_wconf 94' lang='lat' dir='ltr'><strong>Vi·</strong></span> 
     </span>
    </p>

    <p class='ocr_par' dir='ltr' id='par_1_12' title="bbox 164 3276 1192 3528">
     <span class='ocr_line' id='line_1_36' title="bbox 164 3276 1192 3358; baseline 0 -22"><span class='ocrx_word' id='word_1_278' title='bbox 164 3279 274 3345; x_wconf 74' lang='lat' dir='ltr'><strong>scena:</strong></span> <span class='ocrx_word' id='word_1_279' title='bbox 292 3276 369 3354; x_wconf 91' lang='lat' dir='ltr'><strong>qnod</strong></span> <span class='ocrx_word' id='word_1_280' title='bbox 385 3294 438 3355; x_wconf 90' lang='lat' dir='ltr'><strong>par</strong></span> <span class='ocrx_word' id='word_1_281' title='bbox 455 3295 488 3336; x_wconf 87' lang='lat' dir='ltr'><strong>sc</strong></span> <span class='ocrx_word' id='word_1_282' title='bbox 504 3296 621 3356; x_wconf 85' lang='lat' dir='ltr'><strong>parvum</strong></span> <span class='ocrx_word' id='word_1_283' title='bbox 636 3280 760 3358; x_wconf 85' lang='lat' dir='ltr'><strong>(etenim</strong></span> <span class='ocrx_word' id='word_1_284' title='bbox 777 3277 908 3338; x_wconf 88' lang='lat' dir='ltr'><strong>modicae</strong></span> <span class='ocrx_word' id='word_1_285' title='bbox 922 3277 1077 3356; x_wconf 88' lang='lat' dir='ltr'><strong>municipio</strong></span> <span class='ocrx_word' id='word_1_286' title='bbox 1095 3277 1192 3355; x_wconf 77' lang='lat' dir='ltr'><strong>vires)</strong></span> 
     </span>
     <span class='ocr_line' id='line_1_37' title="bbox 186 3358 1189 3441; baseline 0.001 -24"><span class='ocrx_word' id='word_1_287' title='bbox 186 3362 282 3436; x_wconf 75' lang='lat' dir='ltr'><strong>magni</strong></span> <span class='ocrx_word' id='word_1_288' title='bbox 301 3363 436 3422; x_wconf 90' lang='lat' dir='ltr'><strong>momenti</strong></span> <span class='ocrx_word' id='word_1_289' title='bbox 458 3362 555 3423; x_wconf 87' lang='lat' dir='ltr'><strong>locam</strong></span> <span class='ocrx_word' id='word_1_290' title='bbox 580 3362 702 3422; x_wconf 87' lang='lat' dir='ltr'><strong>obtinuit</strong></span> <span class='ocrx_word' id='word_1_291' title='bbox 724 3362 925 3441; x_wconf 86' lang='lat' dir='ltr'><strong>reputantibus</strong></span> <span class='ocrx_word' id='word_1_292' title='bbox 946 3362 1009 3425; x_wconf 89' lang='lat' dir='ltr'><strong>illio</strong></span> <span class='ocrx_word' id='word_1_293' title='bbox 1032 3358 1189 3421; x_wconf 78' lang='lat' dir='ltr'><strong>Caecinam</strong></span> 
     </span>
     <span class='ocr_line' id='line_1_38' title="bbox 188 3442 1187 3528; baseline 0.001 -29"><span class='ocrx_word' id='word_1_294' title='bbox 188 3445 314 3515; x_wconf 72' lang='lat' dir='ltr'><strong>genitum</strong></span> <span class='ocrx_word' id='word_1_295' title='bbox 335 3454 364 3502; x_wconf 90' lang='lat' dir='ltr'><strong>et</strong></span> <span class='ocrx_word' id='word_1_296' title='bbox 387 3446 508 3521; x_wconf 88' lang='lat' dir='ltr'><strong>patriam</strong></span> <span class='ocrx_word' id='word_1_297' title='bbox 524 3446 649 3506; x_wconf 87' lang='lat' dir='ltr'><strong>bostium</strong></span> <span class='ocrx_word' id='word_1_298' title='bbox 669 3445 734 3506; x_wconf 93' lang='lat' dir='ltr'><strong>duci</strong></span> <span class='ocrx_word' id='word_1_299' title='bbox 749 3455 890 3525; x_wconf 89' lang='lat' dir='ltr'><strong>ereptam.</strong></span> <span class='ocrx_word' id='word_1_300' title='bbox 907 3449 951 3528; x_wconf 93' lang='lat' dir='ltr'><strong>in</strong></span> <span class='ocrx_word' id='word_1_301' title='bbox 967 3442 1187 3507; x_wconf 88' lang='lat' dir='ltr'><strong>Veronensibus</strong></span> 
     </span>
    </p>
   </div>
   <div class='ocr_carea' id='block_1_4' title="bbox 0 0 1288 3870">
    <p class='ocr_par' dir='ltr' id='par_1_13' title="bbox 0 0 1288 3870">
     <span class='ocr_line' id='line_1_39' title="bbox 0 0 1288 3870; baseline 0 0"><span class='ocrx_word' id='word_1_302' title='bbox 0 0 1288 3870; x_wconf 95' lang='lat' dir='ltr'><strong> </strong></span> 
     </span>
    </p>
   </div>
  </div>
 </body>
</html>
