2596 3872
428 151 532 199 urnae
554 153 611 201 xv.
632 153 707 200 cae.
731 151 853 206 tat-tr.
1075 145 1139 206 299

139 324 232 385 quere
247 305 473 387 prohibentium,
497 315 527 366 et
542 307 607 386 quia
623 307 672 366 alii
687 307 781 386 palam
797 308 879 370 iaces
894 309 1037 372 iaciebant
1051 321 1173 390 atquem

139 410 207 452 esse
228 390 283 451 eibi
306 400 454 450 auctorem
473 390 722 469 vociferabantur,
749 394 811 452 aive
835 403 865 452 ut
883 402 983 474 raptus
1004 395 1137 454 licentius

137 483 313 536 exercerent
327 493 379 534 seu
393 476 482 536 iuaau.

200 559 252 622 39.
272 558 358 620 Εοῑη
379 569 512 638 tempore
530 557 610 619 Nero
627 558 706 619 Antii
726 578 817 638 agene
835 578 893 622 non
907 570 973 622 ante
990 563 1018 622 in
1036 562 1135 622 urbem
1156 587 1263 606 -ν

137 661 295 721 reqreeem
311 651 357 703 eat
375 660 458 722 quam
475 643 571 703 domui
589 644 666 720 etas,
690 661 744 722 qua
760 644 899 706 Palatium
916 656 945 705 et
957 645 1136 708 Maecenatis

137 731 241 789 laortoa
262 728 494 805 continuaverat,
516 728 591 804 ignia
606 727 823 806 propinquaret.
855 743 950 808 neque
965 738 1059 790 tamen
1074 733 1136 790 sinti

137 813 246 892 potuit,
267 813 336 891 quin
360 820 390 872 et
407 811 544 874 Palatium
566 820 597 870 et
615 811 716 872 domus
738 819 767 872 et
788 821 889 874 cuncta
913 815 1021 873 circum
1041 814 1134 874 hauri·

135 906 245 958 rentur.
276 896 329 956 aed
347 896 488 956 solacium
510 895 620 974 populo
641 895 793 956 exturbata
809 915 845 956 ac
861 897 988 976 profugo
1004 915 1160 977 campumt

134 982 236 1044 liertie
253 999 289 1040 ac
301 985 486 1040 monumenta
503 977 670 1059 Agrippae,
687 979 789 1040 hortos
809 981 977 1060 quinetiam
998 999 1067 1042 auce
1086 1000 1134 1061 pa·

135 1066 238 1127 teieeit
262 1073 291 1124 et
311 1063 447 1124 subitaria
462 1063 594 1123 aedilicia
618 1065 770 1136 exemerit,
779 1081 854 1144 quae
873 1065 1079 1126 multitudinem
1094 1067 1135 1126 in-

134 1167 223 1229 opem
244 1148 427 1228 acclperent;
445 1147 646 1226 eubuectaque
666 1146 797 1208 utensilia
815 1148 851 1208 ab
867 1148 946 1208 Oaua
967 1158 997 1208 et
1015 1151 1134 1230 propiu-

135 1236 200 1314 quia
220 1231 397 1310 municipiis,
418 1235 598 1312 pretiumque
617 1233 751 1292 itumcrrti
766 1236 905 1293 minatum
920 1251 1011 1312 uaque
1027 1233 1062 1292 ed
1077 1243 1134 1294 ter·

135 1337 190 1380 uos
202 1333 344 1378 nummos.
373 1333 447 1395 quae
462 1327 632 1394 'quamquam
651 1317 802 1396 popularia
818 1319 970 1380 interitum
983 1316 1169 1394 catenantur

137 1405 202 1482 quia
222 1407 394 1482 permearat
410 1417 509 1462 mmor
531 1403 596 1480 ipeo
617 1408 749 1478 tempore
772 1401 920 1478 flagrantia
945 1401 1024 1460 urbia
1044 1401 1132 1460 initae

137 1498 201 1547 eum
223 1485 409 1547 domesticam
425 1499 566 1545 ‘scaenam
589 1491 618 1542 et
641 1484 785 1544 cecinieee
803 1484 957 1544 laetarum
979 1483 1133 1560 excidium,
1174 1551 1177 1568 ‚

135 1569 302 1652 praesentia
317 1569 391 1630 mela
406 1569 528 1628 vetantia
542 1567 673 1628 cladibus
688 1567 914 1628 adsimulantem.

197 1658 249 1717 to.
272 1655 363 1715 Sexto
378 1651 490 1712 demam
502 1651 552 1712 dic
569 1651 645 1730 apud
665 1651 736 1712 imas
752 1651 897 1732 Esquilias
912 1653 976 1713 fluis
997 1652 1133 1713 incendio

134 1741 246 1814 lectas,
263 1739 390 1816 prorutis
403 1755 459 1817 per
472 1739 630 1798 lamentam
643 1735 797 1814 aediliciis,
812 1744 844 1796 ut
858 1739 1011 1797 continuae
1023 1737 1133 1796 violen-

133 1826 192 1883 tiae
220 1839 340 1902 campus
361 1830 391 1882 et
416 1821 499 1880 relat
517 1839 637 1882 vacuam
664 1820 776 1883 caelum
797 1829 977 1882 occurreret.
1010 1820 1133 1880 necdum

136 1907 248 1986 poeitae
262 1914 372 1982 metue,
395 1913 425 1964 et
446 1905 532 1965 rediit
553 1903 622 1964 lreut
648 1904 742 1967 levius
758 1923 871 1966 aureum
885 1913 1037 1982 maneatur
1057 1903 1133 1980 ignia

136 1991 240 2069 patalia
254 1990 347 2066 magia
366 1988 443 2049 urbia
458 1989 543 2066 loeis,
558 2004 653 2067 eoque
668 1998 783 2066 strepet
797 1988 941 2048 hominum
957 1989 1066 2048 minor:
1083 1987 1157 2048 dee

135 2072 219 2133 lubra
237 2071 321 2134 deum
339 2081 370 2153 et
391 2072 521 2150 perticere
541 2072 708 2132 amoenitati
726 2073 840 2132 dicatae
860 2073 946 2132 latius
967 2071 1133 2151 procidere.

136 2157 261 2238 plusque
276 2156 409 2218 infamiae
422 2154 452 2214 id
467 2155 628 2216 meledium
645 2155 759 2230 hahuit,
777 2157 841 2232 quia
856 2155 984 2232 praediis
999 2155 1146 2232 Tigellini

135 2241 304 2303 Aemilianis
323 2248 512 2320 proruperat;
535 2237 743 2316 videbaturque
763 2238 843 2299 Nero
866 2238 1034 2298 condendae
1054 2237 1135 2296 urbia

134 2343 231 2387 novae
256 2334 286 2385 et
313 2331 507 2402 cognomento
533 2340 586 2383 auo
616 2320 808 2400 appellandae
830 2322 954 2400 gloriam
981 2338 1133 2401 quaerere.

133 2411 244 2489 quippe
271 2409 299 2468 in
324 2408 462 2485 regiones
484 2405 710 2485 quattuordecim
731 2406 824 2467 Roma
845 2405 992 2481 dividitur,
1016 2420 1170 2482 quarumeo

134 2500 269 2572 quattuor
280 2493 411 2568 integrae
423 2489 585 2565 manebant,
601 2497 662 2548 tree
677 2488 742 2548 solo
757 2498 840 2549 tenua
855 2489 1003 2551 deiectae:
1021 2497 1133 2567 septem

133 2576 254 2654 reliquis
263 2591 355 2653 pauca
370 2582 511 2634 tectorum
520 2573 643 2649 vestigia
655 2581 835 2651 supererant,
845 2572 943 2634 lacera
953 2582 983 2632 et
996 2580 1131 2632 semusta.

198 2662 250 2722 41.
270 2657 411 2719 Domuum
435 2666 465 2718 et
484 2655 641 2716 insularum
663 2665 693 2716 et
716 2657 905 2735 templorum,
932 2673 1007 2736 quae
1029 2657 1132 2716 emissa

132 2753 216 2819 aaut,
231 2759 378 2804 numerum
392 2742 466 2803 inire
481 2740 557 2802 haud
574 2747 737 2818 promptum
753 2740 856 2801 luerit:
871 2740 925 2802 aed
938 2741 1132 2801 vetustissime

133 2829 294 2905 religione,
311 2825 389 2906 quod
403 2826 523 2888 Servius
535 2823 645 2885 tultus
659 2823 773 2901 Lunae,
795 2832 825 2884 et
838 2842 941 2902 magna
959 2843 1009 2885 era
1024 2825 1132 2886 lanum·

132 2930 203 2990 que,
216 2929 291 2991 quae
303 2911 449 2988 praetenti
458 2908 575 2978 Herculi
587 2905 682 2968 Arcas
692 2905 829 2969 Evander
839 2917 1017 2984 accreverat,
1029 2907 1132 2969 aedes·

132 3014 189 3076 que
205 2995 329 3056 Statorio
344 2989 423 3054 ioris
440 3001 506 3054 rota
525 2991 649 3052 Romulo
664 2990 833 3071 Numaeque
847 2993 930 3070 regie
942 3000 971 3051 et
982 2989 1157 3052 delubrumt

132 3081 244 3140 Vestae
266 3097 328 3138 cum
350 3075 505 3137 Penatibus
520 3075 620 3156 populi
640 3074 761 3137 Romani
776 3085 893 3147 exuota3
917 3077 972 3136 iam
995 3091 1069 3154 opes
1089 3085 1132 3136 tot

132 3163 266 3224 victoriis
281 3161 430 3240 quaesitae
446 3169 476 3220 ct
491 3159 664 3222 Graecarum
679 3161 780 3220 artium
796 3159 920 3237 decora,
943 3159 1019 3218 exim
1031 3178 1130 3218 manu-

132 3257 228 3308 menta
246 3245 428 3324 ingeniorum
441 3251 556 3320 antequa
575 3249 605 3302 et
620 3242 798 3320 incorrupta,
814 3251 847 3304 ut
858 3243 988 3321 quamuis
1005 3244 1033 3303 in
1054 3253 1129 3302 tanta

133 3331 314 3408 resurgentia
335 3327 415 3390 urbia
443 3325 656 3408 pulchritudine
679 3327 765 3388 multa
788 3327 921 3388 seniorea
943 3325 1129 3403 meminerint,

133 3433 209 3495 quae
234 3413 365 3492 reparari
392 3409 557 3492 nequibant.
598 3411 680 3470 iuuere
707 3412 754 3488 qui
780 3410 950 3469 adnotarent
968 3404 1050 3468 Xllll
1064 3407 1168 3472 Kalaa
