2596 3872
160 161 223 224 232
423 172 917 222 couununrucrrrsuuuuruu

161 329 280 411 propria
301 336 331 388 et
355 329 490 409 parciore
510 346 620 389 mensa.
655 327 716 389 illic
737 327 872 407 epulante
896 328 1078 406 Britannico,
1101 329 1173 409 quiq

158 414 246 476 cibos
267 420 412 492 potusque
438 415 501 473 eius
523 412 653 474 delectus
670 431 708 473 ex
730 414 866 474 ministris
880 421 966 492 gustu
982 412 1168 493 explorabat,

134 517 197 560 sne
213 499 393 559 omitteretur
407 497 565 558 institutum
576 506 627 558 aut
642 497 792 578 utriusque
806 506 899 558 morte
913 497 1088 577 proderetur
1103 515 1168 558 see·

160 583 217 661 lus,
239 581 305 643 talis
322 581 407 642 dolus
423 592 559 662 repertus
576 590 630 643 est.
663 583 779 642 innoxia
796 581 889 642 adbuc
904 599 939 642 ac
953 581 1120 663 praecalida
1137 591 1168 641 ct

160 668 248 729 libata
261 675 349 744 gustu
362 668 444 746 potin
456 666 576 728 traditur
586 665 767 736 Britanniam
780 665 858 745 dein,
877 677 1030 746 postquam
1049 667 1170 727 fervore

161 750 387 831 aspernabatur,
411 752 518 829 frigida
540 753 567 810 in
582 769 657 831 aqua
677 750 840 812 adfunditur
854 769 1015 827 uenenum,
1037 751 1116 831 quod
1130 753 1169 811 ita
1281 819 1282 832 ,

162 845 284 898 cunctos
306 837 370 896 cius
392 845 471 897 artus
493 838 637 916 pervasit,
661 843 692 896 ut
708 852 769 897 vox
784 836 894 914 pariter
909 845 937 896 et
952 836 1070 915 spiritus
1084 854 1169 916 rape·

126 930 272 983 rorantur.
292 919 481 1000 trepidaturn
494 919 783 999 circumsedentibus,
799 918 950 998 diffugiunt
964 918 1169 1000 inprudentes:

160 1002 309 1084 atquibus
332 1003 418 1065 altior
440 1003 624 1083 intellectus,
637 1006 783 1066 ‘resistunt
805 1003 937 1065 deliniet
957 1003 1105 1066 Neronem
1128 1006 1169 1064 in·

160 1097 284 1150 tuentes.
314 1087 365 1148 ille
380 1098 410 1156 ut
426 1099 488 1150 erat
504 1088 623 1150 reclinis
639 1098 668 1149 et
681 1090 783 1150 nescio
802 1089 921 1167 similis,
943 1088 1057 1150 solitum
1073 1091 1113 1150 ita
1130 1089 1169 1148 ait

160 1191 215 1254 per
238 1172 412 1233 comitialem
434 1172 580 1250 morbum,
604 1191 662 1253 quo
679 1175 771 1252 prima
786 1171 822 1234 ab
841 1173 958 1236 infautia
972 1174 1168 1234 adflictaretur
1281 1213 1282 1252 ,

160 1255 353 1334 Britannicus,
370 1265 398 1316 et
412 1257 558 1318 redituros
576 1257 713 1336 paulatim
725 1258 805 1318 visus
818 1275 988 1338 sensusque.
1017 1267 1046 1318 at
1059 1257 1168 1337 Agrip·
1281 1255 1282 1268 ¹

54 1331 57 1336 ’
127 1342 247 1421 rapinae
262 1341 286 1399 is
310 1358 416 1421 pavor,
442 1359 477 1403 ea
497 1345 693 1404 consternatio
713 1343 834 1420 mentis,
856 1343 988 1423 quamvis
1003 1342 1084 1402 vultu
1100 1359 1168 1422 pre·

160 1433 302 1503 meretur,
318 1427 452 1503 emicuit,
472 1435 502 1486 ut
518 1426 641 1506 perinde
656 1429 787 1504 ignaram
803 1427 896 1488 fuisse
910 1435 1003 1507 atque
1018 1425 1168 1488 Octauiam

160 1525 292 1571 sororem
313 1508 471 1571 Britannici
493 1511 670 1574 constiterit:
694 1513 803 1591 quippe
824 1511 878 1572 sibi
903 1529 1066 1592 supremrun
1089 1513 1165 1571 auxi·
1281 1549 1282 1590 ,

159 1595 227 1654 lium
251 1603 384 1673 ereptum
401 1603 430 1654 et
455 1595 603 1675 parricidii
625 1595 791 1675 exemplum
811 1595 1012 1675 intellegebat.
1046 1594 1169 1657 Octavia
1281 1593 1282 1668 l

161 1694 292 1757 quoque,
315 1679 446 1756 quamvis
467 1678 586 1740 rudibus
605 1681 703 1757 annis,
728 1679 877 1758 dolorem,
894 1682 1059 1760 caritatem,
1075 1682 1168 1742 omnis

125 1781 149 1823 za
162 1761 294 1822 adiectus
315 1761 500 1823 abscondere
520 1762 671 1826 didicerat.
701 1767 741 1826 ita
764 1773 831 1843 post
850 1764 942 1826 breue
963 1765 1108 1826 silentium
1122 1783 1168 1826 re-

160 1847 250 1924 petita
265 1847 390 1905 convivii
405 1847 522 1908 laetitia.

224 1922 272 1988 17.
299 1928 366 1990 Nox
394 1932 495 1992 eadem
519 1950 621 1992 necem
645 1933 800 1995 Britannici
824 1943 853 1994 ot
881 1951 985 2014 rogum
1011 1932 1168 2014 coniunxit,

160 2013 280 2092 proviso
296 2022 362 2074 aute
376 2015 490 2076 funebri
508 2025 625 2096 paratu,
654 2018 703 2097 qui
720 2016 852 2078 modicus
866 2018 929 2080 fuit.
962 2023 991 2080 in
1007 2038 1110 2100 campo
1126 2028 1167 2081 ta·

159 2115 225 2158 meu
244 2097 345 2158 Martis
368 2099 499 2179 sepultus
522 2109 567 2160 est
587 2101 661 2161 adeo
682 2101 805 2164 turbidis
831 2102 984 2183 imbribus,
1010 2113 1041 2166 nt
1061 2104 1168 2183 vulgus

158 2184 229 2242 iram
245 2181 329 2242 deum
345 2184 480 2262 portendi
495 2184 652 2246 crediderit
666 2184 951 2267 aduerans‘lacinus,
971 2191 1017 2248 cni
1033 2188 1168 2270 plerique

134 2275 253 2327 stamen
268 2267 411 2328 hominum
433 2268 641 2347 ignoscebant,
666 2271 799 2350 antiquas
819 2272 939 2334 fratrum
961 2273 1123 2336 discordias
1138 2282 1168 2336 et
1281 2307 1282 2332 3

160 2351 333 2412 insociabile
350 2371 472 2430 regnum
484 2354 679 2415 aestimantes.
709 2354 824 2416 tradunt
836 2356 969 2438 plerique
981 2374 1081 2419 eorum
1095 2367 1165 2419 tenr-

159 2452 262 2513 porum
286 2438 463 2515 scriptores,
489 2438 601 2498 crebuis
622 2447 689 2498 aute
711 2440 828 2500 exitium
845 2440 948 2502 diebus
969 2442 1084 2504 illusum
1106 2442 1166 2504 isse
1281 2443 1282 2518 ζ

160 2521 304 2597 pueritiae
318 2520 475 2582 Britannici
491 2521 654 2600 Neronem,
681 2532 710 2583 ut
728 2524 783 2585 iam
798 2542 857 2586 uon
872 2537 1054 2604 praematura
1069 2545 1166 2609 neque
1213 2587 1217 2591 .

159 2620 248 2663 saeva
263 2605 451 2669 morsuideri
465 2615 561 2686 queat,
578 2608 708 2687 quamvis
719 2607 795 2669 inter
808 2627 891 2671 sacra
902 2629 1031 2689 mensae,
1047 2631 1085 2672 ne
1095 2621 1166 2673 tem·
1281 2669 1282 2672 ,

125 2703 232 2766 copore
249 2687 364 2767 quidem
380 2689 415 2750 ad
431 2690 614 2770 complexum
626 2708 760 2752 sororum
773 2692 852 2772 dato,
867 2705 933 2757 ante
945 2696 1048 2758 oculos
1059 2697 1167 2757 inimici
1281 2683 1282 2774 l

158 2781 317 2850 properata
333 2773 369 2833 sit
384 2774 412 2833 in
429 2774 508 2835 illum
524 2791 688 2854 supremum
704 2775 890 2840 Claudiorum
906 2783 1089 2859 sangninem,
1107 2790 1165 2842 stu·

159 2871 213 2932 pro
231 2856 310 2934 prius
326 2875 411 2935 quam
427 2876 541 2920 veneno
555 2859 705 2937 pollutum.
733 2863 949 2927 festinationem
964 2867 1166 2946 exsequiarum

159 2937 254 3000 edicto
280 2938 391 3001 Caesar
413 2941 557 3021 deiendit,
586 2945 625 3004 ita
656 2946 813 3008 maioribus
838 2948 994 3011 institutum
1022 2951 1165 3029 referens,

158 3022 330 3084 subtrahere
356 3026 450 3086 oculis
482 3027 589 3088 acerba
615 3027 716 3090 funera
743 3049 840 3111 neque
873 3034 1085 3095 laudationibus
1117 3045 1166 3096 aut
1281 3041 1282 3046 ’

123 3123 265 3188 rspompa
281 3106 422 3170 detinere.
454 3121 582 3173 ceterum
607 3121 637 3172 at
660 3114 715 3174 sibi
730 3118 837 3178 amisso
862 3117 960 3180 iratris
974 3118 1082 3180 auxilio
1098 3119 1165 3180 reli-

158 3209 229 3271 quas
250 3210 320 3272 spes
341 3193 370 3253 in
390 3213 423 3254 re
444 3195 562 3274 publica
578 3198 664 3274 sitas,
682 3208 710 3258 et
725 3209 803 3264 tanto
825 3202 918 3281 magis
939 3203 1094 3265 fovendum
1115 3222 1165 3284 pa·

156 3275 249 3336 tribus
270 3277 441 3358 populoque
465 3280 637 3360 principem,
658 3285 706 3362 qui
728 3303 800 3346 unus
823 3297 994 3367 supereset
1014 3307 1031 3349 e
1056 3288 1163 3350 familia

157 3374 295 3421 summum
314 3361 350 3422 ad
364 3363 510 3443 fastigium
526 3367 636 3444 genita.
1027 3377 1030 3382 '

212 3441 269 3504 48.
288 3444 383 3506 ‚Exim
409 3447 563 3527 largitione
594 3451 764 3531 potissimos
796 3455 953 3520 amicorum
984 3459 1070 3520 auxit.
1108 3473 1164 3520 nec
