2540 3874
158 151 199 216 78
419 162 909 214 coannuurnorrrannaurun

124 319 310 398 rapotenDae
326 317 473 404 explevi,
491 320 658 398 candurque
674 317 767 379 adhue
781 319 920 381 barbaras
945 321 1019 398 apud
1044 331 1162 400 gentes,

160 401 337 463 Graecorum
355 401 503 462 annalibus
518 403 649 478 ignotus,
667 405 714 482 qui
730 423 781 464 sua
795 413 902 466 tantum
923 405 1078 481 mirantur,
1102 406 1159 466 lio·

159 485 1165 564 mmmhmdmdmemmmm,mmummamwffimmrmm·

160 571 390 631 fimstmmmd

362 1063 697 1163 ooauuttt
728 1069 1002 1154 raorrr‘
1094 1049 1098 1058 '

407 1227 454 1293 AB
480 1223 631 1294 Excussit
657 1225 731 1294 lilii
757 1225 907 1294 AUGUSTI

466 1439 468 1444 .
550 1377 712 1443 LIBER
733 1378 797 1443 III.

582 1639 763 1650 ——-..--⁴

160 1846 372 1899 saevitatum
398 1845 458 1912 Cap.
474 1845 497 1898 1.
521 1847 665 1914 Agrippina
688 1864 745 1900 eum
768 1862 830 1903 urna
852 1847 925 1901 ferali
946 1862 1039 1914 magno
1060 1848 1164 1913 planetu

196 1916 291 1982 passim
308 1915 439 1980 excipitur.
475 1917 499 1966 2.
524 1916 650 1967 Funerum
672 1916 810 1968 sollemnia.
846 1915 973 1967 Primores
994 1915 1064 1966 urbis
1086 1917 1162 1968 obvii.

195 1985 220 2036 3.
238 1983 362 2044 Tiberius,
378 1985 498 2050 Angusta
511 1993 536 2052 et
549 1986 660 2037 Antonin
675 1987 776 2052 publico
794 1985 929 2036 abstinent.
957 1987 983 2036 4.
1001 1985 1100 2036 Maeror
1115 2001 1164 2052 pu-

198 2055 285 2104 blicus.
316 2053 341 2103 5.
357 2052 482 2116 Tiberius,
499 2069 591 2121 paraus
608 2057 679 2106 visus
696 2056 722 2104 in
739 2054 887 2105 honorando
901 2053 999 2117 limera,
1017 2053 1043 2106 6.
1059 2063 1164 2106 excusat

196 2138 224 2172 se
241 2131 266 2172 et
279 2122 402 2188 populum
417 2123 499 2190 erigit.
535 2125 559 2174 7.
581 2125 705 2174 lustitinm
727 2125 858 2174 omissum.
887 2122 985 2174 Drusus
1000 2123 1033 2174 ad
1050 2123 1165 2187 illyricos

196 2191 322 2242 exereitus
337 2191 395 2240 abit.
428 2191 454 2242 8.
471 2191 531 2244 Piso
548 2195 581 2243 ad
596 2194 719 2256 Drusum,
741 2193 766 2246 9.
784 2193 843 2242 inde
857 2193 963 2244 Romam
977 2191 1054 2242 alaeri
1069 2193 1163 2242 animo.

198 2261 238 2314 10.
254 2259 314 2310 Mox
331 2270 471 2311 accusatur.
487 2261 608 2329 Princeps
625 2278 728 2314 eausam
742 2263 775 2312 ad
790 2269 905 2312 senatum
920 2262 1031 2316 remittit.
1059 2261 1101 2314 11.
1114 2259 1164 2308 Pa·
1257 2299 1258 2320 .

197 2330 263 2381 troni
278 2344 320 2379 reo
337 2331 452 2392 quaesiti.
487 2331 528 2381 12.
548 2332 641 2381 Tiberii
657 2332 735 2382 oratio
751 2331 783 2381 ad
800 2339 910 2396 patrea..
934 2331 974 2382 13.
992 2331 1033 2381 14.
1051 2329 1163 2378 decusa·

196 2411 279 2457 torum
296 2399 493 2449 criminationem
509 2416 567 2450 rens
582 2401 648 2449 male
662 2400 742 2450 diluit.
772 2402 800 2449 ln
815 2415 872 2449 enm
887 2401 983 2450 indices
999 2399 1067 2448 haud
1079 2398 1163 2462 proni,
1257 2411 1258 2424 ³

195 2468 306 2536 populus
323 2467 517 2518 offensissimus.
554 2469 593 2519 15.
612 2470 732 2519 Plancina
751 2483 853 2518 oausam
870 2483 942 2519 suam
959 2467 1085 2518 dlssooiat.
1119 2465 1162 2512 Pi—
1257 2465 1258 2500 ἐ

196 2539 267 2589 sonis
281 2551 359 2597 mors,
379 2536 420 2588 16.
438 2537 541 2586 dubium
557 2553 589 2586 an
606 2538 686 2599 iussu,
701 2545 726 2587 et
740 2535 1038 2591 ad'liberium‘oodieilli.
1066 2531 1161 2584 1748,

195 2608 254 2656 Piso
279 2605 347 2656 filius
375 2605 528 2667 absolvitur,
554 2607 674 2656 Plancina
696 2606 828 2672 Augustae
853 2606 970 2674 precibus
996 2602 1163 2654 condonatur.

196 2675 338 2725 Sententias
355 2675 381 2722 in
396 2675 515 2725 Pisonem
531 2675 649 2741 princeps
668 2675 775 2741 mitigat.
805 2675 923 2726 Adulatio
940 2671 1082 2738 impudens.
1121 2670 1161 2721 ta.

196 2745 294 2794 Drusus
311 2753 377 2792 ovet.
409 2743 533 2808 Vipsania
550 2743 662 2794 moritur.
698 2744 741 2795 20.
758 2743 905 2794 Tacfarinas
924 2743 1014 2793 bellum
1033 2742 1060 2790 in
1075 2740 1163 2790 Airica

196 2819 308 2862 renovat.
340 2811 382 2863 21.
400 2813 429 2862 ld
444 2813 551 2878 Apronii
568 2813 701 2862 severitate
715 2813 873 2880 opprimitur.
897 2810 940 2863 222
960 2811 1056 2876 Lepide
1068 2825 1163 2876 suppo-

196 2881 239 2930 siti
253 2888 350 2946 partus,
362 2881 488 2942 adulterii,
501 2881 616 2931 veneficii
627 2891 751 2932 accusata.
771 2881 815 2935 23.
828 2882 929 2932 Tiberio
941 2881 1062 2946 perplexe
1072 2888 1164 2945 agente

196 2950 336 2999 damnatur.
363 2951 405 3002 24.
420 2949 520 3022 Silanus
535 2950 606 3000 exilii
616 2951 717 3001 veniam
728 2954 854 3017 impetrat.
883 2951 924 3001 25.
941 2951 996 3000 Lex
1005 2949 1084 3014 Papia
1095 2947 1162 3010 Pop-

196 3033 268 3083 paea.
295 3018 433 3069 Delatores.
463 3019 506 3071 26.
526 3019 655 3070 Excursus
672 3019 703 3068 de
716 3021 830 3086 legibus,
851 3033 915 3082 quae
936 3019 1007 3068 initio
1027 3030 1121 3084 panone
1138 3023 1163 3063 et

197 3086 334 3151 simplices,
351 3087 471 3153 paulatim
486 3089 577 3154 primo,
595 3088 637 3136 27.
656 3088 713 3137 dein
725 3089 751 3138 in
764 3089 1028 3143 immensumauotne.
1056 3085 1100 3139 28.
1115 3084 1164 3134 lla·
1256 3095 1257 3112 t

197 3170 251 3203 rum
270 3157 391 3206 eorrectio
410 3163 512 3210 tentata.
549 3157 590 3206 29.
616 3155 682 3205 Nero
701 3155 840 3212 Germanioi
859 3157 891 3206 ad
910 3155 1020 3217 honores
1033 3163 1165 3220 promotus

197 3224 285 3273 lnliam
297 3224 374 3285 dneit,
396 3223 472 3274 Drusi
483 3225 569 3274 tiliam.
597 3223 639 3275 30.
653 3225 752 3276 Volusii
763 3233 787 3275 et
800 3224 914 3275 Sallustii
924 3238 993 3274 mors
1006 3232 1031 3274 et
1042 3224 1164 3289 elogium.

195 3292 275 3340 Aulae
289 3293 402 3357 potentia
416 3293 502 3344 inilda.

247 3361 290 3410 31.
316 3361 430 3412 Tiberius
460 3373 484 3412 et
506 3363 604 3412 Drusus
625 3379 691 3414 coss.
715 3363 880 3413 ltreverentia
904 3363 1041 3411 iuventutis
1069 3369 1165 3410 notata.

195 3427 300 3478 Viarnm
316 3445 383 3479 eura.
410 3430 452 3482 32.
472 3429 619 3483 Tacfarinas
639 3433 721 3481 turbat
739 3430 838 3482 iterum.
868 3431 980 3496 Lepidus
1001 3430 1078 3478 Asiae
1104 3444 1166 3494 pro·
