2440 3886
158 179 194 240 tc
413 185 905 236 conuuuuuacturnuulnruu

155 344 277 406 mobiles
294 344 329 405 ad
346 344 580 422 superstitionem
594 341 748 421 perculsae
765 340 856 401 semel
877 350 1006 418 mentes,
1031 340 1089 404 sibi
1114 361 1169 404 ae-

120 440 266 491 rotemum
284 428 416 489 laborem
429 427 579 506 portendi,
596 443 647 486 sua
662 425 790 486 facinora
808 426 939 486 aversuri
957 426 1029 486 deos
1049 426 1169 488 lamen-

156 524 258 574 tantur.
292 512 427 573 utendum
442 513 627 571 inclinatione
642 527 677 570 eu
692 507 803 570 Caesar
819 518 849 570 et
870 527 946 588 quae
967 528 1051 571 casus
1076 512 1169 572 obtu-

156 600 229 658 lerat
244 598 272 657 in
293 597 462 677 sapientiam
485 595 626 655 vertenda
647 603 727 655 ratus
751 594 895 653 circumiri
915 596 1039 656 tentoria
1060 595 1168 665 iubet;

71 715 81 730 κ
156 684 266 744 accitur
282 682 413 742 centurio
428 678 564 740 Clemens
583 687 612 738 et
627 679 652 738 si
666 678 715 738 alii
731 677 816 738 bonis
833 678 942 738 artibus
962 680 1038 760 grati
1053 680 1083 740 in
1097 681 1166 740 vul·

155 785 219 845 qus.
242 764 274 824 bi
290 765 408 844 vigiliis,
424 763 613 840 stationibus,
632 761 770 823 custodiis
795 772 942 842 portarum
964 780 999 822 se
1017 764 1165 840 inserunt,

121 868 237 930 sospem
254 850 389 926 oderunt,
404 857 509 909 metum
524 847 679 910 intendunt.
708 847 879 926 ‘quousque
900 846 987 906 lilium
1002 847 1165 928 imperato-

155 937 194 995 ris
211 930 429 995 obsidebimus?
451 935 514 1012 quis
531 933 716 994 certaminum
736 929 823 992 iiuisi
847 932 1045 992 Percennione
1064 941 1096 992 et
1112 931 1164 990 vt-

156 1019 263 1080 buleno
280 1025 490 1079 sacramentum
507 1017 610 1078 dicturi
634 1013 754 1076 sumusi
785 1015 961 1076 Percennius
986 1025 1015 1076 et
1035 1017 1163 1078 Vibule-

154 1122 208 1164 nus
223 1101 366 1182 stipendia
389 1102 541 1178 militibus,
564 1119 652 1179 agros
673 1100 800 1162 emeritis
825 1097 1007 1177 largientur?
1032 1101 1162 1180 denique

155 1204 209 1268 pro
226 1185 390 1247 Neronibus
407 1195 436 1246 et
450 1186 553 1246 Drusis
568 1185 718 1264 imperium
732 1184 833 1264 populi
845 1184 965 1244 Romani
981 1182 1162 1264 capessent?

120 1297 147 1337 ιι
157 1273 224 1351 quin
240 1271 346 1350 potius,
366 1279 395 1330 ut
410 1271 561 1330 novissimi
576 1271 604 1328 in
618 1269 742 1348 culpam,
757 1270 795 1330 ita
810 1269 893 1350 primi
905 1268 941 1328 ad
954 1270 1161 1348 paenitentiam

157 1353 275 1417 sumus?
291 1355 371 1414 tarda
388 1364 453 1414 sunt
467 1355 582 1433 quaein
598 1371 746 1414 commune
764 1351 1000 1432 expostulentur:
1017 1354 1161 1433 privatam

156 1441 278 1518 gratiam
294 1440 388 1499 statim
402 1457 547 1514 mereare,
560 1439 654 1498 statim
669 1439 825 1517 recipias'
855 1439 1006 1498 commotis
1019 1455 1073 1516 per
1085 1437 1161 1496 haec

156 1524 298 1584 mentibus
314 1533 343 1583 et
358 1523 433 1583 inter
450 1541 484 1583 se
497 1524 654 1603 suspectis,
671 1523 793 1582 tironem
807 1541 823 1583 a
840 1531 998 1598 veterano,
1013 1522 1160 1600 legionem

157 1609 306 1686 elegione
328 1607 496 1668 dissociant.
532 1617 590 1667 tum
615 1606 712 1667 redire
739 1605 875 1685 paulatim
901 1622 981 1666 amor
1008 1605 1159 1684 obsequii:

122 1720 147 1762 te
157 1694 288 1753 omittunt
310 1700 425 1771 portas,
452 1692 533 1768 signa
555 1709 640 1750 unum
668 1692 695 1751 in
719 1691 815 1750 locum
839 1690 982 1770 principio
1009 1689 1159 1750 seditionis

156 1784 335 1854 congregata
350 1793 417 1835 suas
436 1776 464 1834 in
482 1776 574 1835 sedes
586 1775 725 1835 referunt.

219 1859 269 1920 29.
292 1858 404 1918 Drusus
422 1867 486 1919 orto
503 1859 549 1919 die
568 1868 597 1918 et
611 1868 715 1920 vocata
732 1859 878 1937 contione,
894 1875 1066 1938 quamquam
1081 1859 1158 1918 rudis

156 1943 281 2019 dicendi,
300 1942 450 2004 nobilitate
466 1944 592 2020 ingenita
608 1945 718 2003 incusat
731 1944 840 2022 priora,
856 1942 962 2023 probat
977 1944 1155 2022 praesentia:

155 2037 244 2106 negat
260 2045 292 2087 se
309 2036 423 2087 terrore
440 2037 469 2087 et
483 2029 565 2086 minis
581 2028 672 2087 vinci:
688 2028 783 2087 llexos
799 2027 835 2087 ad
852 2027 1023 2088 modestiam
1039 2045 1063 2086 sr
1056 2027 1156 2087 vide-

155 2122 194 2188 at,
214 2112 238 2172 si
255 2111 406 2190 supplices
422 2111 527 2188 audiat,
546 2112 718 2190 scripturum
733 2113 808 2192 patri
822 2120 853 2172 ut
866 2111 998 2190 placatus
1013 2111 1157 2188 legionum

131 2213 264 2276 tpreces
278 2197 440 2275 exciperet
471 2195 620 2256 orantibus
632 2213 745 2255 rursum
760 2196 835 2256 idem
846 2196 968 2256 Blaesus
981 2193 1051 2256 etb.
1065 2195 1156 2274 Apro-

156 2283 230 2357 nius,
251 2297 342 2358 eques
357 2278 503 2340 Romanus
522 2297 538 2338 e
562 2279 685 2340 cohorte
708 2279 795 2339 Drusi
803 2277 989 2358 ,iustusque
1010 2276 1157 2354 Catonius,

156 2365 239 2446 primi
257 2364 366 2424 ordinis
381 2365 522 2440 centurio,
539 2364 575 2424 ad
591 2362 736 2424 Tiberium
753 2365 909 2424 mittuntur.
938 2371 1076 2424 certatum
1091 2363 1158 2421 inde

156 2449 318 2523 sententiis,
336 2465 400 2506 cum
415 2447 462 2507 ulli
478 2445 678 2527 opperiendos
695 2449 810 2526 legatos
829 2457 916 2527 utque
937 2447 1048 2508 iuterim
1071 2447 1157 2505 comi·

156 2541 214 2593 tate
231 2531 466 2612 permulcendum
483 2532 600 2592 militem
616 2541 788 2609 censerent,
811 2532 860 2592 ulii
874 2531 1044 2592 fortioribus
1065 2547 1157 2590 reme·

121 2633 147 2676 to
158 2617 213 2678 dus
230 2615 389 2693 agendum
411 2615 505 2676 nulul
497 2633 525 2674 ur
540 2616 630 2694 uulgo
645 2616 801 2687 modicum
825 2625 955 2693 terrere,
969 2634 1004 2676 ιιι
1021 2623 1157 2695 paveant

155 2700 204 2760 ubi
222 2700 440 2779 pertimuerint,
460 2701 567 2779 inpune
585 2701 743 2760 contemni:
768 2701 833 2761 dum
854 2701 1023 2780 superstitio
1046 2709 1158 2778 urgeat,

155 2783 324 2845 adiciendos
336 2801 374 2843 ex
385 2783 460 2844 duce
472 2793 566 2843 metus
577 2785 698 2845 sublatis
711 2785 863 2846 seditionis
871 2784 1047 2846 auctoribus.
1065 2801 1158 2864 prom-

156 2851 234 2948 ptum
250 2869 285 2928 ad
301 2868 453 2949 asperiora
470 2869 615 2945 ingenium
629 2868 725 2930 Druso
749 2878 828 2930 erat:
849 2877 972 2930 vocatos
987 2867 1157 2929 Vibulenum

156 2960 186 3012 et
200 2952 390 3014 Percennium
411 2952 534 3012 interllci
556 2953 646 3014 iubet.
680 2952 795 3013 tradunt
818 2954 952 3032 plerique
979 2955 1051 3013 intra
1064 2953 1157 3013 taber·

120 3059 146 3102 se
158 3038 291 3097 naculum
314 3037 396 3096 ducis
418 3035 556 3113 obrutos,
585 3037 634 3097 alii
656 3054 781 3117 corpora
805 3047 887 3099 extra
911 3038 1019 3098 vallum
1046 3037 1157 3144 abiecta

156 3121 291 3180 ostentui

218 3205 268 3265 30.
292 3202 364 3265 Tum
388 3206 561 3284 utquisque
581 3207 758 3286 praecipuus
784 3207 915 3268 turbator
937 3205 1106 3285 conquisiti,
1130 3217 1157 3266 et

155 3307 234 3369 pars,
248 3295 331 3348 extra
347 3298 442 3349 castra
458 3290 601 3369 palantes,
619 3308 636 3352 a
652 3292 871 3351 centurionibus
887 3299 935 3351 aut
951 3291 1155 3370 praetoriarum

156 3371 318 3432 cobortium
334 3371 470 3433 militibus
487 3376 580 3445 caesi;
601 3376 772 3455 quosdam'
764 3377 820 3456 rpsi
844 3376 981 3456 manipuli
1004 3375 1152 3434 documen

156 3463 213 3514 tum
230 3455 297 3516 lidei
313 3456 468 3518 tradidere.
497 3469 618 3520 auxerat
632 3460 751 3520 militum
767 3477 851 3521 curas
869 3467 1050 3542 praematura
1065 3456 1151 3516 biems
