2546 3872
417 170 522 218 crnmt
536 171 558 218 1.
582 171 656 218 cur.
671 167 789 224 stt-52
1062 163 1103 226 2⁵

99 337 159 410 que
180 327 343 402 exercitus,
364 336 394 385 ut
415 326 459 386 cui
474 326 536 385 sine
560 325 662 386 labora
680 343 715 386 ac
734 327 865 405 periculo
889 328 1018 390 ditissimi
1032 331 1104 394 belli

99 410 223 472 victoria
249 411 413 487 evenisset,
441 409 656 488 expeditionem
685 419 715 468 et
735 413 846 487 aciem,
872 415 999 490 praemia
1019 433 1105 496 quam

97 492 246 574 stipendia
260 492 396 554 malebat.
427 493 476 555 diu
493 493 700 554 infructuosam
724 503 754 554 et
769 512 903 572 asperam
917 497 1045 560 militiam
1059 507 1102 560 to·
1117 517 1133 558 s

98 579 269 640 leraserant
292 577 410 654 ingenio
437 577 497 636 loci
523 577 657 655 caelique
680 586 710 637 et
735 579 892 640 seueritate
919 579 1104 662 disciplinae,

98 679 184 741 quem
198 661 228 722 in
241 677 317 740 pace
331 658 541 722 inexorabilem
556 659 720 725 discordias
737 660 840 722 civium
864 664 1030 742 resolvunt,
1053 683 1107 744 pa·

97 747 173 806 ratis
184 745 328 822 deinque
345 742 563 822 corruptoribus
582 753 611 806 et
627 743 748 822 pertidia
763 746 899 824 inpunita.
927 749 999 824 viri,
1015 767 1109 827 arma,

97 829 166 909 equi
187 827 223 890 ad
238 845 321 889 usum
338 836 367 887 et
382 827 418 888 ad
436 827 526 888 decus
542 836 723 906 supererant.
757 827 809 888 sed
829 839 895 890 ante
910 830 1019 891 bellum
1036 851 1109 893 oen—

97 913 189 972 turias
201 919 309 974 tantum
320 928 391 972 snas
403 920 569 988 turmasque
584 920 738 980 noverant
756 913 902 972 exercitus
918 914 1021 974 linibus
1037 932 1140 994 promo

98 997 256 1062 sincerum
268 992 522 1056 discernebantur:
539 1002 597 1053 tum
612 993 753 1054 adversus
767 995 920 1057 Vindicem
935 1007 1103 1060 contractae

102 1079 251 1155 legiones,
273 1095 366 1157 sequa
382 1087 411 1138 et
426 1077 535 1141 Gallias
552 1087 709 1155 expertae,
732 1095 876 1156 quaerere
897 1097 1010 1141 rursum
1025 1099 1104 1142 arma

99 1178 251 1240 novasque
267 1161 442 1229 discordiam
467 1179 525 1220 neo
541 1161 656 1237 socios,
678 1170 709 1221 ut
726 1162 812 1238 olim,
834 1161 888 1225 sed
903 1163 1005 1224 hostes
1019 1174 1048 1224 et
1061 1167 1105 1224 ri·

98 1254 165 1306 ctos
190 1244 342 1306 vocabant
374 1263 430 1306 nec
456 1245 557 1306 deerat
584 1263 652 1323 pars
674 1244 846 1320 Galliarum,
876 1265 950 1324 quae
973 1247 1104 1308 Rhenum

96 1328 223 1407 accolit,
251 1326 368 1388 casdem
391 1337 490 1406 partes
514 1337 615 1391 secuta
639 1345 674 1389 ac
695 1337 754 1388 tum
777 1329 917 1390 acerrime
939 1332 1103 1408 instigatrix
1112 1350 1141 1394 rs

96 1403 252 1472 adversum
266 1410 438 1481 Galbianos3
459 1411 516 1471 lroc
538 1412 613 1471 enim
629 1428 735 1470 nomen
749 1411 877 1473 lastidito
894 1413 1019 1474 Vindice
1034 1413 1104 1474 indi·

96 1497 208 1556 derant.
241 1495 329 1572 igitur
343 1495 486 1572 Sequanis
500 1493 668 1571 Aeduisque
692 1512 726 1554 ac
741 1493 861 1571 deinde,
882 1504 968 1574 prout
983 1496 1104 1576 opulen-

96 1582 138 1640 tia
152 1578 315 1640 civitatibus
331 1586 409 1655 erat,
423 1577 529 1638 infensi
547 1578 779 1656 expugnationes
795 1576 924 1654 urbium,
939 1578 1104 1658 populatio·

100 1679 152 1721 nes
164 1679 315 1738 agrorum,
331 1669 431 1739 raptus
446 1661 590 1740 penatium
605 1659 765 1722 hauserant
778 1662 888 1736 animo,
905 1679 995 1740 super
1013 1662 1104 1722 avari·

99 1747 165 1806 tiarn
181 1753 212 1804 ct
226 1743 439 1820 adrogantiam,
454 1743 614 1822 praecipua
629 1743 800 1804 validiorum
814 1744 897 1819 vitia,
922 1746 1139 1810 contumaciam

7 1823 8 1826 '
98 1828 247 1890 Gallorum
268 1828 391 1904 inritati,
414 1829 462 1906 qui
483 1827 633 1886 remissam
654 1826 709 1886 sibi
726 1845 742 1886 a
758 1825 848 1888 Galba
870 1837 999 1905 quartam
1015 1827 1102 1888 tribu·

97 1922 192 1974 torum
208 1921 319 1991 partem
334 1918 363 1970 et
379 1910 494 1990 publice
514 1909 636 1969 donatos
651 1911 679 1968 in
698 1909 881 1990 ignominiam
901 1912 1049 1972 exercitus
1063 1912 1102 1970 ia·

97 1995 224 2058 etabant.
254 1994 380 2054 accessit
396 1993 502 2054 callide
517 1992 682 2070 volgatum,
703 2002 813 2053 temere
836 1993 991 2070 creditum,
1016 1993 1103 2054 decu·

95 2081 169 2142 mari
190 2078 324 2154 legiones
345 2085 376 2137 et
403 2077 646 2156 promptissimum
668 2094 812 2154 quemque
840 2079 1037 2136 centurionum
1062 2077 1103 2136 di·

95 2163 179 2224 mitti.
208 2161 333 2239 undique
350 2169 467 2220 atroces
486 2161 591 2234 nuntii,
610 2159 725 2218 sinistra
743 2177 779 2218 ex
794 2157 867 2218 urbe
884 2159 974 2226 lama;
991 2159 1144 2222 insensate

95 2245 299 2324 Lugdunensis
319 2244 435 2304 colonia
463 2253 492 2304 et
516 2243 657 2321 pertinaci
680 2259 733 2320 pro
753 2241 872 2302 Nerone
896 2241 953 2300 lide
979 2241 1105 2302 fecunda

96 2327 279 2398 rumoribus;
303 2328 356 2389 sed
378 2327 499 2406 plurima
520 2327 555 2388 ad
572 2326 736 2404 lingendum
757 2324 991 2401 credendumque
1015 2333 1103 2384 matc-

95 2416 157 2476 ries
171 2413 200 2472 in
220 2413 292 2490 ipsis
312 2412 432 2488 castris,
453 2411 519 2474 odio
542 2419 618 2470 metu
639 2417 684 2485 et,
705 2407 753 2468 ubi
777 2409 855 2468 vires
874 2424 942 2467 suas
962 2425 1104 2486 respexe-

95 2505 177 2572 rant,
192 2495 358 2558 securitate.

160 2581 211 2640 52.
235 2579 294 2639 Sub
311 2581 391 2658 ipsas
404 2578 566 2656 superioris
582 2577 647 2636 anni
659 2575 799 2636 kalendas
814 2573 996 2634 Decembres
1011 2574 1110 2635 Aulus

96 2663 237 2732 Vitellius
259 2661 427 2722 inieriorem
443 2660 622 2722 Germaniam
643 2661 795 2738 ingressus
818 2658 938 2718 hiberna
957 2657 1110 2734 legionum

97 2767 163 2810 cum
179 2764 247 2807 cura
263 2747 387 2808 adierat:
403 2744 508 2804 redditi
523 2743 673 2823 plerisque
690 2743 826 2818 ordines,
843 2740 965 2800 remissa
983 2740 1105 2818 ignomi-

97 2833 162 2907 nia,
187 2829 340 2892 adlevatae
353 2836 458 2904 nctae,
480 2828 563 2906 plura
579 2827 751 2901 ambitione,
775 2825 916 2904 quaedam
931 2824 1052 2902 iudicio,
1077 2828 1107 2885 in

98 2914 202 2995 quibus
219 2913 324 2974 sordes
350 2921 380 2972 et
396 2912 543 2982 auaritiam
559 2907 662 2970 Fontei
680 2909 828 2988 Capitonis
851 2907 1010 2970 adimendis
1029 2907 1106 2970 adsi·
1117 2931 1138 2972 s

98 2999 259 3078 guandisve
279 2997 397 3058 militiae
414 2994 561 3057 ordinibus
576 2996 689 3070 integre
703 3001 871 3054 mutaverat.
899 3008 953 3050 neo
971 2993 1108 3054 consula·

98 3087 139 3144 ris
157 3082 246 3160 legati
261 3098 411 3156 mensura,
435 3078 489 3138 sed
507 3081 535 3138 in
555 3079 647 3164 maius
663 3079 756 3138 omnia
771 3072 999 3154 accipiebantur.
1027 3085 1056 3134 et
1076 3084 1111 3137 ct

98 3167 236 3230 Vitellius
256 3165 332 3245 apud
354 3179 477 3224 severos
497 3162 627 3237 lrumilis,
646 3161 685 3222 ita
709 3161 873 3220 comitatem
888 3157 1110 3238 bonitatemque

98 3255 233 3314 flaventes
248 3248 402 3326 vocabant,
420 3245 497 3325 quod
514 3247 578 3305 sine
590 3245 688 3320 modo,
705 3245 767 3304 sine
785 3241 890 3302 iudicio
907 3240 1028 3300 donaret
1048 3261 1110 3318 sua,

99 3330 257 3408 largiretur
269 3333 379 3402 aliena;
401 3330 483 3392 simul
502 3329 638 3392 aviditate
659 3327 763 3404 imperi
784 3323 867 3386 dandi
887 3324 951 3400 ipsa
965 3325 1033 3382 vitia
1056 3343 1110 3404 pro
1121 3343 1152 3386 se

99 3414 253 3505 virtutibus
264 3413 532 3493 interpretabantur·
556 3409 635 3472 multi
647 3413 674 3470 in
684 3418 807 3486 utroque
819 3405 949 3466 exercitu
960 3406 1035 3464 sicut
1053 3424 1110 3468 mc-
