2536 3870
111 109 120 132 t
179 95 245 160 226
426 104 593 156 comunem
607 101 726 152 usorur
740 100 942 152 samsones
1043 169 1050 173 ᾖ

182 260 351 339 conscripta
370 271 400 321 et
421 261 450 322 in
465 259 639 321 Britanniam
660 257 827 319 transmissa
841 271 976 332 magnum
997 272 1032 316 ac
1047 273 1190 318 memora

181 346 243 407 bile
257 345 368 417 facinus
389 362 458 406 ausa
475 353 530 409 est.
558 344 659 404 occiso
676 342 846 403 centurione
861 357 896 399 ac
910 337 1065 415 militibus,
1091 341 1140 418 qni
1156 339 1190 400 ad

181 428 350 491 tradendam
370 428 553 508 disciplinam
573 426 693 486 immixti
720 424 874 504 manipulis
899 422 1065 502 exemplum
1090 432 1121 483 et
1147 443 1191 483 re·
1239 419 1240 484 ἐ

157 523 283 574 setores
303 511 498 589 habebantur,
519 512 571 571 tris
592 509 750 571 liburnicas
770 507 881 571 adactis
897 524 950 586 per
964 508 1021 566 uim
1041 507 1191 583 guberna·
1239 507 1240 602 l

181 595 294 656 toribus
316 595 492 664 ascendere;
509 601 540 653 et
552 594 609 652 nno'
621 592 823 668 remigante,
840 592 988 671 suspectis
1008 591 1126 651 duobus
1145 609 1192 650 eo·
1239 611 1240 666 ι

181 698 239 759 que
255 681 431 758 interiectis,
454 677 579 739 nandum
599 677 719 754 vulgato
735 692 852 737 rumore
868 683 898 734 nt
918 675 1088 735 miraculum
1107 693 1190 754 prae·
1239 669 1240 726 l

181 762 371 824 vehebantur.
388 779 456 822 mox
475 764 510 822 ad
525 779 627 838 nquam
652 769 738 838 atque
748 759 828 819 utilia
840 766 951 838 raptum
962 758 1078 834 egressi
1089 766 1121 816 ct
1131 778 1193 818 cnm
1239 785 1240 836 j

185 847 335 925 plerisque
354 846 554 907 Britannorum
576 861 627 904 sua
649 843 861 904 defensantium
884 841 999 921 proelio
1023 844 1191 920 congressi,

148 947 218 991 acac
235 947 327 1008 saepe
339 931 483 1007 victores,
508 927 662 1005 aliquando
677 927 769 1006 pulsi,
793 943 830 986 eo
845 925 881 985 ad
896 934 1056 986 extremum
1073 928 1194 1006 inopiae
1239 939 1240 998 l

185 1031 310 1089 venere,
327 1023 357 1072 ut
369 1013 578 1072 infirmissimos
591 1028 718 1088 suorum,
733 1027 802 1070 mox
816 1017 897 1070 sorte
912 1010 1016 1070 ductos
1033 1029 1193 1071 vesceren-

182 1107 237 1155 tur.
268 1105 355 1174 atquo
371 1098 410 1156 ita
430 1095 616 1156 circumuecti
632 1093 822 1170 Britanniam,
847 1093 960 1154 amissis
976 1112 1031 1173 per
1047 1095 1194 1156 inscitiam

138 1249 141 1256 ¹
183 1179 307 1256 regendi
326 1179 464 1256 navibus,
486 1194 540 1258 pro
558 1176 755 1256 praedonibus
771 1176 877 1255 babiti,
899 1178 1021 1256 primum
1040 1195 1057 1238 a
1074 1179 1193 1253 Suebis,

184 1280 252 1323 mox
266 1282 284 1325 a
299 1261 401 1323 Frisiis
417 1263 573 1339 intercepti
588 1271 662 1322 sunt.
697 1279 733 1322 ac
747 1261 830 1321 inere
848 1278 922 1339 quos
941 1279 995 1340 per
1013 1264 1200 1340 commercia,

149 1347 373 1412 urenumdatos
388 1357 417 1407 et
433 1348 460 1406 in
481 1355 610 1406 nostram
630 1362 722 1428 usque
743 1345 835 1424 ripam
858 1346 1013 1406 mutatione
1036 1347 1182 1408 ementium

184 1430 324 1491 adductos
341 1432 475 1492 indicium
489 1431 560 1490 tanti
576 1446 661 1489 casus
679 1428 850 1490 inlustravit.

247 1515 298 1578 29.
316 1514 399 1575 Initio
417 1515 535 1576 aestatis
549 1512 691 1590 Agricola
706 1513 867 1573 domestico
879 1513 999 1573 vnlnere
1011 1515 1100 1589 ictus,
1116 1529 1186 1572 auno
1239 1513 1240 1590 ι

182 1607 251 1660 ante
265 1607 360 1658 natam
373 1599 463 1658 lilium
477 1598 580 1658 amisit.
609 1615 694 1676 quem
708 1613 803 1656 casum
819 1615 915 1675 neque
931 1607 961 1658 ut
978 1596 1115 1677 plerique
1132 1597 1188 1656 ior·

183 1681 250 1741 tium
272 1683 397 1741 virorum
420 1682 585 1757 ambitiose,
609 1697 705 1760 neque
727 1698 781 1758 per
801 1680 924 1740 lamenta
943 1700 1043 1742 rursus
1062 1698 1098 1741 ao
1113 1699 1191 1740 mae·

182 1780 279 1824 rorem
291 1764 470 1825 muliebriter
486 1765 563 1824 tulit:
580 1773 610 1824 et
622 1765 651 1823 in
665 1763 745 1824 luctu
755 1763 864 1824 bellum
878 1766 953 1824 inter
969 1765 1100 1825 remedia
1116 1775 1191 1825 erat.

156 1848 268 1924 sigitur
281 1849 440 1926 praemissa
456 1849 561 1924 classe,
578 1865 654 1926 quae
666 1846 795 1926 pluribus
812 1849 887 1908 locis
899 1848 1037 1926 praedata
1053 1867 1190 1925 magnum
1239 1861 1240 1940 p

183 1940 212 1991 et
228 1933 370 1992 incertum
384 1941 527 1992 terrorem
541 1931 669 2009 iaceret,
691 1931 828 2010 expedito
845 1935 991 2008 exercitu,
1011 1933 1057 1992 cui
1073 1950 1112 1992 ex
1126 1931 1189 1990 Bri·
1239 1951 1240 2014 ι

183 2015 275 2075 tannis
298 2014 472 2076 fortissimos
497 2024 526 2076 et
549 2017 638 2092 longa
665 2031 739 2094 pace
765 2016 935 2093 exploratos
958 2015 1125 2090 addiderat,
1154 2017 1189 2076 ad

181 2107 308 2158 montem
323 2097 477 2178 Graupium
493 2101 635 2177 pervenit,
657 2116 741 2178 quem
758 2099 811 2158 iam
827 2098 920 2160 bostis
936 2098 1096 2160 insederat.
1123 2117 1189 2160 narn

182 2183 310 2242 Britanni
325 2182 395 2242 nibil
415 2185 500 2244 lracti
520 2200 638 2261 pugnae
658 2182 763 2260 prioris
785 2192 907 2259 eventu,
929 2193 959 2243 et
979 2182 1121 2244 ultionem
1143 2196 1189 2242 aut
1239 2249 1240 2260 ,

146 2266 331 2329 deservitium
348 2261 558 2346 expectantes,
575 2266 748 2344 tandemque
765 2265 843 2326 docti
862 2266 1022 2345 periculum
1035 2283 1188 2326 commune
1239 2287 1240 2336 l

183 2350 339 2413 concordia
356 2349 599 2429 propulsandum,
621 2349 816 2427 legationibus
831 2359 862 2410 et
879 2350 1050 2412 foederibus
1063 2351 1189 2410 omnium
1239 2357 1240 2362 ’

184 2433 340 2493 civitatium
360 2435 439 2494 vires
457 2435 637 2493 exciverunt.
670 2433 784 2511 iamque
799 2451 889 2512 super
909 2435 1025 2512 triginta
1046 2435 1124 2494 milia
1145 2452 1185 2493 ar-

182 2525 321 2577 matorum
342 2517 575 2598 aspiciebantur‚
599 2525 628 2576 et
651 2515 745 2576 adbuc
771 2516 917 2579 adfluebat
938 2519 1031 2579 omnis
1054 2519 1187 2578 inventus
1239 2531 1240 2584 ι

183 2609 212 2660 et
227 2601 332 2678 quibus
348 2601 435 2663 cruda
456 2619 492 2662 ac
509 2599 607 2660 viridis
622 2609 778 2685 senectus,
802 2601 872 2661 clari
891 2601 972 2663 bello
995 2612 1025 2662 et
1040 2620 1092 2661 sna
1111 2604 1183 2680 qnis-

141 2699 173 2746 ,ιι
185 2702 242 2763 qne
257 2684 364 2746 decora
379 2694 547 2763 gestantes,
570 2701 635 2758 cnm
654 2685 729 2744 inter
743 2685 842 2764 plures
859 2683 949 2746 duces
966 2688 1070 2746 virtute
1089 2695 1120 2746 et
1137 2702 1185 2762 ge·

181 2785 254 2827 nere
270 2778 438 2847 praestans,
461 2770 573 2828 nomine
591 2766 755 2846 Calgacus,
778 2769 855 2847 apud
871 2779 1047 2830 contractam
1063 2767 1187 2829 multitu-

182 2850 277 2910 dinem
297 2853 438 2930 proelinm
456 2861 626 2932 poscentem
642 2851 670 2910 in
686 2851 763 2912 bunc
778 2851 893 2912 modum
909 2853 1023 2914 locutus
1037 2853 1144 2914 lentur:

246 2933 296 2996 30.
325 2936 486 3011 ‘Quotiens
508 2953 610 2996 causas
634 2935 705 2995 belli
726 2945 755 2996 et
775 2938 980 2997 necessitatem
999 2946 1126 2998 bosnam
1145 2934 1188 2995 in·

184 3028 284 3097 tneor,
309 3037 430 3098 magnus
445 3021 512 3080 mibi
532 3020 640 3080 animus
656 3027 702 3080 est
720 3018 890 3082 hodiernum
907 3021 982 3082 diem
1000 3037 1190 3082 consensum·

182 3121 241 3181 que
262 3113 389 3164 vestrum
409 3105 518 3164 initiam
539 3100 681 3164 libertatis
702 3105 756 3164 toti
777 3103 941 3166 Britanniae
961 3104 1044 3176 iore;
1071 3122 1137 3164 nam
1161 3114 1191 3164 et

181 3187 310 3246 universi
330 3189 477 3249 servitutis
492 3195 631 3266 expertes
647 3195 676 3247 et
688 3187 786 3248 nullae
802 3189 877 3250 ultra
892 3197 988 3250 terrae
1005 3206 1041 3250 ae
1054 3206 1091 3248 ne
1105 3204 1189 3247 mare

157 3268 298 3346 equidem
317 3289 451 3332 securum
473 3271 627 3330 inminente
648 3268 732 3330 nobis
754 3272 851 3332 classe
868 3273 1008 3334 Romana.
1038 3273 1077 3332 ita
1099 3289 1186 3349 proe-

181 3348 251 3410 lium
268 3361 354 3430 etqne
369 3371 464 3434 arma,
486 3373 561 3434 quae
579 3353 703 3416 fortibus
721 3354 862 3435 honesta,
884 3356 984 3418 eadem
1001 3357 1085 3418 etiarn
1103 3356 1186 3432 igna-
