2596 3872
428 165 533 212 assurt
545 167 601 214 xv.
619 165 694 216 oss.
707 163 828 220 tl—oi.
1063 157 1121 218 311

34 316 37 322 ’
126 326 307 403 promptum,
329 337 386 380 nou
408 319 527 381 deluere
548 321 596 400 qui
616 319 784 399 crederent,
807 321 901 382 donec
922 322 1149 401 inplacabilem

126 405 274 467 Neronem
289 404 428 481 timuerit,
449 403 553 465 ianuam
575 407 706 466 sociatae
730 424 794 466 curn
814 408 916 466 marito
936 407 1036 468 mortis
1050 409 1124 486 peti·

125 491 215 567 uisse,
233 487 338 548 deinde
354 486 451 548 oblata
471 489 585 550 mitiore
604 504 658 568 spe
677 488 969 551 blandimentisvitae
986 492 1124 560 erictam3

128 575 171 635 oui
192 571 301 632 addidit
321 586 434 650 paucos
453 573 557 651 pbstea
580 590 687 648 annos,
712 573 847 634 laudabili
869 575 896 633 in
917 575 1045 634 maritum
1065 590 1124 634 nue-

126 659 217 718 moria
239 665 268 716 et
288 672 341 714 ore
365 673 400 716 ac
425 655 561 718 membris
589 658 618 716 in
641 663 704 717 e'urn
727 659 866 737 pallorem
889 657 1066 735 albentibus,
1094 666 1126 717 ut

126 740 251 803 ostentui
274 745 354 800 esset
373 740 490 800 multum
505 741 603 802 vitalis
620 742 737 820 spiritus
753 751 893 819 egestum.
923 743 1037 803 Seneca
1052 743 1123 802 inte·
1133 757 1160 800 ro

126 827 198 904 rim,
221 824 343 885 dur'atito
358 831 452 884 tractu
469 833 499 884 et
514 824 682 886 lentitudine
699 827 818 902 mortis,
832 827 950 891 Statium
964 827 1124 903 Annaeum,

124 911 175 972 diu
188 907 244 970 sibi
259 907 402 968 amicitiae
417 906 475 968 fide
489 917 518 968 et
541 918 603 969 arte
617 908 777 970 medicinae
793 908 961 990 probatum,
978 919 1042 970 orat
1058 927 1124 990 pro-

125 995 218 1055 visum
240 991 349 1072 pridem
376 1006 529 1069 venenum,
553 1009 610 1072 quo
631 994 754 1054 damnati
775 992 1125 1073 publioodtbeuieusium

125 1078 233 1140 iudicio
249 1077 501 1156 extinguerentur,
519 1085 680 1156 promerem
702 1070 884 1156 adlatumque
898 1078 992 1138 hausit
1007 1078 1124 1154 trasna,

124 1161 249 1240 frigidus
269 1162 325 1221 iam
346 1169 425 1220 artus
449 1169 479 1221 et
501 1161 584 1221 eluso
607 1177 734 1241 corpore
759 1162 912 1222 adversum
932 1163 987 1222 vin
1008 1161 1122 1222 veneni.
1134 1177 1159 1226 tt

126 1255 276 1328 postremo
298 1252 431 1321 stagnum
452 1243 564 1306 calidae
586 1260 678 1326 aquae
693 1246 817 1323 introiit,
833 1261 1012 1328 respergens
1027 1245 1124 1325 proxi·

105 1397 107 1404 ,
125 1348 192 1392 mos
206 1345 357 1390 serrorum
374 1327 470 1388 addita
485 1346 578 1407 voce,
602 1329 696 1390 libare
711 1335 743 1390 se'
763 1331 905 1407 liquorem
920 1331 997 1390 illurn
1012 1329 1076 1390 lori
1091 1328 1124 1388 li-

73 1425 80 1440 ·
125 1415 266 1474 beratori.
304 1413 380 1472 esini
405 1411 511 1472 balneo
538 1413 643 1473 inlatus
667 1423 697 1474 et
724 1423 839 1492 vapore¹
854 1414 917 1474 eius
938 1415 1124 1489 exanimatus,

128 1499 192 1560 sine
210 1497 270 1558 ullo
298 1497 407 1557 iuuetis
429 1496 562 1556 sollemni
583 1505 735 1558 crematur.
764 1499 803 1557 ita
822 1496 966 1557 codicillis
981 1497 1124 1576 praescri·

127 1591 241 1662 pserat,
259 1596 322 1641 curn
338 1582 489 1640 etiamtum
504 1579 659 1659 praedives
674 1589 704 1640 et
719 1589 897 1660 praepotens
908 1580 1051 1661 supremis
1063 1581 1122 1640 suis
1133 1595 1162 1637 ao
1190 1605 1192 1610 ·

130 1665 303 1730 tousuleret.

190 1751 242 1812 65.
268 1748 355 1809 Fama
376 1748 428 1808 luit
450 1745 582 1808 Subrium
604 1747 726 1809 Flauum
749 1759 811 1808 cuin
839 1747 1053 1809 centurionibus
1076 1763 1220 1809 oca-

125 1833 205 1895 culto
222 1832 362 1909 consilio,
384 1846 479 1911 neque
500 1841 594 1893 tamen
611 1833 763 1910 ignorante
778 1834 905 1911 Seneca,
922 1832 1124 1910 destinavisse,

125 1929 158 1978 ut
175 1925 242 1998 post
263 1918 395 1976 occisum
413 1930 504 1995 opera
519 1916 639 1977 Pisonis
647 1916 794 1977 Neronem
813 1916 880 1977 Piso
902 1933 1018 1998 quoqne
1038 1917 1124 1976 inter·

12 2027 14 2032 ·
125 1999 265 2062 ficeretur
285 1999 505 2079 tradereturque
524 2000 674 2079 inperium
689 2002 838 2078 Senecae,
862 2003 943 2079 quasi
964 1998 1126 2062 insontibus
1217 2057 1220 2062 r

128 2083 299 2144 claritudine
320 2084 453 2142 virtutum
474 2082 510 2143 ad
532 2087 670 2144 sumntum
692 2084 836 2160 fastigium
856 2077 982 2145 delecto.
1013 2085 1080 2162 quin
1097 2091 1151 2143 ets

12 2231 14 2234 ,
129 2165 218 2227 rerba
230 2167 313 2227 Flavi
323 2164 525 2242 vulgabantur,
542 2175 601 2226 non
619 2168 736 2228 referre
750 2167 907 2245 dedecori,
938 2168 962 2227 si
984 2167 1125 2228 citharoe-

12 2255 13 2266 ’
124 2243 181 2310 dus
202 2250 406 2310 demoveretur
421 2256 450 2308 et
472 2249 631 2327 tragoedus
652 2249 841 2328 succederet,
857 2253 923 2329 quia
942 2245 973 2310 ut
991 2250 1070 2311 Nero
1088 2251 1126 2310 oi·

126 2335 219 2410 thara,
238 2337 274 2395 ita
291 2334 360 2395 Piso
377 2333 491 2410 tragico
507 2343 609 2394 ornatu
624 2333 756 2395 canebat.

191 2418 242 2480 66.
267 2417 401 2479 Ceterum
421 2417 551 2478 militaris
575 2435 691 2497 quoque
713 2418 890 2500 conspiratio
911 2428 969 2478 uon
991 2418 1064 2478 ultra
1084 2419 1126 2477 ie·

125 2502 210 2578 icilit,
230 2503 366 2563 accensis
374 2500 515 2561 indicibus
527 2500 563 2560 ad
576 2501 753 2580 prodendum
764 2501 900 2563 Faenium
911 2495 1024 2581 Rubttn,
1043 2500 1132 2581 quem'

126 2587 251 2648 eundem
270 2586 418 2646 constitum
440 2593 470 2645 et
491 2585 691 2663 inquisitorem
709 2603 767 2646 non
787 2585 959 2647 tolerabant.
991 2601 1064 2664 ergo
1086 2585 1126 2645 in·

123 2670 213 2731 attenti
239 2669 435 2748 minitantique
461 2669 597 2729 renidens
626 2671 785 2732 Scaevinus
811 2671 954 2731 neminem
982 2671 1021 2732 alt
1044 2667 1128 2754 plura

126 2755 205 2816 seire
220 2771 306 2834 quam
317 2755 424 2832 ipsum,
442 2753 630 2832 hortaturque
648 2755 728 2815 ultro·
741 2753 878 2815 redderet
891 2762 948 2816 tom
959 2754 1039 2838 bono
1052 2755 1153 2834 prin-s

127 2839 186 2918 cipi
200 2839 304 2898 vicem.
334 2852 392 2896 non
408 2847 467 2897 uox
482 2835 635 2898 adversum
647 2855 681 2898 ea
695 2837 815 2915 Faenio,
831 2853 890 2924 pon
904 2837 1058 2917 silentium,
1075 2836 1128 2899 sed
1147 2831 1158 2850 '

124 2921 217 2984 rerba
241 2937 293 2982 sua
315 2919 511 3000 praepediens
531 2930 560 2982 et
577 2923 695 3001 pavoris
710 2923 893 3000 manifestus,
917 2923 1083 3002 ceterisque
1099 2930 1129 2983 et

15 3023 20 3044 ³
124 3007 251 3067 manne
270 3003 411 3066 cervario
432 3003 559 3065 Proculo
575 3007 672 3084 equite
694 3006 826 3066 Romano
848 3004 883 3066 ad
899 3005 1127 3068 marincendun

126 3107 190 3151 eum
208 3089 326 3163 scrisis,
343 3088 422 3146 iussu
438 3088 650 3166 imperatorias
667 3088 769 3150 Cassio
780 3090 878 3168 milite,
899 3091 948 3170 qui
963 3089 1000 3152 ob
1012 3090 1127 3167 insigne

125 3174 263 3252 corporis
278 3169 368 3236 robdi·
383 3169 524 3248 adttabat,
542 3174 697 3253 corripitur
711 3175 900 3254 vinciturque.
1136 3187 1163 3232 ao

16 3303 17 3330 ,
189 3257 243 3318 67.
264 3254 334 3317 idox
356 3253 512 3315 eorundem
532 3255 639 3317 indicio
655 3256 776 3317 Subrius
789 3255 896 3319 Florus
916 3257 1045 3318 tribunus
1060 3273 1127 3338 per·

125 3340 265 3419 vertitur,
285 3340 381 3418 prino
398 3337 655 3401 dissimilitudinem
675 3355 783 3400 morum
804 3341 841 3401 ad
854 3339 1054 3402 defensionem
1070 3349 1127 3402 tra·

126 3421 216 3504 bens,
231 3422 327 3503 neque
342 3439 375 3483 se
392 3432 528 3510 armatum
544 3441 606 3485 euru
621 3423 777 3484 inermibus
792 3433 821 3484 et
836 3424 1006 3486 effeminatis
1019 3432 1128 3485 tautum
