<?xml version="1.0" encoding="UTF-8"?>
<!DOCTYPE html PUBLIC "-//W3C//DTD XHTML 1.0 Transitional//EN"
    "http://www.w3.org/TR/xhtml1/DTD/xhtml1-transitional.dtd">
<html xmlns="http://www.w3.org/1999/xhtml" xml:lang="en" lang="en">
 <head>
  <title>
</title>
<meta http-equiv="Content-Type" content="text/html;charset=utf-8" />
  <meta name='ocr-system' content='tesseract 3.04.00' />
  <meta name='ocr-capabilities' content='ocr_page ocr_carea ocr_par ocr_line ocrx_word'/>
</head>
<body>
  <div class='ocr_page' id='page_1' title='image "./libriquisupersu02tacigoog/libriquisupersu02tacigoog_0210.png"; bbox 0 0 2570 3878; ppageno 0'>
   <div class='ocr_carea' id='block_1_1' title="bbox 438 134 1118 200">
    <p class='ocr_par' dir='ltr' id='par_1_1' title="bbox 438 134 1118 200">
     <span class='ocr_line' id='line_1_1' title="bbox 438 134 1118 200; baseline 0.003 -6"><span class='ocrx_word' id='word_1_1' title='bbox 438 147 544 194; x_wconf 77' lang='lat' dir='ltr'><strong>urens</strong></span> <span class='ocrx_word' id='word_1_2' title='bbox 556 146 587 195; x_wconf 84' lang='lat' dir='ltr'><strong>u.</strong></span> <span class='ocrx_word' id='word_1_3' title='bbox 608 145 684 196; x_wconf 78' lang='lat' dir='ltr'><strong>cnr.</strong></span> <span class='ocrx_word' id='word_1_4' title='bbox 699 145 797 200; x_wconf 77' lang='lat' dir='ltr'><strong>u-a.</strong></span> <span class='ocrx_word' id='word_1_5' title='bbox 1054 134 1118 196; x_wconf 76' lang='lat' dir='ltr'><strong>int</strong></span> 
     </span>
    </p>
   </div>
   <div class='ocr_carea' id='block_1_2' title="bbox 106 301 1115 470">
    <p class='ocr_par' dir='ltr' id='par_1_2' title="bbox 106 301 1115 470">
     <span class='ocr_line' id='line_1_2' title="bbox 106 301 1115 383; baseline -0.002 -17"><span class='ocrx_word' id='word_1_6' title='bbox 106 303 274 366; x_wconf 81' lang='lat' dir='ltr'><strong>descivisse</strong></span> <span class='ocrx_word' id='word_1_7' title='bbox 289 301 442 383; x_wconf 86' lang='lat' dir='ltr'><strong>populum;</strong></span> <span class='ocrx_word' id='word_1_8' title='bbox 458 301 548 362; x_wconf 72' lang='lat' dir='ltr'><strong>audii</strong></span> <span class='ocrx_word' id='word_1_9' title='bbox 563 303 623 363; x_wconf 87' lang='lat' dir='ltr'><strong>iam·</strong></span> <span class='ocrx_word' id='word_1_10' title='bbox 634 310 663 362; x_wconf 90' lang='lat' dir='ltr'><strong>et</strong></span> <span class='ocrx_word' id='word_1_11' title='bbox 678 301 739 380; x_wconf 83' lang='lat' dir='ltr'><strong>legi</strong></span> <span class='ocrx_word' id='word_1_12' title='bbox 753 318 845 365; x_wconf 85' lang='lat' dir='ltr'><strong>novas</strong></span> <span class='ocrx_word' id='word_1_13' title='bbox 862 301 1023 380; x_wconf 82' lang='lat' dir='ltr'><strong>contiones,</strong></span> <span class='ocrx_word' id='word_1_14' title='bbox 1037 319 1115 365; x_wconf 79' lang='lat' dir='ltr'><strong>nove</strong></span> 
     </span>
     <span class='ocr_line' id='line_1_3' title="bbox 107 384 1115 470; baseline -0.004 -20"><span class='ocrx_word' id='word_1_15' title='bbox 107 396 225 470; x_wconf 86' lang='lat' dir='ltr'><strong>patrum</strong></span> <span class='ocrx_word' id='word_1_16' title='bbox 242 387 390 456; x_wconf 84' lang='lat' dir='ltr'><strong>consulta;</strong></span> <span class='ocrx_word' id='word_1_17' title='bbox 410 386 477 467; x_wconf 89' lang='lat' dir='ltr'><strong>quid</strong></span> <span class='ocrx_word' id='word_1_18' title='bbox 498 385 640 466; x_wconf 89' lang='lat' dir='ltr'><strong>reliquum</strong></span> <span class='ocrx_word' id='word_1_19' title='bbox 661 387 715 445; x_wconf 91' lang='lat' dir='ltr'><strong>nisi</strong></span> <span class='ocrx_word' id='word_1_20' title='bbox 740 393 771 448; x_wconf 93' lang='lat' dir='ltr'><strong>ut</strong></span> <span class='ocrx_word' id='word_1_21' title='bbox 795 393 935 466; x_wconf 75' lang='lat' dir='ltr'><strong>caperent</strong></span> <span class='ocrx_word' id='word_1_22' title='bbox 948 384 1057 446; x_wconf 80' lang='lat' dir='ltr'><strong>ferrum</strong></span> <span class='ocrx_word' id='word_1_23' title='bbox 1075 396 1115 465; x_wconf 88' lang='lat' dir='ltr'><strong>et,</strong></span> 
     </span>
    </p>
   </div>
   <div class='ocr_carea' id='block_1_3' title="bbox 11 469 1114 554">
    <p class='ocr_par' dir='ltr' id='par_1_3' title="bbox 11 469 1114 554">
     <span class='ocr_line' id='line_1_4' title="bbox 11 469 1114 554; baseline -0.001 -22"><span class='ocrx_word' id='word_1_24' title='bbox 11 491 12 500; x_wconf 54' lang='lat'>¹</span> <span class='ocrx_word' id='word_1_25' title='bbox 107 489 234 552; x_wconf 82' lang='lat' dir='ltr'><strong>quorum</strong></span> <span class='ocrx_word' id='word_1_26' title='bbox 247 471 388 549; x_wconf 78' lang='lat' dir='ltr'><strong>imagines</strong></span> <span class='ocrx_word' id='word_1_27' title='bbox 403 488 459 551; x_wconf 92' lang='lat' dir='ltr'><strong>pro</strong></span> <span class='ocrx_word' id='word_1_28' title='bbox 476 469 591 554; x_wconf 81' lang='lat' dir='ltr'><strong>vexillis</strong></span> <span class='ocrx_word' id='word_1_29' title='bbox 609 471 703 532; x_wconf 87' lang='lat' dir='ltr'><strong>secuti</strong></span> <span class='ocrx_word' id='word_1_30' title='bbox 716 471 831 548; x_wconf 81' lang='lat' dir='ltr'><strong>forent,</strong></span> <span class='ocrx_word' id='word_1_31' title='bbox 848 469 939 531; x_wconf 87' lang='lat' dir='ltr'><strong>duces</strong></span> <span class='ocrx_word' id='word_1_32' title='bbox 959 471 1114 552; x_wconf 85' lang='lat' dir='ltr'><strong>imperato·</strong></span> 
     </span>
    </p>
   </div>
   <div class='ocr_carea' id='block_1_4' title="bbox 104 552 1236 804">
    <p class='ocr_par' dir='ltr' id='par_1_4' title="bbox 104 552 1236 804">
     <span class='ocr_line' id='line_1_5' title="bbox 104 552 422 634; baseline -0.006 -16"><span class='ocrx_word' id='word_1_33' title='bbox 104 574 220 634; x_wconf 86' lang='lat' dir='ltr'><strong>resque</strong></span> <span class='ocrx_word' id='word_1_34' title='bbox 238 552 422 634; x_wconf 73' lang='lat' dir='ltr'><strong>deligerent?</strong></span> 
     </span>
     <span class='ocr_line' id='line_1_6' title="bbox 170 636 1236 720; baseline 0.003 -20"><span class='ocrx_word' id='word_1_35' title='bbox 170 640 201 700; x_wconf 83' lang='lat'><strong>5.</strong></span> <span class='ocrx_word' id='word_1_36' title='bbox 229 639 322 717; x_wconf 81' lang='lat' dir='ltr'><strong>Igitur</strong></span> <span class='ocrx_word' id='word_1_37' title='bbox 342 636 453 700; x_wconf 82' lang='lat' dir='ltr'><strong>Caesar</strong></span> <span class='ocrx_word' id='word_1_38' title='bbox 471 639 606 720; x_wconf 85' lang='lat' dir='ltr'><strong>repetitis</strong></span> <span class='ocrx_word' id='word_1_39' title='bbox 626 638 781 700; x_wconf 85' lang='lat' dir='ltr'><strong>adversum</strong></span> <span class='ocrx_word' id='word_1_40' title='bbox 807 647 945 719; x_wconf 76' lang='lat' dir='ltr'><strong>nepotem</strong></span> <span class='ocrx_word' id='word_1_41' title='bbox 965 648 995 700; x_wconf 89' lang='lat' dir='ltr'><strong>et</strong></span> <span class='ocrx_word' id='word_1_42' title='bbox 1013 655 1236 703; x_wconf 44' lang='lat' dir='ltr'><strong>nurum&amp;-</strong></span> 
     </span>
     <span class='ocr_line' id='line_1_7' title="bbox 104 722 1115 804; baseline -0.002 -20"><span class='ocrx_word' id='word_1_43' title='bbox 104 723 227 804; x_wconf 85' lang='lat' dir='ltr'><strong>probris</strong></span> <span class='ocrx_word' id='word_1_44' title='bbox 242 724 444 803; x_wconf 79' lang='lat' dir='ltr'><strong>increpitaque</strong></span> <span class='ocrx_word' id='word_1_45' title='bbox 461 722 654 804; x_wconf 83' lang='lat' dir='ltr'><strong>perediotum</strong></span> <span class='ocrx_word' id='word_1_46' title='bbox 670 722 771 803; x_wconf 84' lang='lat' dir='ltr'><strong>plebe,</strong></span> <span class='ocrx_word' id='word_1_47' title='bbox 788 732 907 802; x_wconf 86' lang='lat' dir='ltr'><strong>questus</strong></span> <span class='ocrx_word' id='word_1_48' title='bbox 921 722 999 803; x_wconf 84' lang='lat' dir='ltr'><strong>apud</strong></span> <span class='ocrx_word' id='word_1_49' title='bbox 1014 731 1115 802; x_wconf 87' lang='lat' dir='ltr'><strong>patres</strong></span> 
     </span>
    </p>
   </div>
   <div class='ocr_carea' id='block_1_5' title="bbox 11 805 1114 887">
    <p class='ocr_par' dir='ltr' id='par_1_5' title="bbox 11 805 1114 887">
     <span class='ocr_line' id='line_1_8' title="bbox 11 805 1114 887; baseline -0.003 -18"><span class='ocrx_word' id='word_1_50' title='bbox 11 879 12 882; x_wconf 8' lang='grc' dir='ltr'><strong>Ἴ</strong></span> <span class='ocrx_word' id='word_1_51' title='bbox 103 807 188 886; x_wconf 88' lang='lat' dir='ltr'><strong>quod</strong></span> <span class='ocrx_word' id='word_1_52' title='bbox 207 805 309 870; x_wconf 81' lang='lat' dir='ltr'><strong>fraude</strong></span> <span class='ocrx_word' id='word_1_53' title='bbox 323 809 406 868; x_wconf 91' lang='lat' dir='ltr'><strong>unius</strong></span> <span class='ocrx_word' id='word_1_54' title='bbox 429 807 575 869; x_wconf 84' lang='lat' dir='ltr'><strong>senatoris</strong></span> <span class='ocrx_word' id='word_1_55' title='bbox 600 807 786 887; x_wconf 84' lang='lat' dir='ltr'><strong>imperatoria</strong></span> <span class='ocrx_word' id='word_1_56' title='bbox 806 807 943 868; x_wconf 82' lang='lat' dir='ltr'><strong>maiestas</strong></span> <span class='ocrx_word' id='word_1_57' title='bbox 965 806 1046 868; x_wconf 85' lang='lat' dir='ltr'><strong>elusa</strong></span> <span class='ocrx_word' id='word_1_58' title='bbox 1063 825 1114 887; x_wconf 92' lang='lat' dir='ltr'><strong>pu·</strong></span> 
     </span>
    </p>
   </div>
   <div class='ocr_carea' id='block_1_6' title="bbox 103 889 1112 971">
    <p class='ocr_par' dir='ltr' id='par_1_6' title="bbox 103 889 1112 971">
     <span class='ocr_line' id='line_1_9' title="bbox 103 889 1112 971; baseline -0.001 -20"><span class='ocrx_word' id='word_1_59' title='bbox 103 891 187 952; x_wconf 82' lang='lat' dir='ltr'><strong>lrlioe</strong></span> <span class='ocrx_word' id='word_1_60' title='bbox 211 890 307 970; x_wconf 85' lang='lat' dir='ltr'><strong>foret,</strong></span> <span class='ocrx_word' id='word_1_61' title='bbox 328 893 443 970; x_wconf 77' lang='lat' dir='ltr'><strong>integra</strong></span> <span class='ocrx_word' id='word_1_62' title='bbox 464 901 559 954; x_wconf 82' lang='lat' dir='ltr'><strong>tamen</strong></span> <span class='ocrx_word' id='word_1_63' title='bbox 581 889 636 952; x_wconf 85' lang='lat' dir='ltr'><strong>sihi</strong></span> <span class='ocrx_word' id='word_1_64' title='bbox 650 901 754 954; x_wconf 80' lang='lat' dir='ltr'><strong>ennete</strong></span> <span class='ocrx_word' id='word_1_65' title='bbox 769 891 936 971; x_wconf 85' lang='lat' dir='ltr'><strong>postularit.</strong></span> <span class='ocrx_word' id='word_1_66' title='bbox 968 907 1025 951; x_wconf 90' lang='lat' dir='ltr'><strong>nec</strong></span> <span class='ocrx_word' id='word_1_67' title='bbox 1039 890 1112 951; x_wconf 84' lang='lat' dir='ltr'><strong>ultra</strong></span> 
     </span>
    </p>
   </div>
   <div class='ocr_carea' id='block_1_7' title="bbox 14 973 1142 1056">
    <p class='ocr_par' dir='ltr' id='par_1_7' title="bbox 14 973 1142 1056">
     <span class='ocr_line' id='line_1_10' title="bbox 14 973 1142 1056; baseline 0.006 -27"><span class='ocrx_word' id='word_1_68' title='bbox 14 980 20 1029; x_wconf 92' lang='lat'><strong>.&#39;</strong></span> <span class='ocrx_word' id='word_1_69' title='bbox 103 974 300 1037; x_wconf 85' lang='lat' dir='ltr'><strong>deliberatum</strong></span> <span class='ocrx_word' id='word_1_70' title='bbox 317 976 481 1056; x_wconf 86' lang='lat' dir='ltr'><strong>quominus</strong></span> <span class='ocrx_word' id='word_1_71' title='bbox 496 992 554 1036; x_wconf 92' lang='lat' dir='ltr'><strong>uon</strong></span> <span class='ocrx_word' id='word_1_72' title='bbox 573 974 688 1053; x_wconf 89' lang='lat' dir='ltr'><strong>quidem</strong></span> <span class='ocrx_word' id='word_1_73' title='bbox 703 984 832 1036; x_wconf 78' lang='lat' dir='ltr'><strong>extrema</strong></span> <span class='ocrx_word' id='word_1_74' title='bbox 853 975 1048 1036; x_wconf 85' lang='lat' dir='ltr'><strong>decernerent</strong></span> <span class='ocrx_word' id='word_1_75' title='bbox 1069 973 1113 1050; x_wconf 85' lang='lat' dir='ltr'><strong>(id</strong></span> <span class='ocrx_word' id='word_1_76' title='bbox 1124 983 1142 1022; x_wconf 57' lang='grc' dir='ltr'>ὅ</span> 
     </span>
    </p>
   </div>
   <div class='ocr_carea' id='block_1_8' title="bbox 103 1057 1115 1212">
    <p class='ocr_par' dir='ltr' id='par_1_8' title="bbox 103 1057 1115 1212">
     <span class='ocr_line' id='line_1_11' title="bbox 103 1057 1115 1150; baseline -0.002 -30"><span class='ocrx_word' id='word_1_77' title='bbox 103 1060 185 1125; x_wconf 88' lang='lat' dir='ltr'><strong>enirn</strong></span> <span class='ocrx_word' id='word_1_78' title='bbox 202 1061 355 1140; x_wconf 85' lang='lat' dir='ltr'><strong>vetitum),</strong></span> <span class='ocrx_word' id='word_1_79' title='bbox 373 1059 426 1122; x_wconf 92' lang='lat' dir='ltr'><strong>sed</strong></span> <span class='ocrx_word' id='word_1_80' title='bbox 441 1066 559 1140; x_wconf 84' lang='lat' dir='ltr'><strong>paratos</strong></span> <span class='ocrx_word' id='word_1_81' title='bbox 575 1057 612 1119; x_wconf 89' lang='lat' dir='ltr'><strong>ad</strong></span> <span class='ocrx_word' id='word_1_82' title='bbox 627 1057 765 1120; x_wconf 89' lang='lat' dir='ltr'><strong>ultionem</strong></span> <span class='ocrx_word' id='word_1_83' title='bbox 780 1060 809 1120; x_wconf 84' lang='lat' dir='ltr'><strong>vi</strong></span> <span class='ocrx_word' id='word_1_84' title='bbox 825 1059 965 1150; x_wconf 85' lang='lat' dir='ltr'><strong>principis</strong></span> <span class='ocrx_word' id='word_1_85' title='bbox 981 1057 1115 1139; x_wconf 90' lang='lat' dir='ltr'><strong>impediri</strong></span> 
     </span>
     <span class='ocr_line' id='line_1_12' title="bbox 103 1152 295 1212; baseline -0.005 -7"><span class='ocrx_word' id='word_1_86' title='bbox 103 1152 295 1212; x_wconf 81' lang='lat' dir='ltr'><strong>testarentur.</strong></span> 
     </span>
    </p>
   </div>
   <div class='ocr_carea' id='block_1_9' title="bbox 245 1677 915 1832">
    <p class='ocr_par' dir='ltr' id='par_1_9' title="bbox 245 1677 915 1832">
     <span class='ocr_line' id='line_1_13' title="bbox 245 1677 915 1832; baseline -0.004 -6"><span class='ocrx_word' id='word_1_87' title='bbox 245 1677 247 1685; x_wconf 45' lang='grc'><em>’</em></span> <span class='ocrx_word' id='word_1_88' title='bbox 317 1691 651 1832; x_wconf 79' lang='lat' dir='ltr'><strong>nonuuurr</strong></span> <span class='ocrx_word' id='word_1_89' title='bbox 680 1741 915 1823; x_wconf 75' lang='lat' dir='ltr'><strong>unsrun</strong></span> 
     </span>
    </p>
   </div>
   <div class='ocr_carea' id='block_1_10' title="bbox 366 1899 852 2130">
    <p class='ocr_par' dir='ltr' id='par_1_10' title="bbox 366 1899 852 2130">
     <span class='ocr_line' id='line_1_14' title="bbox 366 1899 852 1994; baseline -0.004 -24"><span class='ocrx_word' id='word_1_90' title='bbox 366 1905 413 1970; x_wconf 78' lang='lat' dir='ltr'><strong>nn</strong></span> <span class='ocrx_word' id='word_1_91' title='bbox 434 1901 588 1994; x_wconf 74' lang='lat' dir='ltr'><strong>incussu</strong></span> <span class='ocrx_word' id='word_1_92' title='bbox 606 1901 681 1970; x_wconf 86' lang='lat' dir='ltr'><strong>mu</strong></span> <span class='ocrx_word' id='word_1_93' title='bbox 701 1899 852 1970; x_wconf 75' lang='lat' dir='ltr'><strong>suonam</strong></span> 
     </span>
     <span class='ocr_line' id='line_1_15' title="bbox 467 2039 738 2130; baseline 0.011 -22"><span class='ocrx_word' id='word_1_94' title='bbox 467 2039 649 2130; x_wconf 33' lang='lat' dir='ltr'><strong>,uranu</strong></span> <span class='ocrx_word' id='word_1_95' title='bbox 681 2039 738 2111; x_wconf 87' lang='lat' dir='ltr'><strong>vr.</strong></span> 
     </span>
    </p>
   </div>
   <div class='ocr_carea' id='block_1_11' title="bbox 531 2281 683 2292">
    <p class='ocr_par' dir='ltr' id='par_1_11' title="bbox 531 2281 683 2292">
     <span class='ocr_line' id='line_1_16' title="bbox 531 2281 683 2292; baseline 0 -2"><span class='ocrx_word' id='word_1_96' title='bbox 531 2281 683 2292; x_wconf 79' lang='lat'><em>——-—</em></span> 
     </span>
    </p>
   </div>
   <div class='ocr_carea' id='block_1_12' title="bbox 37 2477 1141 3426">
    <p class='ocr_par' dir='ltr' id='par_1_12' title="bbox 37 2477 1141 3426">
     <span class='ocr_line' id='line_1_17' title="bbox 37 2477 1109 2548; baseline -0.005 -13"><span class='ocrx_word' id='word_1_97' title='bbox 37 2477 42 2482; x_wconf 72' lang='grc'><strong>’</strong></span> <span class='ocrx_word' id='word_1_98' title='bbox 108 2481 327 2535; x_wconf 70' lang='lat' dir='ltr'><strong>antummum.</strong></span> <span class='ocrx_word' id='word_1_99' title='bbox 363 2483 398 2540; x_wconf 91' lang='lat' dir='ltr'><strong>V.</strong></span> <span class='ocrx_word' id='word_1_100' title='bbox 416 2496 473 2548; x_wconf 84' lang='lat' dir='ltr'><strong>cap.</strong></span> <span class='ocrx_word' id='word_1_101' title='bbox 489 2482 514 2534; x_wconf 84' lang='lat'><strong>6.</strong></span> <span class='ocrx_word' id='word_1_102' title='bbox 550 2479 659 2532; x_wconf 82' lang='lat' dir='ltr'><strong>Seianus</strong></span> <span class='ocrx_word' id='word_1_103' title='bbox 677 2481 776 2530; x_wconf 82' lang='lat' dir='ltr'><strong>detecta</strong></span> <span class='ocrx_word' id='word_1_104' title='bbox 793 2481 914 2546; x_wconf 85' lang='lat' dir='ltr'><strong>cupidine</strong></span> <span class='ocrx_word' id='word_1_105' title='bbox 932 2477 1032 2548; x_wconf 82' lang='lat' dir='ltr'><strong>imperii</strong></span> <span class='ocrx_word' id='word_1_106' title='bbox 1049 2496 1109 2547; x_wconf 87' lang='lat' dir='ltr'><strong>per·</strong></span> 
     </span>
     <span class='ocr_line' id='line_1_18' title="bbox 144 2547 1110 2615; baseline -0.002 -15"><span class='ocrx_word' id='word_1_107' title='bbox 144 2551 263 2611; x_wconf 83' lang='lat' dir='ltr'><strong>vertitur,</strong></span> <span class='ocrx_word' id='word_1_108' title='bbox 287 2547 323 2610; x_wconf 84' lang='lat' dir='ltr'><strong>V,</strong></span> <span class='ocrx_word' id='word_1_109' title='bbox 353 2552 420 2602; x_wconf 80' lang='lat' dir='ltr'><strong>&#39;i-9</strong></span> <span class='ocrx_word' id='word_1_110' title='bbox 437 2563 496 2599; x_wconf 86' lang='lat' dir='ltr'><strong>enm</strong></span> <span class='ocrx_word' id='word_1_111' title='bbox 518 2563 613 2615; x_wconf 74' lang='lat' dir='ltr'><strong>magua</strong></span> <span class='ocrx_word' id='word_1_112' title='bbox 634 2549 773 2599; x_wconf 82' lang='lat' dir='ltr'><strong>amicorum</strong></span> <span class='ocrx_word' id='word_1_113' title='bbox 796 2561 891 2614; x_wconf 78' lang='lat' dir='ltr'><strong>strage.</strong></span> <span class='ocrx_word' id='word_1_114' title='bbox 928 2552 969 2601; x_wconf 79' lang='lat'><strong>10.</strong></span> <span class='ocrx_word' id='word_1_115' title='bbox 992 2549 1110 2599; x_wconf 90' lang='lat' dir='ltr'><strong>Pseudo·</strong></span> 
     </span>
     <span class='ocr_line' id='line_1_19' title="bbox 143 2613 1141 2684; baseline -0.003 -16"><span class='ocrx_word' id='word_1_116' title='bbox 143 2617 257 2668; x_wconf 80' lang='lat' dir='ltr'>Drusum</span> <span class='ocrx_word' id='word_1_117' title='bbox 274 2618 438 2684; x_wconf 81' lang='lat' dir='ltr'><strong>persequitur</strong></span> <span class='ocrx_word' id='word_1_118' title='bbox 453 2616 591 2682; x_wconf 81' lang='lat' dir='ltr'><strong>Poppaeus</strong></span> <span class='ocrx_word' id='word_1_119' title='bbox 610 2613 801 2666; x_wconf 71' lang='lat' dir='ltr'><strong>Sabinus-11.</strong></span> <span class='ocrx_word' id='word_1_120' title='bbox 820 2613 955 2667; x_wconf 74' lang='lat' dir='ltr'><strong>Discordia</strong></span> <span class='ocrx_word' id='word_1_121' title='bbox 973 2615 1109 2666; x_wconf 81' lang='lat' dir='ltr'><strong>consulum</strong></span> <span class='ocrx_word' id='word_1_122' title='bbox 1137 2655 1141 2672; x_wconf 83' lang='lat'><strong>.</strong></span> 
     </span>
     <span class='ocr_line' id='line_1_20' title="bbox 143 2681 1110 2750; baseline -0.003 -15"><span class='ocrx_word' id='word_1_123' title='bbox 143 2685 176 2738; x_wconf 70' lang='lat'><strong>1³.</strong></span> <span class='ocrx_word' id='word_1_124' title='bbox 194 2685 412 2736; x_wconf 73' lang='lat' dir='ltr'><strong>Fulciniilrionis</strong></span> <span class='ocrx_word' id='word_1_125' title='bbox 431 2693 456 2734; x_wconf 86' lang='lat' dir='ltr'><strong>et</strong></span> <span class='ocrx_word' id='word_1_126' title='bbox 463 2683 491 2736; x_wconf 90' lang='lat' dir='ltr'><strong>P.</strong></span> <span class='ocrx_word' id='word_1_127' title='bbox 502 2684 614 2734; x_wconf 88' lang='lat' dir='ltr'><strong>Memmii</strong></span> <span class='ocrx_word' id='word_1_128' title='bbox 625 2683 728 2750; x_wconf 77' lang='lat' dir='ltr'><strong>Reguli.</strong></span> <span class='ocrx_word' id='word_1_129' title='bbox 746 2681 791 2742; x_wconf 91' lang='lat' dir='ltr'><strong>Vl,</strong></span> <span class='ocrx_word' id='word_1_130' title='bbox 810 2685 833 2732; x_wconf 90' lang='lat'><strong>1.</strong></span> <span class='ocrx_word' id='word_1_131' title='bbox 842 2681 936 2733; x_wconf 82' lang='lat' dir='ltr'><strong>Tiberii</strong></span> <span class='ocrx_word' id='word_1_132' title='bbox 950 2683 1041 2734; x_wconf 79' lang='lat' dir='ltr'><strong>foedae</strong></span> <span class='ocrx_word' id='word_1_133' title='bbox 1049 2684 1110 2733; x_wconf 84' lang='lat' dir='ltr'><strong>libi-</strong></span> 
     </span>
     <span class='ocr_line' id='line_1_21' title="bbox 144 2749 1110 2814; baseline -0.002 -11"><span class='ocrx_word' id='word_1_134' title='bbox 144 2753 228 2804; x_wconf 85' lang='lat' dir='ltr'><strong>dines.</strong></span> <span class='ocrx_word' id='word_1_135' title='bbox 262 2755 288 2804; x_wconf 80' lang='lat'><strong>2.</strong></span> <span class='ocrx_word' id='word_1_136' title='bbox 305 2753 334 2802; x_wconf 93' lang='lat' dir='ltr'><strong>ln</strong></span> <span class='ocrx_word' id='word_1_137' title='bbox 352 2749 441 2803; x_wconf 83' lang='lat' dir='ltr'><strong>Seiani</strong></span> <span class='ocrx_word' id='word_1_138' title='bbox 457 2761 483 2802; x_wconf 90' lang='lat' dir='ltr'><strong>et</strong></span> <span class='ocrx_word' id='word_1_139' title='bbox 499 2749 587 2801; x_wconf 79' lang='lat' dir='ltr'><strong>Liuiae</strong></span> <span class='ocrx_word' id='word_1_140' title='bbox 604 2753 754 2801; x_wconf 82' lang='lat' dir='ltr'><strong>memoriam</strong></span> <span class='ocrx_word' id='word_1_141' title='bbox 776 2751 897 2800; x_wconf 73' lang='lat' dir='ltr'><strong>saevitur.</strong></span> <span class='ocrx_word' id='word_1_142' title='bbox 914 2750 1026 2814; x_wconf 77' lang='lat' dir='ltr'><strong>Togouii</strong></span> <span class='ocrx_word' id='word_1_143' title='bbox 1043 2751 1110 2801; x_wconf 81' lang='lat' dir='ltr'><strong>adu·</strong></span> 
     </span>
     <span class='ocr_line' id='line_1_22' title="bbox 143 2817 1109 2886; baseline -0.002 -16"><span class='ocrx_word' id='word_1_144' title='bbox 143 2820 266 2872; x_wconf 83' lang='lat' dir='ltr'><strong>lationem</strong></span> <span class='ocrx_word' id='word_1_145' title='bbox 277 2822 399 2886; x_wconf 80' lang='lat' dir='ltr'><strong>princeps</strong></span> <span class='ocrx_word' id='word_1_146' title='bbox 411 2819 509 2882; x_wconf 81' lang='lat' dir='ltr'><strong>irridet,</strong></span> <span class='ocrx_word' id='word_1_147' title='bbox 521 2821 546 2870; x_wconf 80' lang='grc'><strong>3.</strong></span> <span class='ocrx_word' id='word_1_148' title='bbox 557 2817 681 2870; x_wconf 81' lang='lat' dir='ltr'><strong>Gallionis</strong></span> <span class='ocrx_word' id='word_1_149' title='bbox 690 2820 805 2881; x_wconf 85' lang='lat' dir='ltr'><strong>increpat</strong></span> <span class='ocrx_word' id='word_1_150' title='bbox 814 2826 838 2866; x_wconf 83' lang='lat' dir='ltr'><strong>et</strong></span> <span class='ocrx_word' id='word_1_151' title='bbox 847 2819 928 2882; x_wconf 89' lang='lat' dir='ltr'><strong>punit.</strong></span> <span class='ocrx_word' id='word_1_152' title='bbox 945 2817 1109 2870; x_wconf 79' lang='lat' dir='ltr'><strong>Paconianus</strong></span> 
     </span>
     <span class='ocr_line' id='line_1_23' title="bbox 144 2883 1110 2938; baseline -0.004 0"><span class='ocrx_word' id='word_1_153' title='bbox 144 2887 170 2938; x_wconf 79' lang='lat' dir='ltr'><strong>t.</strong></span> <span class='ocrx_word' id='word_1_154' title='bbox 188 2885 308 2938; x_wconf 68' lang='lat' dir='ltr'><strong>Latiaris.</strong></span> <span class='ocrx_word' id='word_1_155' title='bbox 326 2886 470 2938; x_wconf 71' lang='lat' dir='ltr'><strong>Discidium</strong></span> <span class='ocrx_word' id='word_1_156' title='bbox 486 2885 622 2936; x_wconf 84' lang='lat' dir='ltr'><strong>consulum</strong></span> <span class='ocrx_word' id='word_1_157' title='bbox 640 2885 714 2936; x_wconf 81' lang='lat' dir='ltr'><strong>aedat</strong></span> <span class='ocrx_word' id='word_1_158' title='bbox 724 2883 862 2935; x_wconf 81' lang='lat' dir='ltr'><strong>illeximus.</strong></span> <span class='ocrx_word' id='word_1_159' title='bbox 879 2885 905 2936; x_wconf 75' lang='grc'><strong>6.</strong></span> <span class='ocrx_word' id='word_1_160' title='bbox 924 2883 998 2935; x_wconf 78' lang='lat' dir='ltr'><strong>Cotta</strong></span> <span class='ocrx_word' id='word_1_161' title='bbox 1010 2885 1110 2936; x_wconf 83' lang='lat' dir='ltr'><strong>Messa·</strong></span> 
     </span>
     <span class='ocr_line' id='line_1_24' title="bbox 144 2951 1109 3018; baseline 0.001 -15"><span class='ocrx_word' id='word_1_162' title='bbox 144 2953 213 3004; x_wconf 84' lang='lat' dir='ltr'><strong>linus</strong></span> <span class='ocrx_word' id='word_1_163' title='bbox 222 2968 366 3006; x_wconf 76' lang='lat' dir='ltr'><strong>accusatus.</strong></span> <span class='ocrx_word' id='word_1_164' title='bbox 379 2956 404 3005; x_wconf 85' lang='grc'><strong>6.</strong></span> <span class='ocrx_word' id='word_1_165' title='bbox 413 2954 507 3006; x_wconf 86' lang='lat' dir='ltr'><strong>Tiberii</strong></span> <span class='ocrx_word' id='word_1_166' title='bbox 519 2952 662 3015; x_wconf 76' lang='lat' dir='ltr'><strong>contessi03</strong></span> <span class='ocrx_word' id='word_1_167' title='bbox 676 2965 848 3016; x_wconf 65' lang='lat' dir='ltr'><strong>tyrannorum</strong></span> <span class='ocrx_word' id='word_1_168' title='bbox 861 2951 958 3002; x_wconf 85' lang='lat' dir='ltr'><strong>occulta</strong></span> <span class='ocrx_word' id='word_1_169' title='bbox 970 2951 1109 3018; x_wconf 85' lang='lat' dir='ltr'><strong>supplicia.</strong></span> 
     </span>
     <span class='ocr_line' id='line_1_25' title="bbox 143 3017 1107 3081; baseline 0 -9"><span class='ocrx_word' id='word_1_170' title='bbox 143 3022 171 3075; x_wconf 77' lang='lat' dir='ltr'><strong>i.</strong></span> <span class='ocrx_word' id='word_1_171' title='bbox 189 3021 359 3081; x_wconf 73' lang='lat' dir='ltr'><strong>Caecilianus,</strong></span> <span class='ocrx_word' id='word_1_172' title='bbox 377 3019 513 3081; x_wconf 82' lang='lat' dir='ltr'><strong>Servaeus,</strong></span> <span class='ocrx_word' id='word_1_173' title='bbox 534 3019 658 3070; x_wconf 83' lang='lat' dir='ltr'><strong>Thermus</strong></span> <span class='ocrx_word' id='word_1_174' title='bbox 678 3020 800 3070; x_wconf 82' lang='lat' dir='ltr'><strong>damnati.</strong></span> <span class='ocrx_word' id='word_1_175' title='bbox 826 3017 973 3070; x_wconf 74' lang='lat' dir='ltr'><strong>Delationes</strong></span> <span class='ocrx_word' id='word_1_176' title='bbox 994 3019 1107 3072; x_wconf 80' lang='lat' dir='ltr'><strong>crebrae.</strong></span> 
     </span>
     <span class='ocr_line' id='line_1_26' title="bbox 144 3087 1111 3152; baseline -0.004 -12"><span class='ocrx_word' id='word_1_177' title='bbox 144 3090 171 3141; x_wconf 80' lang='lat'><strong>8.</strong></span> <span class='ocrx_word' id='word_1_178' title='bbox 184 3091 210 3140; x_wconf 82' lang='lat' dir='ltr'><strong>e.</strong></span> <span class='ocrx_word' id='word_1_179' title='bbox 222 3089 257 3142; x_wconf 85' lang='lat' dir='ltr'><strong>ll.</strong></span> <span class='ocrx_word' id='word_1_180' title='bbox 276 3088 419 3148; x_wconf 75' lang='lat' dir='ltr'><strong>Terentius,</strong></span> <span class='ocrx_word' id='word_1_181' title='bbox 438 3088 470 3139; x_wconf 89' lang='lat' dir='ltr'><strong>ob</strong></span> <span class='ocrx_word' id='word_1_182' title='bbox 489 3087 576 3138; x_wconf 86' lang='lat' dir='ltr'><strong>Seiani</strong></span> <span class='ocrx_word' id='word_1_183' title='bbox 593 3087 731 3138; x_wconf 80' lang='lat' dir='ltr'><strong>amicitiam</strong></span> <span class='ocrx_word' id='word_1_184' title='bbox 748 3096 897 3148; x_wconf 75' lang='lat' dir='ltr'><strong>accersatur,</strong></span> <span class='ocrx_word' id='word_1_185' title='bbox 916 3087 1019 3152; x_wconf 77' lang='lat' dir='ltr'><strong>egregie</strong></span> <span class='ocrx_word' id='word_1_186' title='bbox 1036 3098 1062 3139; x_wconf 84' lang='lat' dir='ltr'><strong>et</strong></span> <span class='ocrx_word' id='word_1_187' title='bbox 1077 3087 1111 3136; x_wconf 93' lang='lat' dir='ltr'><strong>li·</strong></span> 
     </span>
     <span class='ocr_line' id='line_1_27' title="bbox 147 3151 1111 3218; baseline -0.002 -12"><span class='ocrx_word' id='word_1_188' title='bbox 147 3157 207 3209; x_wconf 80' lang='lat' dir='ltr'><strong>bere</strong></span> <span class='ocrx_word' id='word_1_189' title='bbox 222 3172 251 3210; x_wconf 80' lang='lat' dir='ltr'><strong>ae</strong></span> <span class='ocrx_word' id='word_1_190' title='bbox 268 3156 382 3214; x_wconf 84' lang='lat' dir='ltr'><strong>deieudit</strong></span> <span class='ocrx_word' id='word_1_191' title='bbox 400 3166 425 3208; x_wconf 83' lang='lat' dir='ltr'><strong>et</strong></span> <span class='ocrx_word' id='word_1_192' title='bbox 441 3151 591 3207; x_wconf 74' lang='lat' dir='ltr'><strong>absolvitur.</strong></span> <span class='ocrx_word' id='word_1_193' title='bbox 610 3153 727 3206; x_wconf 75' lang='lat' dir='ltr'><strong>Visellius</strong></span> <span class='ocrx_word' id='word_1_194' title='bbox 745 3169 775 3206; x_wconf 87' lang='lat' dir='ltr'><strong>se</strong></span> <span class='ocrx_word' id='word_1_195' title='bbox 790 3154 920 3205; x_wconf 83' lang='lat' dir='ltr'><strong>interimit.</strong></span> <span class='ocrx_word' id='word_1_196' title='bbox 943 3154 1032 3206; x_wconf 81' lang='lat' dir='ltr'><strong>Plures</strong></span> <span class='ocrx_word' id='word_1_197' title='bbox 1050 3169 1111 3218; x_wconf 76' lang='lat' dir='ltr'><strong>gre-</strong></span> 
     </span>
     <span class='ocr_line' id='line_1_28' title="bbox 147 3234 1112 3358; baseline -0.009 -16"><span class='ocrx_word' id='word_1_198' title='bbox 147 3234 408 3347; x_wconf 51' lang='lat' dir='ltr'><strong>gullll.aledml&#39;lsudnis</strong></span> <span class='ocrx_word' id='word_1_199' title='bbox 425 3290 555 3358; x_wconf 82' lang='lat' dir='ltr'><strong>pontilicis</strong></span> <span class='ocrx_word' id='word_1_200' title='bbox 573 3303 642 3342; x_wconf 86' lang='lat' dir='ltr'><strong>mors</strong></span> <span class='ocrx_word' id='word_1_201' title='bbox 655 3297 679 3340; x_wconf 86' lang='lat' dir='ltr'><strong>et</strong></span> <span class='ocrx_word' id='word_1_202' title='bbox 691 3288 777 3341; x_wconf 83' lang='lat' dir='ltr'><strong>lanus.</strong></span> <span class='ocrx_word' id='word_1_203' title='bbox 796 3289 838 3341; x_wconf 88' lang='grc'><strong>11.</strong></span> <span class='ocrx_word' id='word_1_204' title='bbox 849 3264 1025 3338; x_wconf 79' lang='lat' dir='ltr'><strong>Pmeieoturae</strong></span> <span class='ocrx_word' id='word_1_205' title='bbox 1038 3285 1112 3334; x_wconf 82' lang='lat' dir='ltr'><strong>urbis</strong></span> 
     </span>
     <span class='ocr_line' id='line_1_29' title="bbox 149 3351 1109 3426; baseline -0.004 -18"><span class='ocrx_word' id='word_1_206' title='bbox 149 3357 224 3424; x_wconf 75' lang='lat' dir='ltr'><strong>origo</strong></span> <span class='ocrx_word' id='word_1_207' title='bbox 242 3370 266 3410; x_wconf 82' lang='lat' dir='ltr'><strong>et</strong></span> <span class='ocrx_word' id='word_1_208' title='bbox 282 3371 446 3426; x_wconf 76' lang='lat' dir='ltr'><strong>progressus.</strong></span> <span class='ocrx_word' id='word_1_209' title='bbox 465 3359 507 3415; x_wconf 75' lang='lat'><strong>12.</strong></span> <span class='ocrx_word' id='word_1_210' title='bbox 525 3355 562 3408; x_wconf 84' lang='lat' dir='ltr'><strong>De</strong></span> <span class='ocrx_word' id='word_1_211' title='bbox 574 3352 706 3420; x_wconf 68' lang='lat' dir='ltr'><strong>Sibyllinis</strong></span> <span class='ocrx_word' id='word_1_212' title='bbox 719 3356 874 3406; x_wconf 76' lang='lat' dir='ltr'><strong>carminibus</strong></span> <span class='ocrx_word' id='word_1_213' title='bbox 886 3351 1047 3406; x_wconf 76' lang='lat' dir='ltr'><strong>consultatio.</strong></span> <span class='ocrx_word' id='word_1_214' title='bbox 1066 3354 1109 3404; x_wconf 76' lang='lat' dir='ltr'><strong>m</strong></span> 
     </span>
    </p>
   </div>
   <div class='ocr_carea' id='block_1_13' title="bbox 0 0 1290 3878">
    <p class='ocr_par' dir='ltr' id='par_1_13' title="bbox 0 0 1290 3878">
     <span class='ocr_line' id='line_1_30' title="bbox 0 0 1290 3878; baseline 0 0"><span class='ocrx_word' id='word_1_215' title='bbox 0 0 1290 3878; x_wconf 95' lang='lat' dir='ltr'><strong> </strong></span> 
     </span>
    </p>
   </div>
  </div>
 </body>
</html>
