2602 3880
185 161 247 225 272
437 172 603 222 conusnn
618 172 736 222 uacum
754 174 939 222 annuarum
1001 239 1004 250 .

184 348 257 408 gera
283 345 340 389 non
366 327 555 407 erubescunt,
586 328 701 390 iniurias
733 346 799 390 suas
829 327 904 388 ultus
932 335 977 389 cst
1007 327 1192 406 interlector,
1280 321 1281 328 '

185 415 251 492 qnia
272 410 308 470 de
336 421 456 493 paterna
477 413 600 492 pecunia
622 421 803 490 transegerat
822 420 869 472 aut
889 413 994 474 avitum
1016 415 1188 493 mancipium

150 493 410 641 adapralrebaturi
447 497 663 576 pronuntiemus
695 497 770 556 ultro
803 494 947 556 dominum
978 497 1045 556 iure·
1071 514 1188 559 caesum

186 600 213 641 vr
233 598 285 640 err.
628 609 632 618 ι

246 666 298 726 44.
325 663 408 726 libet
429 673 595 742 argumenta
622 664 795 744 conquirere
820 666 848 723 in
872 681 908 725 eo
932 663 1010 743 qnod
1032 665 1189 752 sapientio-
1284 710 1285 714 ,

183 748 263 811 ribus
286 747 475 810 deliberatum
498 745 564 808 esti
594 747 646 809 sed
673 757 702 809 et
724 749 750 808 si
770 765 845 808 nunc
867 750 987 827 primum
1007 748 1190 810 statuendam

183 831 373 910 haberemus,
404 831 559 893 creditisne
586 849 703 893 serrum
727 832 917 892 interficiendi
938 832 1044 895 domini
1064 832 1190 893 animum

185 917 361 995 sumpsisse,
386 925 416 975 ut
433 933 491 976 nou
512 933 571 978 vox
591 916 687 977 minax
707 916 874 993 excideret,
903 915 973 977 nihil
998 935 1052 995 per
1072 918 1189 978 temeri-

160 1010 270 1066 atatem
285 999 534 1080 proloqueretur?
562 1018 634 1061 sane
653 999 804 1062 consilium
817 999 988 1078 occultavit,
1010 1000 1098 1061 telum
1113 1002 1191 1064 inter

191 1085 310 1160 ignaros
327 1083 454 1160 parauit:
476 1100 542 1141 num
557 1083 695 1144 excubias
711 1085 847 1160 transire,
863 1081 987 1144 cubiculi
999 1080 1185 1143 loresrcclu·
1287 1076 1288 1092 ³

115 1218 120 1226 .
190 1167 275 1244 dere,
293 1165 517 1242 lumeninierre,
534 1167 772 1247 caedempatrare
775 1175 899 1245 poterut
913 1167 1043 1227 cornibus
1052 1162 1184 1228 nesciis?

183 1247 271 1308 multa
286 1247 409 1308 sceleris
429 1247 534 1308 indicia
549 1247 754 1326 praeveniunt:
778 1249 855 1309 servi
880 1249 903 1307 si
925 1246 1063 1327 prodant,
1083 1263 1189 1326 possu-

183 1350 245 1392 mus
260 1331 365 1410 singuli
379 1332 453 1393 inter
470 1332 581 1410 plures,
599 1332 651 1392 tuti
667 1331 741 1391 inter
756 1333 868 1410 anxios,
888 1340 1055 1412 postremo,
1073 1330 1099 1389 si
1118 1348 1188 1410 per·
1289 1321 1290 1390 l

150 1435 175 1477 ιο
185 1415 306 1477 euudmn
320 1416 373 1493 sit,
396 1433 454 1477 oon
472 1416 553 1477 inulti
568 1417 643 1476 iuter
658 1425 799 1477 nocentes
815 1434 914 1495 agere.
946 1422 1082 1494 suspecta
1098 1416 1187 1474 maio·

183 1500 263 1561 ribus
283 1501 390 1560 nostris
409 1501 525 1560 luerunt
544 1501 659 1578 ingenia
684 1518 849 1577 servorum,
871 1500 955 1586 etiam
972 1517 1036 1560 cum
1056 1499 1086 1558 iu
1106 1500 1190 1575 agris

186 1593 234 1645 aut
248 1583 380 1644 domibus
401 1583 492 1644 isdem
507 1593 696 1644 nascerentur
713 1585 920 1663 caritatemque
934 1583 1114 1644 dominorum
1130 1591 1190 1642 sta-

184 1669 231 1728 tim
246 1670 425 1746 acciperent.
458 1677 610 1747 postquam
626 1684 698 1727 vero
715 1669 846 1728 nationes
862 1667 891 1726 in
906 1667 1022 1727 iamiliis
1037 1664 1189 1743 hahemus,

183 1752 286 1829 quibua
304 1749 411 1810 diversi
428 1752 509 1826 ritus,
526 1759 646 1810 externa
663 1768 746 1810 sacra
765 1759 812 1811 aut
824 1749 902 1811 nulla
919 1760 999 1828 sunt,
1024 1749 1189 1812 conluviem

148 1835 265 1898 aristam
287 1850 344 1892 non
368 1833 422 1893 nisi
445 1842 522 1893 metu
551 1835 728 1893 coercueris.
771 1843 799 1893 at
823 1832 934 1912 quidam
958 1835 1088 1894 insontes
1109 1836 1174 1912 peri

182 1917 261 1976 hunt.
292 1933 355 1975 nam
380 1925 409 1976 et
429 1935 466 1976 ex
487 1916 552 1976 iuso
575 1918 707 1978 exercitu
731 1934 793 1976 cum
812 1917 949 1978 decumus
971 1920 1094 1998 quisque
1119 1917 1187 1977 iustr
1294 1951 1295 1958 ι

181 2001 292 2078 ieritur,
308 2001 394 2060 etiam
405 2001 513 2061 strenui
526 2002 691 2061 sortiuntur.
719 1999 806 2062 habet
820 2002 926 2081 aliquid
939 2021 976 2062 ex
988 2003 1088 2081 iniquo
1101 2019 1187 2062 omne

181 2102 314 2228 magurqm
343 2083 524 2164 exemplum,
552 2083 628 2163 quod
650 2094 751 2146 contra
774 2087 905 2164 singulos
926 2087 1048 2148 utilitate
1070 2085 1185 2167 publica

181 2187 274 2248 repen
295 2170 372 2229 itur!
398 2241 401 2248 ,

243 2254 296 2314 45.
320 2253 486 2315 Sententiae
505 2251 599 2314 Cassii
615 2261 645 2313 ut
664 2270 749 2313 nemo
766 2272 837 2314 unus
852 2263 952 2315 contra
969 2255 1010 2314 ire
1026 2273 1113 2314 ausus
1131 2263 1185 2329 est,

181 2339 221 2398 ita
243 2335 377 2398 dissonae
399 2355 490 2398 voces
515 2335 734 2417 respondebant
755 2355 901 2398 nnmerum
922 2347 970 2400 aut
992 2345 1115 2399 aetatem
1137 2344 1186 2398 aut

182 2438 282 2482 sexum
310 2439 344 2481 ac
371 2421 557 2502 plurimorum
584 2421 728 2482 indubiam
755 2422 947 2482 innocentiam
973 2423 1183 2482 miserantium:

183 2505 344 2584 praevaluit
362 2515 456 2567 tamen
475 2523 543 2585 pars
560 2523 634 2583 quae
653 2506 826 2585 supplicium
842 2505 1026 2568 decernebat.
1059 2504 1112 2566 sed
1131 2503 1183 2564 olt-

155 2590 337 2666 etemperari
361 2607 419 2650 non
445 2599 578 2668 poterat,
606 2590 784 2668 conglobata
810 2589 986 2650 multitudine
1008 2599 1036 2648 et
1058 2603 1187 2686 saxaag

183 2672 264 2731 iaces
285 2673 418 2732 minante.
450 2681 508 2732 tum
523 2671 633 2734 Caesar
655 2675 793 2754 populum
816 2673 912 2734 edicto
935 2675 1076 2752 increpuit
1096 2683 1193 2752 atqua

183 2771 267 2814 omne
289 2756 361 2832 iter,
386 2774 442 2835 quo
463 2757 585 2817 damnati
609 2759 644 2818 ad
661 2776 784 2838 poenam
802 2757 993 2835 ducebantur,
1013 2757 1212 2838 militaribus*

182 2837 336 2918 praesidiis
352 2841 470 2920 saepsit.
502 2851 655 2902 censuerat
671 2840 830 2920 Cingonius
845 2843 940 2904 Varro
958 2851 986 2903 nt
1002 2841 1097 2902 liberti
1112 2853 1186 2921 quo·

183 2940 250 3002 que,
270 2925 317 3002 qni
332 2922 385 2983 sub
401 2924 503 2985 eodem
519 2932 596 2985 tecto
613 2925 750 3002 luissent,
766 2926 846 2986 ltalia
862 2925 1094 3005 deportarentur.
1125 2924 1184 2985 ida

148 3025 172 3068 ro
182 3007 315 3086 principe
332 3007 503 3086 prohibitum
519 3017 573 3085 est,
592 3027 629 3068 ne
645 3027 709 3069 moa
724 3012 867 3088 antiquus,
884 3029 969 3089 quem
984 3009 1185 3070 misericordia

181 3109 238 3151 non
255 3090 404 3170 minuerat,
421 3111 475 3171 per
489 3092 639 3154 saevitiam
653 3092 858 3168 intenderetur.

101 3176 295 3238 κ-4..6.
318 3175 473 3237 Damnatus
499 3176 590 3236 isdem
619 3177 785 3239 consulibus
809 3176 972 3255 Tarquitius
994 3179 1110 3239 Priscus
1137 3194 1184 3237 re·

181 3259 368 3339 petundarnm
390 3260 519 3336 Bithynis
534 3260 793 3340 interrogantibus,
814 3278 919 3339 magno
937 3271 1049 3342 patrum
1064 3259 1183 3339 gaudio,
1199 3255 1206 3264 '

181 3344 229 3423 qui
256 3355 420 3406 accusatum
441 3344 477 3406 ab
501 3362 538 3405 eo
558 3346 697 3407 Statilium
720 3346 842 3408 Taurum
869 3362 923 3423 pro
947 3346 1066 3407 consule
1090 3345 1182 3422 ipsius
1254 3370 1260 3381 ·

179 3427 376 3489 meminerunt.
419 3447 524 3490 census
555 3445 610 3509 per
635 3430 743 3491 Gallias
776 3451 791 3492 a
817 3431 852 3506 Q.
879 3429 1001 3491 Volusio
1027 3438 1056 3490 et
1079 3427 1181 3490 Sextio
