2570 3878
413 137 518 188 nunna
539 140 603 188 xrs.
627 140 702 190 cnr.
718 139 852 194 40-—44-
1073 131 1134 194 213

132 293 341 376 praetoriarum
367 293 529 354 cohortium
551 311 620 356 cura
642 295 864 358 exsolverentur
885 297 987 360 husius
1012 296 1082 359 Geta
1107 308 1136 360 et

131 379 252 440 Rufrius·
265 375 433 456 Crispinus,
457 395 530 456 quos
547 378 723 442 Messalinae
737 397 883 443 memores
902 391 931 443 et
952 380 1052 442 liberis
1072 383 1135 442 eius

131 463 284 524 devinctos
302 461 450 523 credebat.
483 463 570 540 igitur
591 463 709 526 distrahi
732 463 870 532 cohortes
890 465 995 528 ambitu
1016 465 1135 527 duorum

132 556 170 623 et,
189 547 214 606 si
228 545 265 608 ab
277 563 337 606 uno
351 556 538 624 regerentur,
559 547 742 609 intentiorem
763 549 828 610 lore
849 549 1031 629 disciplinam
1049 549 1158 611 adse-s

14 660 21 676 ι
131 639 382 708 commonuere,
414 631 585 692 transfertur
611 633 742 710 regimen
768 632 928 694 cohortium
955 633 990 694 ad
1015 633 1136 694 Burrum

131 715 296 793 hirneam,
321 715 463 793 egregiae
488 715 619 780 militaris
643 717 754 794 famam
783 735 903 795 gnarum
932 727 1025 800 tamen
1055 719 1136 778 cuius

131 807 237 879 sponte
257 799 476 880 praeficeretur.
507 817 588 860 suum
604 817 720 880 quoque
740 801 886 878 fastigium
906 801 1070 882 Agrippina
1087 819 1135 862 ex·

130 883 238 944 tollere
254 883 352 944 altius:
370 893 509 964 carpento
525 882 699 964 capitolium
715 885 839 964 ingredi,
857 888 905 964 qui
928 885 1022 947 honos
1039 903 1136 948 sacer·

130 966 246 1028 dotibus
262 976 291 1027 et
306 968 398 1028 sacris
417 969 570 1048 antiquitus
587 985 747 1034 concessus
766 971 986 1034 venerationem
1008 969 1171 1047 angebatttt

130 1052 268 1130 feminae,
290 1069 374 1131 quam
393 1053 569 1131 imperatore
585 1055 726 1132 genitam,
750 1071 883 1116 sororem
898 1054 960 1116 eius
976 1054 1024 1132 qui
1039 1071 1136 1116 rernm

130 1137 239 1216 potitus
262 1137 298 1197 sit
320 1144 349 1196 et
372 1138 530 1214 comugem·
546 1146 577 1200 et
597 1147 716 1200 scutram
737 1139 843 1216 fuisse,
865 1139 980 1198 unicum
1001 1137 1037 1198 ad
1059 1138 1136 1198 hunc

130 1221 206 1280 diem
220 1220 384 1300 exemplum
401 1229 454 1282 est.
482 1223 558 1282 inter
570 1239 645 1301 quae
663 1223 838 1302 praecipuus
854 1229 1058 1303 propugnator
1071 1222 1136 1282 eius

130 1303 282 1381 Vitellius,
306 1303 483 1366 ualidissime
502 1307 613 1383 gratia,
637 1314 733 1368 aetate
748 1315 879 1372 extrema
897 1304 989 1387 (adeo
1004 1306 1135 1368 incertae

130 1397 195 1448 sunt
215 1391 374 1468 potentium
393 1388 458 1466 res)
480 1391 667 1452 accusatione
682 1391 856 1470 corripitur,
880 1389 1034 1452 deferente
1053 1388 1133 1450 lunio
1145 1405 1169 1448 rr

129 1473 211 1552 hnpo
232 1481 377 1534 senatore.
415 1475 440 1534 is
462 1474 580 1534 crimina
603 1474 760 1537 maiestatis
784 1483 814 1534 et
837 1472 1001 1552 cupidinem
1022 1473 1136 1552 imperii

131 1555 312 1627 ebiectsbut3
341 1556 583 1638 praebuissetque
612 1555 847 1635 emendasse,
874 1557 930 1619 nisi
952 1557 1137 1636 Agrippinae

130 1642 212 1701 minis
227 1641 320 1718 magis
340 1659 426 1720 quam
439 1641 578 1721 precibus
589 1651 711 1708 mutatus
725 1650 820 1718 esset,
836 1649 867 1702 ut
880 1641 1045 1701 accusatori
1062 1656 1136 1718 aqua

128 1733 217 1804 atque
231 1726 292 1803 igni
305 1725 503 1788 interdiceret.
531 1725 672 1788 hactenus
687 1726 822 1788 Vitellius
838 1725 981 1788 volueret.

193 1807 245 1870 43.
263 1808 352 1870 blnlta
370 1829 406 1870 eo
422 1826 497 1871 anno
512 1811 647 1889 prodigia
663 1827 800 1872 evenere.
831 1810 975 1870 insessum
990 1807 1060 1870 diris
1076 1807 1134 1868 avi·

129 1895 184 1954 bus
201 1891 392 1971 Capitulium,
414 1893 526 1956 crebris
548 1893 785 1957 terraemotibus
801 1901 941 1973 prorutae
957 1891 1076 1970 domus,
1101 1908 1137 1951 ac

129 1979 196 2038 dum
210 1977 296 2038 latius
310 1980 459 2056 metuitur,
478 1978 672 2059 trepidatione
686 1979 767 2056 vulgi
782 1976 926 2041 inualidus
945 1977 1067 2055 quisque
1084 1974 1135 2034 ob-

129 2064 203 2132 triti;
224 2061 339 2139 frugum
363 2077 480 2142 quoque
501 2073 621 2140 egestas
644 2071 674 2126 et
693 2070 758 2125 orta
772 2081 810 2122 eu
831 2079 868 2122 eo
885 2061 977 2122 fames
991 2060 1020 2118 in
1038 2057 1134 2138 prodi·
1246 2095 1248 2099 ,

127 2149 208 2224 gium
234 2145 441 2226 accipiebatur.
475 2165 531 2210 uec
557 2145 665 2216 occulti
689 2155 797 2208 tantum
823 2153 959 2224 questus,
993 2143 1046 2204 sed
1072 2144 1159 2202 iuras

128 2229 300 2294 reddentem
317 2228 467 2291 Claudium
487 2233 701 2294 circumvasere
716 2229 892 2296 elamoribus
909 2225 1048 2304 turbidis,
1073 2225 1136 2308 pul·

128 2331 250 2393 sumque
264 2317 294 2374 in
309 2323 467 2376 extremam
484 2315 540 2375 fori
553 2324 664 2395 partem
676 2317 704 2374 vi
719 2311 893 2392 urguebunt,
908 2311 1006 2372 donee
1016 2310 1136 2372 militum

128 2398 221 2477 globo
242 2399 374 2460 infensos
402 2401 541 2479 perrupit.
573 2399 736 2480 quindecim
764 2397 874 2459 dierum
900 2396 1035 2459 alimenta
1060 2393 1135 2471 urbi,

127 2501 187 2543 nou
203 2483 337 2563 amplius,
355 2483 536 2564 superfuisse
554 2484 696 2562 constitit,
716 2499 882 2561 magnaque
896 2479 982 2542 deum
1003 2479 1135 2558 benigni·

127 2576 188 2628 tate
209 2575 239 2628 et
261 2567 403 2629 modestia
425 2567 528 2630 hiemis
547 2567 637 2631 rebus
653 2567 792 2630 extremis
813 2565 995 2631 subventum.
1026 2572 1055 2626 at
1070 2563 1134 2622 her·
1146 2575 1172 2620 so

128 2651 195 2714 cula
224 2650 293 2712 clim
316 2651 400 2714 ltalia
425 2650 592 2730 legionibus
612 2651 788 2730 longinquas
815 2648 1035 2730 inportunius
1059 2664 1135 2709 corn·

126 2741 240 2797 meatus
255 2735 400 2814 portabat,
418 2754 475 2798 nec
489 2754 565 2796 nunc
579 2734 786 2800 infecunditate
800 2733 960 2797 laboratur.
994 2733 1047 2794 sed
1058 2731 1136 2792 Afri·

127 2837 192 2882 cnm
212 2821 309 2899 potius
324 2828 354 2880 et
374 2821 542 2900 Aegyptum
560 2837 747 2894 exercemus,
769 2817 951 2896 naribusque
973 2825 1004 2879 et
1021 2815 1136 2878 casibus

115 2899 186 2965 'rita
206 2903 307 2983 populi
317 2905 444 2968 Romani
459 2905 601 2984 permissa
616 2913 671 2964 est.

189 2988 242 3050 44.
273 2987 385 3052 Eodem
417 3006 492 3052 anno
525 2987 634 3052 bellum
666 2989 742 3054 inter
768 2985 927 3050 Armenios
951 2985 1136 3064 Hiberosque

127 3081 262 3135 exortum
275 3071 390 3136 Parthis
405 3090 522 3153 quoque
538 3091 572 3132 ac
591 3073 731 3138 Romanis
746 3072 985 3149 gravissimorum
1006 3071 1083 3132 inter
1103 3086 1136 3126 se

126 3165 253 3238 motuum
270 3174 358 3219 causa
370 3158 433 3222 init.
464 3159 545 3236 genti
561 3156 730 3220 Parthorum
745 3154 918 3232 Vologeses
941 3150 1134 3232 imperitabat,

126 3240 257 3304 materna
271 3242 386 3319 urigine
401 3260 439 3304 ex
453 3240 567 3320 paelice
584 3239 705 3320 Graece,
720 3257 866 3300 concessu
880 3238 1000 3300 fratrum
1013 3251 1135 3311 regnum

127 3325 267 3406 adeptum
290 3321 419 3388 lliberos'
438 3325 646 3389 Pharasmanes
667 3332 782 3386 vetusta
802 3321 1010 3402 possessione,
1032 3317 1157 3378 Arme-⁵

128 3411 193 3471 ulos
217 3409 312 3472 frater·
334 3412 397 3472 eius
421 3409 601 3472 Mithridates
624 3407 775 3488 optinehat
797 3404 903 3484 opibus
929 3403 1046 3462 nostris.
1075 3406 1135 3458 erat
