2596 3872
157 175 220 238 236
424 183 916 236 conuunuuncuuusnnsnrun

158 342 223 404 cula
239 352 323 403 veste
339 341 438 402 seruili
459 343 488 401 in
503 339 759 402 dissimulationem
774 339 819 400 sui
832 339 1013 420 compositus
1028 357 1162 418 pererra·
1218 365 1222 374 ·

156 427 223 502 bat,
246 425 448 488 comitantibus
471 427 519 505 qui
539 433 677 504 raperent
692 424 850 485 venditioni
868 423 1002 502 exposita
1024 433 1054 484 et
1067 424 1165 487 obviis

134 511 277 577 svulnera
292 509 445 588 inferrent,
460 510 601 570 aduersus
617 511 737 588 ignaros
752 507 837 585 adeo,
852 516 883 567 ut
897 508 963 586 ipse
978 525 1093 588 quoque
1109 528 1162 571 ex·

157 597 270 674 ciperet
290 596 365 656 ictas
385 604 415 655 et
437 611 489 654 ore
510 592 684 672 praeierret.
719 591 823 654 deinde
844 591 892 650 ubi
915 589 1072 655 Caesarem
1095 613 1165 655 esse

156 682 204 760 qui
226 687 409 758 grassaretur
437 680 585 759 pernotuit
613 678 850 756 augebanturque
872 676 993 739 iniuriae
1022 677 1172 740 adversus

156 763 236 823 viros
254 763 437 842 feminasque
454 763 603 839 insigues,
626 771 656 822 et
671 760 784 841 qnidam
805 761 947 840 permissa
965 761 1056 848 semel
1072 763 1164 824 liceu-

155 848 195 908 tiu
219 847 272 907 sub
300 849 416 908 nomine
435 844 562 907 Neronis
584 845 667 906 inulti
689 845 814 925 propriis
843 862 907 905 cum
933 844 1033 922 globis
1060 845 1165 908 eadem

122 929 352 1008 soenercebant,
376 932 404 991 in
424 931 539 992 modurn
561 931 734 1010 captiuitatis
756 946 816 990 nox
836 928 991 1007 agebatur3
1013 929 1164 1010 Iuliusque

155 1015 309 1077 Montanus
330 1016 467 1076 senatorii
492 1013 620 1091 ordinis,
650 1014 702 1073 sed
726 1013 774 1093 qui
801 1013 925 1074 nondum
949 1013 1090 1075 honorem
1115 1033 1163 1076 oa·

156 1099 318 1178 pessisset,
340 1115 519 1177 congressus
537 1098 614 1158 forte
629 1115 684 1178 per
698 1095 835 1158 tenebras
851 1115 915 1157 cum
931 1099 1080 1177 principe,
1095 1101 1162 1180 quia

156 1183 185 1244 vi
209 1191 427 1260 attemptantem
446 1183 554 1244 acriter
581 1181 767 1262 reppulerat,
797 1181 902 1242 deinde
928 1181 1074 1260 adgnitum
1097 1185 1171 1245 ora!

155 1275 254 1342 verat,
274 1269 356 1345 qnasi
371 1265 595 1346 exprobrasset,
619 1267 693 1327 mori
710 1265 892 1326 adactusest.
908 1264 1091 1327 Nerutamen
1102 1285 1161 1329 me·

121 1351 282 1418 rstueutior
302 1350 331 1410 in
361 1359 509 1430 posterum
528 1349 636 1411 milites
663 1350 718 1411 sibi
743 1360 773 1411 et
795 1350 955 1430 plerosque
982 1351 1161 1429 gladiatores

157 1433 360 1514 circumdedit,
385 1437 434 1514 qui
449 1436 574 1496 rixarum
588 1435 667 1496 initia
687 1434 800 1496 modica
815 1443 844 1494 et
862 1437 943 1514 quasi
957 1437 1072 1515 privata
1086 1437 1159 1496 sine·

155 1528 235 1580 rent:
254 1519 278 1578 si
294 1538 311 1580 a
327 1519 416 1580 laesis
433 1518 557 1580 validius
575 1528 724 1598 ageretur,
739 1537 816 1580 arma
832 1518 1004 1580 inferebant.
1021 1520 1160 1582 ludicram

61 1597 65 1606 ’
156 1620 275 1682 quoque
303 1603 449 1664 licentiam
481 1611 511 1664 et
537 1603 668 1665 lautores
689 1603 859 1664 histrionum
887 1603 1018 1665 velutin
1046 1605 1163 1686 proelia

156 1688 300 1747 convertit
322 1689 480 1765 inpunitate
501 1696 532 1747 et
549 1687 685 1765 praemiis
699 1696 786 1767 atque
807 1689 872 1768 ipse
887 1688 1019 1748 occultus
1044 1699 1075 1750 et
1094 1689 1159 1769 ple·

120 1787 275 1848 urumque
295 1789 393 1832 corum
415 1780 625 1850 prospectans,
647 1771 742 1833 donec
765 1770 892 1832 discordi
914 1773 1025 1852 populo
1047 1783 1077 1834 et
1092 1791 1160 1852 gra·

154 1855 244 1913 vioris
262 1864 355 1914 motus
372 1863 487 1916 terrore
500 1872 559 1916 nou
577 1854 653 1916 aliud
666 1855 824 1917 remedium
839 1865 987 1937 repertum
1004 1867 1059 1937 est,
1076 1875 1161 1938 quam

154 1947 185 1997 nt
208 1936 366 1998 histriones
385 1937 468 2000 ltalia
489 1938 668 2018 pellerentur
689 1939 833 2019 milesque
848 1939 962 2001 tbeatro
984 1960 1097 2002 rursum
1112 1943 1161 2004 ad·

155 2021 274 2082 sideret.

215 2106 268 2168 26.
288 2105 347 2166 l’er
361 2107 437 2167 idem
453 2115 566 2187 tempus
581 2115 676 2168 actum
692 2108 720 2170 iu
735 2115 835 2170 senatu
852 2107 890 2169 de
910 2108 1058 2170 fraudibus
1073 2110 1160 2171 liber·

153 2197 264 2268 torum,
281 2191 528 2271 efflagitatumque
544 2200 576 2251 ut
591 2191 732 2253 aduersus
746 2192 823 2254 male
837 2194 958 2254 meritos
973 2195 1161 2256 revocandae

153 2273 297 2337 lbertatis
319 2276 364 2335 ius
386 2277 517 2355 patronis
540 2275 666 2337 duretur.
702 2294 759 2337 nec
780 2276 901 2339 deerant
921 2279 970 2356 qui
993 2288 1158 2356 censerent,

58 2370 61 2376 ·
153 2357 206 2418 sed
227 2359 364 2420 consules
386 2359 557 2420 relationem
576 2361 708 2440 incipere
733 2378 791 2422 uon
814 2363 874 2422 ausi
895 2363 998 2440 ignaro
1013 2363 1160 2443 principe,

130 2443 358 2522 sperscripsere
387 2453 482 2504 tamen
509 2445 537 2504 ei
563 2461 737 2506 consensum
759 2455 885 2508 senatus.
922 2446 974 2507 ille
998 2465 1034 2508 an
1057 2456 1160 2508 auctor

107 2530 111 2536 '
155 2527 367 2587 constitutionis
383 2529 466 2588 fieret
482 2526 658 2588 consultavit
671 2530 747 2590 inter
763 2547 874 2609 paucos
890 2540 920 2591 et
936 2533 1098 2592 sententiae
1114 2530 1156 2592 ‹li-

152 2627 274 2688 versos,
298 2611 466 2691 quibusdem
489 2611 624 2673 coalitum
644 2612 778 2675 libertate
797 2615 1021 2688 inreverentiam
1038 2633 1074 2676 eo
1088 2633 1158 2696 pro·

151 2694 268 2774 rupisse
282 2695 483 2773 frementibus,
497 2703 531 2755 ut
544 2696 612 2756 vine
626 2715 662 2757 an
680 2715 776 2778 aequo
792 2717 856 2760 cum
872 2700 1002 2777 patronis
1012 2701 1075 2761 iure
1087 2718 1158 2779 age-

151 2785 231 2855 rent,
270 2778 442 2846 sententiam
461 2792 561 2834 eorurn
576 2777 773 2839 consultarent
794 2797 828 2841 ao
849 2782 1022 2844 uerberibus
1057 2801 1160 2846 manus

119 2891 142 2933 ιι
152 2862 227 2922 ultro
244 2861 438 2938 intenderent,
452 2859 635 2938 impudenter
645 2863 694 2923 vel
709 2881 834 2944 poenam
850 2884 929 2927 suam
944 2867 1155 2930 dissuadentes.

152 2945 220 3027 quid
232 2948 307 3005 enim
319 2943 395 3006 aliud
410 2945 492 3006 laeso
505 2954 629 3024 patrono
643 2965 815 3010 concessum
832 2967 915 3030 quam
927 2961 957 3012 ut
968 2955 1158 3014 centesimum

150 3030 225 3091 ultra
239 3029 367 3110 lapidem
387 3031 417 3090 in
433 3047 514 3090 oram
528 3028 704 3112 Campaniae
720 3032 854 3095 libertum
874 3034 1014 3115 releget?
1040 3046 1159 3099 ceteras

151 3117 282 3175 actiones
297 3116 459 3190 promiscas
478 3125 507 3175 et
520 3133 607 3192 pares
623 3135 699 3178 esse.
728 3117 907 3180 tribuendum
927 3120 1044 3198 aliquod
1067 3122 1155 3183 telum

152 3197 229 3277 quod
247 3200 346 3275 sperui
370 3205 504 3276 nequeat.
531 3216 586 3280 nec
602 3217 693 3276 grave
710 3217 785 3262 onos
800 3218 883 3263 mauu
900 3203 996 3264 missis
1010 3204 1158 3282 peridem

113 3313 139 3354 η
152 3281 323 3360 obsequium
344 3281 487 3342 retinendi
509 3281 683 3361 libertatem,
704 3300 760 3363 per
780 3285 858 3363 quod
878 3284 1008 3347 adsecuti
1030 3288 1103 3348 siut:
1125 3295 1159 3347 ut

151 3366 297 3425 criminum
316 3366 488 3428 manifestos
511 3369 616 3429 merito
637 3367 672 3428 ad
692 3369 862 3430 seruitutem
884 3369 1005 3450 retrahi,
1025 3380 1055 3432 nt
1074 3379 1155 3430 metu

151 3457 343 3510 coerceantur
357 3467 434 3533 quus
450 3453 594 3514 beneficia
610 3453 873 3516 commutavissent.
