2440 3886
103 164 144 228 28
359 179 524 228 CORNELII
537 177 654 226 'raom
665 178 849 227 ANNALIUM

105 345 135 396 et
150 343 267 396 ceteros
283 351 425 413 proterea
440 335 577 394 vinciret:
602 334 672 394 nihil
687 351 819 395 ausuram
836 331 952 412 plebem
969 331 1109 411 principi·

71 437 95 479 ru
106 420 159 481 bus
176 420 288 498 amotis,
306 429 393 498 atque
411 419 468 497 ipsi
483 428 596 496 tempus
611 419 687 495 fore,
706 437 763 498 quo
780 417 899 477 crimina
922 426 952 477 et
972 417 1106 476 mnoxios

104 504 293 580 discerneret.
325 503 378 563 sed
393 501 486 562 Varus
512 503 572 562 lato
595 513 625 563 et
644 505 673 562 vi
688 502 797 563 Armini
819 501 939 562 cecidit:
963 501 1108 579 Segestes

105 604 275 668 quamquam
293 604 437 649 consensu
455 588 550 664 gentis
566 589 594 647 in
613 587 723 648 bellum
740 596 850 647 tractus
875 585 988 646 discors
1009 602 1106 646 mane·

19 731 24 743 ,
106 673 164 749 bat,
180 673 274 732 arratis
289 673 421 750 privatim
435 672 522 748 odiis,
539 672 617 751 quod
633 671 777 731 Arminius
794 670 882 731 liliam
903 670 968 730 eius
989 669 1038 730 aiii
1057 687 1105 748 pa·

106 765 179 818 ctam
195 764 348 835 rapuerat:
372 773 466 834 gener
484 757 602 830 inrisus,
611 757 717 817 inimici
738 755 848 830 soceri,
872 771 1006 833 quaeque
1028 754 1106 832 apud

71 857 96 898 te
106 841 271 902 concordes
285 840 401 900 vincula
417 841 554 917 caritatis,
569 842 754 901 incitamenta
767 841 873 900 irarum
886 838 962 916 apud
974 838 1105 899 infensos

105 935 195 984 eraut.
1092 969 1096 976 ,

167 1011 217 1070 56,
241 1007 331 1085 Igitur
344 1007 529 1069 Germanicus
552 1018 687 1088 quattuor
706 1009 857 1086 legiones,
878 1007 1005 1086 quinque
1027 1007 1106 1067 auxl-

104 1092 215 1154 liarium
230 1091 307 1152 milia
326 1101 355 1151 et
369 1093 565 1154 tumultuarias
587 1101 720 1154 catervas
735 1091 940 1154 Germanorum
963 1093 1006 1152 cis
1029 1090 1107 1152 llbe-

103 1167 169 1237 num
186 1171 340 1238 colentium
357 1173 502 1237 Caecinae
523 1177 623 1248 tradit;
645 1177 763 1239 totidem
787 1178 937 1256 legiones,
960 1175 1108 1254 duplicem

104 1263 250 1322 sociorum
265 1277 412 1320 numerum
425 1262 490 1340 ipse
511 1261 604 1337 ducit,
628 1262 785 1342 positoque
803 1260 925 1322 castello
945 1277 1036 1339 super
1054 1278 1107 1321 re·

81 1347 192 1424 astigia
212 1346 324 1425 paterai
341 1345 477 1424 praesidii
492 1347 521 1405 in
537 1356 634 1407 monte
650 1345 748 1407 Tauno
766 1345 932 1426 expeditum
947 1345 1107 1406 exereitum

105 1431 134 1490 iu
150 1428 369 1509 Chattesrapit,
386 1435 415 1491 b.
432 1429 563 1509 Apronio
587 1432 623 1492 ad
644 1431 817 1492 munitiones
835 1431 946 1490 viarum
965 1437 996 1489 et
1017 1428 1106 1489 dumi·

104 1533 170 1575 num
187 1514 301 1575 relicto.
336 1531 401 1576 nam
414 1515 524 1594 (rarum
538 1515 580 1576 iili
597 1516 697 1594 caelo)
712 1516 846 1575 siccitate
861 1523 892 1574 et
902 1513 1033 1574 matribus
1046 1530 1106 1573 mo·

105 1599 177 1660 dicis
198 1599 369 1660 inoffensum
388 1601 445 1661 iter
467 1608 694 1679 properaverat,
717 1599 884 1678 imbresque
909 1607 938 1658 et
963 1597 1107 1658 dominum

105 1685 205 1744 auctus
223 1683 401 1761 regredienti
415 1683 623 1744 metuebantur.
646 1681 820 1745 sedGlrattis
843 1682 917 1743 adeo
942 1683 1108 1761 inprovisus

72 1767 237 1843 roadrenit,
264 1775 295 1826 ut
317 1769 394 1846 quod
417 1766 593 1828 imbecillum
615 1777 711 1828 aetate
733 1785 769 1828 aa
793 1785 866 1828 sexu
882 1766 977 1827 statbn
993 1775 1109 1846 captum
1189 1800 1194 1806 ·

68 1851 71 1858 '
105 1860 153 1912 aut
167 1851 337 1911 trucidatum
354 1852 398 1912 sit.
426 1852 558 1912 iuventus
573 1851 679 1912 dumea
694 1851 838 1912 Adranam
860 1851 954 1912 nando
976 1851 1108 1911 tramise-

104 1944 157 2014 rat,
177 1934 382 2013 Romanosque
395 1945 513 2014 pontem
526 1938 688 2015 coeptantis
701 1937 849 1997 arcebant.
876 1936 946 1997 'dein
955 1935 1110 1996 tormentis

105 2020 276 2098 sagittisque
293 2019 379 2098 pulsi,
396 2021 543 2099 temptatis
558 2020 664 2082 irustra
679 2021 901 2082 condicionibus
920 2020 1017 2100 pacis,
1044 2037 1111 2080 curn

104 2103 219 2180 quidam
242 2104 277 2164 ad
302 2102 502 2164 Germanicum
524 2105 737 2184 perfugissent,
760 2104 864 2186 reliqui
887 2105 1001 2166 omissis
1024 2105 1111 2183 pagis
1185 2121 1190 2132 ’

71 2187 236 2266 ruvicisque
251 2189 280 2248 in
302 2187 393 2256 siluas
416 2188 632 2268 disperguntur.
663 2187 773 2251 Caesar
795 2191 914 2250 incenso
939 2189 1038 2250 blattio
1063 2189 1110 2266 (id

104 2272 185 2349 genti
199 2274 300 2351 capnt)
317 2281 419 2352 aperta
434 2274 591 2352 populatas
612 2276 699 2335 vertit
725 2275 760 2335 ad
783 2273 929 2350 Rhenum,
958 2290 1016 2332 non
1036 2289 1109 2333 auso

105 2354 189 2416 hoste
206 2365 289 2434 terga
304 2356 468 2418 abeuntium
490 2357 658 2436 lacessere,
680 2359 759 2438 quod
779 2359 821 2419 illi
841 2360 946 2433 moris,
972 2357 1107 2436 quotiens

105 2448 169 2500 astu
184 2443 275 2518 magis
293 2459 376 2520 quam
393 2458 446 2523 per
461 2441 642 2503 formidinem
659 2444 758 2504 cessit.
791 2443 886 2503 iuerat
907 2443 1015 2502 animus
1030 2437 1105 2500 Glae-

104 2523 199 2582 ruscis
214 2525 314 2585 iuvare
328 2525 460 2603 chattos,
477 2527 530 2587 sed
547 2529 688 2588 exterruit
702 2523 828 2604 Caecina
845 2527 901 2587 lmc
917 2527 986 2587 illuc
1007 2524 1107 2585 iereus

70 2621 198 2676 roarma;
215 2617 244 2668 et
262 2607 375 2670 biarsos
391 2611 531 2692 congredi
546 2629 633 2673 ausos
650 2629 796 2690 prospero
813 2612 927 2691 proelio
941 2609 1080 2671 collibuit.

167 2693 216 2751 57.
240 2692 345 2773 Neque
367 2695 456 2754 multo
479 2705 547 2773 post
568 2697 658 2775 legati
679 2715 695 2770 a
718 2697 846 2774 Segeste
870 2702 1012 2757 venerunt
1029 2691 1109 2753 auri·

104 2776 172 2837 lium
188 2786 304 2838 orantes
328 2777 468 2840 adversus
491 2780 547 2838 rim
567 2779 766 2860 popularium,
790 2799 806 2840 a
829 2781 892 2860 quis
912 2777 1109 2840 circumsede-

103 2858 198 2941 batur,
213 2862 356 2923 validiore
372 2863 448 2942 apud
462 2879 514 2924 eos
531 2862 670 2942 Arminio,
684 2866 818 2945 quoniam
830 2864 938 2925 bellam
951 2861 1110 2923 suadebat:

102 2963 168 3006 nam
188 2945 335 3024 barbaria,
359 2955 466 3026 quanto
487 2948 553 3028 quis
579 2949 698 3010 audacia
721 2959 891 3029 promptus,
912 2957 992 3009 tanto
1016 2946 1111 3024 magis

78 3027 177 3089 tildus
189 3029 337 3110 rebusque
351 3033 436 3091 motis
452 3033 551 3110 potior
565 3032 697 3094 habetur.
728 3033 879 3095 addiderat
900 3035 1042 3110 Segestes
1066 3031 1110 3090 le-

104 3113 179 3192 gatis
201 3113 304 3194 illium,
335 3116 450 3176 nomine
470 3117 690 3195 Segimundum:
720 3119 772 3178 sed
795 3119 907 3178 iuvenis
930 3115 1111 3177 conscientia

104 3199 302 3260 cunctabatur.
333 3201 442 3280 qnippe
460 3218 535 3262 anuo
558 3219 614 3281 quo
636 3201 805 3264 Germaniae
831 3202 987 3262 descivere
1009 3215 1109 3260 sacer·

103 3280 157 3341 dos
173 3283 249 3362 apud
265 3301 343 3344 aram
357 3284 496 3346 Ubiorum
513 3295 628 3346 creatus
645 3297 764 3366 ruperat
784 3286 886 3362 vittas,
909 3285 1051 3364 profugus
1072 3282 1109 3342 ad

102 3364 243 3427 rebelles.
273 3367 412 3430 adductus
427 3379 524 3432 tamen
543 3372 570 3430 in
586 3383 668 3450 spem
685 3371 856 3434 clementiae
871 3369 1019 3431 Romanae
1039 3384 1107 3446 per-

71 3459 95 3501 to
104 3448 168 3509 tulit
183 3452 273 3528 patris
288 3453 421 3514 mandata
438 3453 623 3535 benigneque
640 3467 781 3536 exceptus
797 3475 861 3516 eum
877 3453 1023 3535 praesidio
1042 3449 1107 3512 uat-
