2568 3870
515 186 619 234 LIBER
635 189 680 236 lv.
1032 146 1091 242 133

171 342 214 394 38.
231 341 404 406 Vespasianus
417 357 473 391 cum
483 342 537 392 Tito
549 344 707 395 consulatum
717 344 771 396 init.
794 345 851 396 lalsi
866 361 973 413 pavores
990 350 1015 397 in
1030 350 1093 398 urbs

125 420 150 462 et
173 427 188 461 a
212 410 240 461 1..
263 408 363 462 Pisone.
401 409 442 462 39.
463 409 621 462 Domitianus
642 421 753 479 praetor.
790 415 829 463 vis
842 430 921 481 penes
937 414 1088 467 Mucianum.

126 483 148 530 ls
162 479 238 529 Primi
254 478 357 528 Antonii
372 480 508 546 potentiam
527 479 651 546 infringit.
679 481 721 536 46.
738 483 847 533 restituti
863 483 956 534 Galbae
969 483 1088 538 honoret.

125 549 219 599 llareae
235 545 325 598 Sorani
341 547 457 598 manibus
472 548 500 598 P.
522 549 608 600 Celere
627 549 744 600 damnato
765 551 828 602 setis
844 550 950 602 lactum.
985 553 1029 605 41.
1046 553 1089 604 alii

125 631 225 681 quoque
242 615 367 666 delatores
383 617 508 682 castigati.
532 619 576 669 42.
593 619 619 668 iu
638 617 677 670 his
693 620 822 683 Aquinum
838 621 980 687 Regulum,
995 621 1090 672 aMes-

125 685 188 737 salla
204 684 281 735 iratra
299 682 446 744 detersum,
461 684 595 736 Montanus
614 687 735 752 percellit.
771 685 813 739 43.
831 691 874 754 44.
894 689 962 740 idem
980 689 1006 739 in
1021 689 1087 740 Mar·

123 755 212 805 cellum
229 758 308 802 tentat
321 751 451 803 Helvidius
473 753 642 804 intercedente
665 755 788 817 Caesare,
810 758 960 808 abolendam
974 759 1088 824 priorum

122 835 262 889 temporum
276 820 423 872 memoriam
436 830 501 875 rato.
537 823 621 887 itaque
641 827 666 873 in
685 839 780 891 paucos
796 827 871 876 modo
888 827 1020 876 saevitum.

174 905 217 956 45.
235 902 362 954 Senenses
378 904 410 954 ob
423 906 551 970 pulsatum
563 915 707 958 senatorem
720 907 811 973 puniti.
834 907 961 958 Antonius
976 908 1087 958 Flamma

123 975 179 1041 lege
195 973 392 1039 repetundarum
405 973 549 1028 damnatus.
582 973 625 1028 46.
643 975 758 1025 militaris
775 975 866 1028 seditio
882 991 898 1025 a
915 975 1030 1026 Muciano
1047 992 1088 1026 rc-

123 1055 220 1162 pprassa.
230 1042 421 1161 Fpienabsrplgati
431 1043 782 1164 ί11111111111111141ὲιι111531111111111
797 1044 920 1162 dedam..
935 1042 1012 1094 11111111
1029 1060 1088 1095 cen-

123 1125 137 1159 s
166 1124 218 1162 tum
259 1125 315 1161 erro
379 1124 421 1162 mo
448 1126 542 1166 acum.
614 1139 647 1150 -
685 1147 691 1161 .
729 1151 735 1163 .
772 1125 852 1162 rsonrs
901 1128 967 1164 ricae
998 1127 1088 1164 rocon-

123 1179 186 1228 sulis
205 1179 304 1232 caedes.
340 1180 407 1230 servi
426 1180 481 1231 eius
495 1183 628 1248 egregium
646 1181 814 1234 mendacium.
851 1128 1087 1248 OeensiurriLepti-

123 1255 289 1310 tonorumque
299 1247 441 1298 discordiae
450 1251 613 1314 compositae.
631 1250 683 1300 11111
693 1247 865 1300 Garamantes.
880 1249 922 1299 51.
937 1248 1087 1300 Parthorum

122 1315 217 1366 auxilia
231 1330 282 1366 non
297 1316 386 1382 recipit
400 1316 584 1383 Vespasianus.
614 1319 657 1368 52.
673 1317 740 1367 hune
753 1319 844 1367 iratum
860 1317 1001 1367 Domitiano
1015 1317 1086 1367 Titus

121 1384 228 1450 mitigat.
263 1383 306 1436 53,
324 1399 384 1434 cura
401 1386 551 1436 restituendi
567 1385 683 1453 Capitolii
699 1386 725 1435 ln
742 1385 770 1437 Ι..
786 1385 920 1436 Vestinum
938 1385 1036 1436 collata.

172 1468 213 1518 54.
231 1466 324 1518 Audita
345 1481 413 1517 mors
430 1467 524 1518 Vitellii
547 1469 719 1535 duplicaverat
737 1468 829 1518 bellum
853 1483 900 1533 per
916 1466 1009 1518 Gallias
1025 1465 1086 1517 Ger-

122 1537 279 1599 maniasque.
315 1550 372 1586 cnm
393 1537 508 1587 incendio
523 1536 638 1602 capitolii
661 1537 718 1594 111111
738 1537 844 1602 imperio
859 1535 950 1586 adesse
967 1536 1086 1586 creditus.

123 1603 234 1656 55-58.
258 1603 389 1653 interiecto
411 1603 555 1654 Hordeonio
577 1606 723 1671 conspirant
749 1620 806 1654 cum
826 1603 905 1655 civile
924 1612 949 1655 et
974 1603 1087 1655 Classico

122 1672 200 1722 lulius
215 1669 292 1720 Tutor
307 1679 332 1722 et
350 1671 429 1722 Iulius
445 1668 563 1734 Sabinus,
589 1680 678 1724 nutent
693 1673 804 1736 reliquae
823 1671 926 1723 Galliae.
957 1674 1087 1722 Romanae

123 1754 222 1804 quoque
240 1739 354 1804 legiones
373 1747 513 1800 tentantur,
531 1740 626 1807 irustra
641 1741 765 1806 renitente
776 1740 882 1791 Vocula.
910 1741 953 1792 59.
972 1739 1016 1792 66.
1037 1753 1087 1802 quo

120 1823 194 1858 caeso
220 1807 360 1870 vinctisque
380 1807 505 1858 Herennio
528 1817 553 1859 et
574 1809 688 1859 Numisio
706 1810 811 1874 legatis,
834 1808 890 1858 illas
913 1823 959 1873 pro
980 1809 1086 1873 imperio

121 1876 257 1930 Gallianum
268 1885 425 1926 sacramento
438 1876 519 1942 adigit
528 1877 628 1938 Civilis,
638 1877 716 1927 Tutor
726 1877 929 1944 Agrippinenses
939 1914 945 1936 ,
960 1876 1087 1928 classicus

120 1946 239 1996 obsessos
256 1943 289 1994 ad
305 1944 405 1995 Vetera.
434 1944 478 1995 61.
494 1944 581 1996 Civilis
596 1947 648 1996 voti
666 1959 769 2011 compos
786 1947 882 1996 crinem
896 1945 1008 2010 deponit.
1034 1953 1087 1994 tum

120 2023 145 2064 et
159 2014 241 2067 maior
255 2013 390 2062 auctoritas
405 2013 524 2064 Veledae.
560 2014 604 2065 62.
618 2021 748 2080 captarum
765 2014 897 2080 legionum
909 2021 1036 2064 maestum
1051 2013 1087 2062 si-

121 2084 225 2146 lensqus
241 2095 342 2147 agmen.
379 2082 419 2132 ala
438 2082 567 2133 Picentina
585 2097 672 2132 necem
686 2082 797 2133 Voculae
817 2081 935 2132 vindicat.
972 2079 1086 2133 63-65.

121 2151 218 2201 colonia
230 2148 442 2216 Agrippinensis,
456 2150 657 2202 Transrhenanis
671 2152 790 2218 gentibus
805 2150 901 2208 invisa,
917 2149 944 2199 in
959 2163 1087 2218 summum

120 2220 254 2269 discrimen
269 2218 445 2268 adductarum
458 2218 537 2270 Civile
549 2221 695 2271 societatem
708 2220 763 2281 init,
777 2219 890 2270 Veledae
905 2232 999 2268 numen
1011 2219 1087 2268 donis

119 2289 209 2355 placat
246 2285 289 2338 66.
310 2285 395 2339 Civilis
416 2287 545 2348 Betucius,
565 2290 696 2355 Tungros,
719 2285 826 2338 Nervios
848 2287 875 2336 in
891 2287 967 2338 fldem
986 2287 1086 2352 accipit.

119 2357 162 2408 67.
183 2355 235 2406 insi
257 2355 387 2422 Lingones
404 2371 420 2406 a
441 2355 574 2422 Sequanis.
611 2357 689 2408 lulius
709 2355 819 2407 Sabinus
837 2356 920 2407 victus
937 2357 1006 2406 latet.
1042 2353 1085 2406 68.

121 2425 252 2476 Mucianus
269 2439 326 2474 cum
342 2424 485 2476 Domitiano
501 2425 534 2476 ad
548 2426 642 2477 bellum
656 2425 805 2492 accingitur.
842 2423 884 2476 69.
901 2425 973 2474 Remi
992 2421 1087 2473 Gallias

119 2496 145 2544 in
163 2493 213 2543 ilde
227 2493 340 2544 llomena
362 2501 528 2556 conservant,
550 2496 661 2561 exeeptis
681 2493 797 2544 Treveris
817 2501 893 2556 atque
909 2492 1068 2559 Lingonibus
1079 2507 1101 2540 :¹

119 2561 162 2612 76.
180 2562 226 2613 sed
241 2563 333 2613 nsciis
348 2577 395 2612 nec
408 2563 512 2627 reliquis
526 2564 669 2614 civitatibus
684 2577 730 2612 neo
743 2562 806 2628 ipsis
822 2562 929 2613 dacibus
943 2563 1007 2612 satis
1026 2573 1087 2610 con-

119 2631 170 2682 11111
188 2641 230 2681 aut
250 2630 406 2681 concordiae.
442 2631 520 2682 Tutor
541 2633 574 2683 ad
595 2633 715 2698 Bingium
733 2632 823 2682 victua.
861 2631 902 2680 71.
918 2629 1023 2681 Petilius
1041 2627 1087 2679 Ce-

118 2701 188 2752 rialia
211 2700 400 2766 Mogontiacum
418 2701 499 2760 venit,
528 2716 587 2767 spes
609 2702 780 2752 Romanorum
800 2699 883 2766 erigit.
923 2698 1087 2749 Valentinum

36 2803 39 2810 .
119 2769 209 2820 ducem
223 2776 412 2834 magnastrage
428 2768 556 2820 adlectum
571 2771 644 2836 capit.
668 2771 711 2822 72.
726 2768 849 2819 Treveros
862 2768 952 2828 intrat;
966 2766 1086 2817 militibus

120 2837 246 2888 excidium
263 2836 332 2888 urbis
346 2838 509 2902 poscentibus
533 2839 636 2890 resistit.
674 2839 752 2888 victas
770 2837 884 2904 legiones
903 2837 929 2886 111
946 2843 1030 2887 castra
1047 2850 1086 2885 re·

118 2908 188 2972 cipit.
224 2905 266 2959 73.
286 2905 328 2957 74.
346 2903 469 2956 Treveros
484 2913 508 2956 et
524 2907 652 2973 Lingones
675 2906 753 2957 oldcii
770 2906 898 2956 admonet.
936 2905 979 2961 75.
998 2904 1086 2954 Civilis

118 2985 143 3023 ct
162 2974 288 3025 0111111111
308 2973 342 3023 ad
361 2972 483 3025 Cerialem
506 2977 591 3026 literas
611 2976 725 3036 mittunt,
745 2975 777 3023 ad
796 2989 860 3038 quas
876 2973 920 3024 ille
936 2974 1007 3024 nihil.
1043 2971 1086 3024 76.

119 3042 207 3092 Ciuilis
223 3043 404 3100 cunctandum,
419 3042 497 3096 Tutor
513 3044 674 3097 etclassieus
686 3045 771 3094 atatim
781 3043 949 3109 pugnandum
963 3049 1086 3092 statuunt.

120 3109 161 3160 77.
180 3108 223 3161 78.
238 3117 311 3160 atrox
325 3109 463 3176 proelium,
480 3129 529 3176 quo
543 3113 647 3165 Cerialis
660 3113 730 3162 initio
743 3112 825 3162 victus
839 3125 899 3161 mox
911 3112 991 3161 victor
1004 3116 1086 3159 castra

119 3176 231 3228 hostium
249 3178 368 3228 excindit.
405 3179 446 3230 79.
465 3182 666 3248 Agrippinenses
682 3196 697 3230 a
712 3179 843 3230 Germanis
858 3180 1011 3232 desciscunt.

171 3245 213 3298 86.
238 3245 370 3296 Mucianus
394 3247 488 3299 Vitellii
510 3249 589 3300 illium
612 3249 737 3303 interilclt.
779 3248 905 3297 Antonius
927 3245 1027 3297 Primus
1053 3243 1086 3292 ad

118 3315 306 3382 Vespasianum
318 3315 447 3382 proiectus
462 3332 511 3368 non
522 3332 569 3384 pro
584 3333 630 3384 spe
642 3318 775 3383 excipitur·
795 3315 839 3369 81.
855 3315 941 3364 multis
956 3311 1086 3363 miraculis

118 3385 236 3436 caelestis
256 3386 281 3434 in
298 3385 483 3450 Vespasianum
499 3385 572 3438 favor
587 3395 712 3439 ostensus.
749 3385 805 3449 ipse
822 3383 952 3433 oculorum
967 3381 1025 3430 tabe
1040 3392 1086 3456 no·

116 3465 179 3518 tum,
190 3455 267 3506 alium
280 3467 357 3506 mauu
370 3469 476 3521 aegrum
490 3456 590 3506 sanitati
601 3454 717 3505 restituit.
731 3452 774 3502 82.
789 3450 951 3502 confirmatur
963 3449 1046 3497 omine
1060 3457 1085 3490 m
