2536 3870
390 196 494 243 nunna
511 197 558 245 rv.
578 195 653 244 cnr.
670 195 792 249 ιιι-24.
1033 189 1094 249 145

80 349 137 408 sed
153 348 274 406 lixarum
287 347 437 408 multitudo
453 349 566 410 turbata
587 368 661 429 pace
682 352 752 412 illue
767 362 947 430 congregata
962 363 991 412 et
1012 353 1094 414 bello

81 430 214 492 ministra
229 430 352 492 aderat*
709 505 713 514 Ι

149 514 199 574 23.
226 515 297 576 Pers
320 525 480 576 castrorum
507 519 536 577 in
556 517 665 578 collem
688 519 793 579 leniter
815 537 996 596 exsurgens,
1023 539 1191 598 pars...-

80 616 178 677 aeqno
192 598 335 659 adibatur.
364 601 475 679 quippe
489 601 549 662 illis
565 600 696 661 bibernis
710 602 838 663 obsideri
854 605 1004 682 premique
1021 603 1091 664 Ger·

80 684 191 742 manias
211 681 362 760 Augustus
379 684 559 763 crediderat,
585 703 682 765 neque
699 704 831 765 umquam
848 686 877 746 id
890 687 1047 764 malorum,
1061 698 1093 748 ut

80 766 279 844 obpugnatum
302 767 379 826 ultro
400 769 537 845 legiones
557 778 673 829 nostras
694 771 840 840 venirent;
864 770 931 830 inde
946 788 1004 830 nou
1021 771 1091 832 loco

78 867 177 927 neque
190 852 373 910 munimentis
390 850 474 913 labor
490 853 616 914 additus:
634 854 678 912 vis
696 862 725 912 ei
739 871 818 913 arma
833 855 904 913 satis
919 854 1111 932 placebants

77 933 181 992 Batavi
196 933 478 1014 Transrhenanique,
497 954 556 1015 qno
573 936 699 997 discreta
713 939 805 997 virtus
826 938 1006 998 manifestius
1021 957 1088 1017 spe-

79 1024 226 1092 ctaretur,
247 1016 302 1076 sibi
323 1036 455 1098 quaeque
470 1038 545 1097 gens
569 1021 746 1095 consistunt,
769 1021 879 1081 eminus
894 1021 1088 1083 lacessentes.

79 1108 151 1178 post
166 1098 215 1158 ubi
231 1100 372 1180 pleraque
387 1103 511 1166 telorum
525 1104 651 1164 turribus
666 1105 820 1184 pinnisque
840 1107 985 1165 moenium
1007 1107 1088 1167 irrita

77 1183 241 1242 haerebant
256 1193 285 1244 et
299 1184 427 1263 desuper
442 1190 521 1248 saxis
536 1188 773 1265 volnerabantur,
790 1189 919 1249 clamore
936 1199 1023 1267 atquc
1037 1190 1087 1251 im·

75 1277 148 1346 petu
170 1268 305 1328 invasere
327 1269 450 1348 vallum,
473 1272 615 1351 adpositis
638 1271 771 1350 plerique
787 1273 889 1350 scalis,
911 1272 959 1332 alii
975 1291 1029 1352 per
1043 1283 1084 1333 te·
1097 1287 1123 1327 m

76 1350 223 1410 studiuem
243 1369 375 1424 suorum;
400 1356 636 1434 scandebantque
659 1355 716 1414 iarn
739 1356 869 1434 quidam,
894 1374 959 1414 cum
980 1357 1085 1432 gladiis

76 1444 108 1494 et
125 1451 269 1496 armorum
285 1438 402 1498 iucussu
418 1439 601 1519 praecipitati
626 1438 744 1499 sudibus
768 1449 798 1498 et
822 1441 890 1518 pilis
913 1438 1084 1516 obruuntur,

75 1519 272 1597 praeferoces
287 1522 368 1581 initio
384 1532 413 1581 et
428 1521 517 1583 rebus
532 1522 668 1582 secundis
685 1522 774 1583 nimii.
805 1523 858 1582 sed
880 1532 937 1581 turn
954 1523 1084 1600 praedae

76 1601 215 1681 cupidine
235 1604 359 1665 adversa
384 1623 501 1686 quoqne
516 1606 694 1676 tolerabant;
718 1606 866 1666 machinas
883 1608 985 1683 etiam,
1006 1607 1082 1666 inso-

75 1685 160 1745 litum
172 1685 244 1764 sibi,
262 1688 333 1747 ausi.
359 1707 415 1748 nec
425 1679 489 1750 “ulla
503 1691 576 1769 ipsis
591 1688 739 1750 sollertia:
756 1690 900 1768 perfugae
916 1691 1082 1768 captivique
1093 1707 1119 1746 ιι

75 1768 225 1830 docebant
244 1780 360 1832 struere
385 1775 519 1834 materias
541 1775 569 1834 in
592 1772 705 1834 modum
724 1773 838 1851 pontis,
858 1789 926 1832 mox
944 1773 1084 1834 subiectis

73 1856 152 1914 rotis
164 1855 347 1934 propellere,
360 1839 391 1916 rit
402 1857 450 1918 alii
462 1865 662 1937 superstantes
673 1866 815 1936 tamquam
829 1875 866 1917 ex
875 1874 1082 1936 aggereproe-

73 1940 227 2016 liareutur,
251 1957 317 2020 pars
338 1941 415 2000 intus
436 1941 543 2002 occulti
558 1959 655 2002 muros
676 1940 858 2001 subruerent.
887 1940 940 2000 sed
956 1959 1082 2002 excussa

76 2023 203 2083 ballistis
227 2041 298 2083 saxa
318 2033 450 2085 dravere
474 2025 597 2085 iuiorme
626 2041 709 2103 opus.
742 2035 771 2083 et
797 2033 893 2084 crates
922 2026 1080 2103 vineasque

76 2107 247 2186 parantibus
278 2107 398 2168 adactae
415 2112 583 2169 'tormentis
616 2108 754 2168 ardentes
784 2107 904 2183 bastae,
945 2108 1116 2187 ultroqneao

76 2191 135 2268 ipsi
157 2190 378 2270 obpugnatores
399 2192 514 2269 ignibus
535 2193 718 2273 petebantur,
747 2192 842 2252 donec
867 2190 1021 2270 desperata
1049 2193 1079 2251 vi

6 2281 7 2284 ’
75 2283 229 2335 verterent
250 2276 401 2336 consilium
431 2277 468 2337 ad
493 2294 604 2354 moras,
640 2275 716 2336 haud
738 2277 831 2353 ignari
855 2291 1013 2355 paucorum
1037 2276 1077 2336 di·

76 2377 159 2418 erum
185 2359 285 2420 inesse
306 2361 438 2422 alimenta
460 2368 489 2419 et
504 2361 620 2422 multum
643 2359 759 2419 inbellis
781 2359 899 2426 turbae:
937 2359 1017 2418 simul
1040 2377 1078 2418 ex

75 2443 176 2522 inopia
201 2443 328 2524 proditio
350 2455 380 2504 et
403 2445 480 2504 buxa
503 2440 685 2506 servitiorum
707 2444 779 2505 ides
802 2461 838 2504 ao
862 2442 981 2503 fortuita
1007 2441 1077 2502 belli

77 2527 278 2606 sperabantur.

139 2611 191 2671 24.
213 2611 337 2673 Flaccus
358 2612 472 2672 interim
494 2614 612 2690 cognito
629 2621 790 2673 castrorum
807 2611 937 2688 obsidio,
962 2621 991 2670 et
1010 2613 1074 2670 mis·

77 2699 118 2755 sis
132 2715 187 2776 per
203 2694 313 2758 Gallias
330 2697 378 2775 qui
393 2696 499 2758 auxilia
517 2697 683 2772 concirent,
698 2696 793 2756 lectos
808 2693 1002 2774 elegionibns
1015 2694 1076 2754 Dil-

76 2780 115 2839 lio
132 2781 265 2841 Voculae
281 2780 547 2842 duoetvicensimae
568 2781 695 2859 legionis
709 2779 808 2857 legato
825 2780 924 2858 tradit,
948 2788 1076 2858 utquam

76 2867 208 2925 maximis
229 2884 283 2944 per
302 2868 394 2945 ripam
413 2865 563 2925 itineribus
584 2864 743 2942 celeraret,
759 2866 823 2943 ipse
837 2863 974 2940 navibus,
997 2866 1075 2924 inra-

77 2949 151 3008 lidus
165 2965 304 3028 corpore,
317 2951 425 3009 invisus
439 2949 585 3009 militibus.
616 2965 712 3026 neque
733 2949 808 3007 enim
822 2948 955 3026 ambigue
970 2948 1101 3008 frema-⁵

78 3033 161 3092 bant:
183 3033 305 3093 emissas
320 3050 336 3093 a
355 3032 542 3110 blogontiaeo
557 3033 730 3092 batavorum
745 3032 897 3109 cobortes,
915 3031 1074 3092 dissimula-

77 3112 234 3175 tosGivilis
249 3124 380 3192 conatus,
393 3117 499 3176 adsciri
514 3120 543 3176 in
560 3117 731 3176 societatem
742 3115 912 3178 Germanos.
925 3114 1076 3175 noul'rimi

79 3198 196 3258 Antonii
218 3217 314 3278 neque
328 3199 451 3260 bluciani
468 3217 526 3278 ope
551 3202 764 3280 Vespasianum
783 3201 877 3278 magis
898 3197 1075 3259 adolevisse.

78 3291 176 3362 aperta
189 3282 254 3343 odia
267 3300 402 3363 armaque
413 3283 508 3362 palam
520 3283 642 3362 depelli:
658 3283 786 3344 fraudem
799 3294 827 3343 et
839 3283 935 3344 dolum
949 3281 1076 3342 obscura

78 3384 172 3446 eoque
186 3367 371 3429 inevitabilia.
399 3367 520 3428 Civilem
534 3377 612 3428 stare
625 3378 736 3443 contra,
752 3377 864 3427 struere
879 3367 986 3427 aciem:
1001 3364 1076 3424 llor-
1085 3379 1112 3420 ιι

78 3453 208 3514 leonium
224 3470 244 3512 e
261 3452 395 3513 eubiculo
405 3461 434 3514 ei
448 3451 556 3513 lectolo
569 3451 670 3511 iubere
686 3449 822 3529 quidquid
834 3451 911 3593 hospi
922 3445 1075 3509 conducat.

119 3557 206 3598 racrvr
221 3555 291 3599 unas
306 3557 334 3597 n.
864 3535 878 3592 1
