2536 3870
345 185 349 194 ’
421 181 526 230 nnuma
541 183 588 231 w.
605 183 680 232 cnr.
697 180 818 236 to—te.
1059 176 1115 237 171

111 335 270 396 collectum
293 333 369 395 baud
393 335 432 396 ita
455 334 523 396 loco
549 336 659 413 iuvari,
687 346 715 397 ut
744 355 802 397 nou
830 337 896 417 plus
921 339 980 399 suis
1006 340 1034 400 in
1062 343 1118 401 vir·

111 427 173 479 tute
199 416 287 478 foret.
332 418 447 496 paulum
469 437 568 480 morae
590 421 618 480 in
644 419 806 499 adscensu,
833 420 898 481 dum
924 422 1046 483 missilia
1066 423 1118 484 bo·

112 503 197 562 stium
219 500 449 582 praecebuutar:
486 511 645 563 utventum
669 507 699 564 iu
720 520 835 581 manus,
858 504 1001 567 deturbati
1017 507 1154 573 ruinaens

112 585 200 646 modo
228 584 465 667 praecipitantur.
513 596 543 647 et
568 603 637 668 pars
668 589 792 668 equitum
820 588 1008 668 aequioribus
1041 591 1118 668 iugis

2 717 3 720 ,
112 671 308 729 circumvecta
332 668 531 732 nobilissimos
553 671 724 750 Belgarum,
748 672 777 732 in
805 673 870 752 quis
891 673 993 734 ducem
1010 674 1117 736 Valen-

109 753 321 832 tinum,oepit.
918 789 921 795 ,

172 835 224 897 72.
246 832 370 897 cerialis
385 842 506 916 postero
529 838 575 900 die
597 838 741 902 coloniam
758 836 952 903 Treverorum
969 842 1118 920 ingressus

111 931 169 996 est,
186 917 273 981 arido
292 919 380 982 milite
395 921 539 983 eruendas
559 924 692 990 civitatis.
720 923 795 986 hauc
811 942 878 986 esse
893 923 1028 1002 classici,
1044 925 1120 987 hanc

111 1003 230 1066 'luteris
251 1005 387 1083 patriam
407 1003 510 1066 borum
524 1005 640 1070 scelere
664 1009 778 1071 clausas
795 1026 957 1089 caesasque
972 1010 1119 1088 legiones.

74 1088 78 1098 '
112 1087 182 1167 quid
207 1094 313 1148 tantum
339 1085 512 1151 cremonam
537 1091 696 1170 meruisse,
724 1111 808 1174 quam
833 1112 851 1155 e
875 1097 988 1172 gremio
1019 1094 1119 1156 ltaliae

110 1181 242 1252 raptam,
263 1173 328 1252 quia
350 1173 433 1235 unius
448 1177 542 1236 noctis
558 1191 667 1238 moram
683 1178 841 1239 victoribus
858 1175 1006 1239 attulerit?
1042 1188 1143 1239 stares

110 1258 141 1316 in
159 1253 285 1316 confinio
304 1255 474 1319 Germaniae
489 1260 632 1338 integram
654 1259 754 1322 sedern
775 1261 880 1341 spoliis
897 1265 1076 1322 exercituum
1091 1271 1121 1322 et

113 1341 217 1402 ducum
234 1339 372 1400 caedibus
385 1351 529 1403 ovantem.
550 1343 736 1422 redigeretur
747 1344 856 1423 praeda
871 1346 901 1404 in
915 1345 1032 1406 docum:
1046 1346 1119 1424 ipsis

113 1423 253 1485 soillcere
268 1425 355 1502 ignes
371 1433 400 1486 et
417 1425 539 1487 rebellis
552 1426 687 1488 coloniae
702 1429 816 1504 ruinas,
833 1427 936 1505 quibus
950 1437 993 1489 tot
1010 1439 1118 1489 castro·

2 1567 3 1572 ,
112 1527 175 1570 rum
192 1508 305 1570 excidia
320 1519 521 1589 pensarentur.
547 1509 673 1570 Cerialis
684 1511 721 1590 [a]
732 1519 810 1571 metu
826 1511 970 1589 infamiae,
988 1511 1013 1572 si
1029 1511 1118 1571 licen-

111 1595 152 1654 tia
162 1593 341 1670 saevitiaque
357 1593 477 1653 inbuere
489 1594 607 1654 militem
623 1593 802 1672 crederetur,
817 1596 925 1674 pressit
936 1595 1009 1655 iras:
1029 1604 1058 1655 et
1069 1612 1118 1672 pa·
1130 1611 1154 1652 m

2 1707 5 1744 t
113 1693 209 1754 ruere,
225 1676 323 1756 posito
341 1677 444 1737 civium
460 1676 539 1738 bello
555 1677 592 1738 ad
607 1687 726 1739 externa
740 1677 946 1740 modestiores.
978 1679 1120 1738 convertit

112 1759 181 1821 iude
202 1759 313 1821 animos
335 1761 492 1822 accitarum
508 1779 525 1822 e
542 1760 768 1823 Mediomatricis
782 1761 931 1840 legionum
944 1761 1121 1824 miserabilis

2 1881 4 1906 ε
111 1845 281 1926 adspectus.
309 1845 422 1906 stabant
435 1847 613 1907 couscientia
627 1846 730 1924 flagitii
743 1854 883 1925 maestae,
896 1846 962 1906 fixis
973 1847 1003 1906 in
1013 1855 1120 1906 terram

2 1972 4 1986 n
113 1929 225 1990 oculis:
247 1928 325 1989 nulla
339 1930 415 1989 inter
431 1939 570 1991 coeuntes
583 1931 730 1991 exercitus
742 1930 949 2000 consalutatio;
963 1947 1059 2009 nequo
1072 1947 1118 1991 so·

3 2041 4 2058 2
113 2012 238 2073 lentibus
259 2009 478 2072 hortantibusve
503 2027 648 2094 respousa
671 2013 792 2091 dabant,
811 2011 899 2074 abditi
919 2031 974 2093 per
994 2013 1154 2074 tentoriae

114 2105 146 2158 et
164 2095 259 2156 lucem
280 2095 372 2176 ipsam
397 2097 531 2156 vitantes.
575 2116 631 2157 nec
646 2096 769 2176 perinde
787 2096 947 2177 periculum
961 2105 1009 2156 aut
1026 2106 1119 2156 metus

3 2211 5 2244 1
115 2197 199 2261 quam
211 2178 305 2259 pudor
318 2197 355 2242 ao
369 2178 496 2241 dedecus
513 2179 767 2260 obstupefecerat,
783 2181 911 2241 attonitis
927 2182 1013 2240 etiam
1027 2179 1119 2238 victo·

3 2309 4 2316 κ
86 2271 89 2278 ’
112 2265 211 2341 ribus,
236 2263 284 2343 qui
306 2281 414 2324 vocem
433 2281 600 2344 precesque
621 2263 760 2326 adbibere
784 2281 842 2325 nou
866 2265 928 2324 ausi
941 2263 1067 2324 lacrimis
1084 2280 1120 2323 ao

113 2349 232 2410 silentio
252 2349 366 2410 neniam
388 2347 565 2427 poscebant,
585 2347 681 2409 donec
697 2346 820 2409 cerialis
838 2348 982 2408 mulceret
998 2347 1118 2422 ammos,

114 2435 175 2494 lato
202 2439 266 2492 uota
295 2430 444 2510 dictitans,
467 2449 542 2510 quae
562 2432 681 2492 militum
708 2432 869 2511 ducumque
897 2430 1043 2492 discordia
1069 2430 1153 2494 raino

114 2516 216 2577 iraude
238 2515 363 2576 hostium
389 2517 565 2577 evenissent.
598 2517 718 2596 primum
744 2515 823 2576 illurn
852 2515 1061 2596 stipendiorum
1091 2525 1120 2573 et

114 2601 287 2662 sacramenti
308 2599 383 2660 diem
404 2600 561 2662 habereut:
594 2602 722 2680 priorum
738 2599 898 2662 facinorum
919 2616 1016 2686 neque
1028 2599 1119 2678 impe·

113 2692 241 2746 retorem
257 2701 353 2762 neque
371 2703 404 2744 se
419 2685 594 2746 meminisse.
629 2693 697 2745 tuuc
716 2685 832 2763 recepti
852 2686 881 2745 in
896 2682 998 2745 eadem
1015 2691 1120 2760 castra,

115 2777 145 2829 et
160 2767 284 2828 edictum
299 2787 353 2848 per
363 2761 541 2848 manipulos,
553 2787 590 2829 ne
603 2769 666 2848 quis
679 2770 708 2828 in
724 2771 880 2830 certamine
894 2769 1029 2846 iurgiove
1043 2765 1120 2828 sedi·

114 2854 221 2914 tionem
239 2861 286 2912 aut
303 2852 415 2913 cladem
437 2853 623 2912 commilitoni
639 2851 811 2915 obiectaret.
1129 2869 1156 2909 re

178 2935 228 2996 73.
250 2933 321 2996 llox
336 2936 483 2996 Treveros
499 2954 535 2998 ao
550 2936 696 3015 lingonas
712 2937 747 2998 ad
764 2939 930 2999 contionem
944 2945 1066 2999 vocatos
1081 2935 1120 2994 ita

116 3018 297 3097 adloquitur:
315 3023 432 3098 ‘neque
444 3036 501 3098 ego
514 3037 646 3098 umquam
658 3020 820 3082 facundiam
834 3024 968 3100 exercui,
984 3029 1015 3080 et
1027 3037 1119 3100 popu·

117 3103 161 3162 lus
174 3102 325 3161 Romanus
345 3103 478 3162 virtatem
498 3105 583 3163 armis
606 3103 781 3167 adnnnamr:
817 3105 870 3165 sed
889 3106 1028 3184 'quoniam
1045 3103 1121 3182 apud

116 3203 173 3244 vos
187 3181 280 3243 verba
295 3183 446 3262 plurimum
459 3185 572 3264 vatent,
588 3187 723 3267 bonaque
740 3205 774 3249 aa
789 3187 864 3252 mala
878 3206 936 3249 uon
951 3206 1004 3250 sua
1020 3197 1121 3248 natura

117 3267 170 3330 sed
186 3267 310 3327 vocibus
325 3266 527 3328 seditiosorum
543 3273 742 3347 aestimantur,
758 3271 844 3332 statui
858 3289 950 3350 pauca
965 3271 1145 3348 dissereret

117 3369 194 3434 quae
219 3350 376 3431 profligato
399 3350 480 3412 bello
501 3353 598 3414 utilius
623 3355 662 3414 sit
680 3355 766 3416 robis
794 3354 909 3416 audisse
931 3373 1015 3436 quam
1036 3352 1123 3414 uobis

117 3437 239 3499 dixisse.
260 3443 366 3496 terram
381 3443 508 3498 vestram
520 3445 743 3518 ceterorumque
755 3437 904 3501 Gallorum
917 3439 1045 3518 ingressi
1057 3444 1125 3495 suut
