2510 3864
489 123 711 182 cuneo-ae.
1029 127 1093 191 auu

12 313 16 356 ς
99 289 154 346 iam
166 303 219 346 ros
233 285 339 344 offendi
371 284 500 359 decebit,
517 285 541 344 si
557 284 624 362 quid
639 285 717 345 iorte
728 295 937 348 auresuestras
953 289 1091 365 perstrin-

12 399 19 438 r
101 381 163 452 gat,
187 390 249 434 curn
264 371 363 432 sciatis
386 368 459 428 banc
475 386 543 428 esse
560 367 713 429 eiusmodi
736 386 900 430 sermonum
915 369 1027 448 legem,
1050 374 1091 431 iu·

101 457 205 516 dicium
221 455 306 516 animi
321 455 394 514 citra
409 451 540 511 damnum
554 450 683 512 adiectus
698 453 859 531 prolerre?
1098 468 1125 508 uo

16 577 18 591 ι
165 539 297 616 ‘Perge’
319 537 411 613 inqui-t
431 533 578 596 Maternus
601 533 649 594 ‘et
669 551 731 594 eum
752 535 788 596 da
810 535 935 614 antiquis
950 537 1090 615 loquaris,

12 667 13 670 η
102 631 186 682 utere
202 624 317 701 antiqua
335 620 483 696 libertate,
499 637 515 678 a
527 636 581 697 qua
593 617 640 678 vel
652 620 742 695 magis
755 619 996 695 degeneravimus
1008 637 1091 698 quam

12 738 20 780 p
100 705 136 766 ab
153 705 340 783 eloquentia)

12 821 21 865 p
163 789 211 852 28.
236 786 289 848 Cui
304 785 430 847 lleseala
453 790 529 844 ‘non
549 785 734 861 reconditas,
756 782 905 863 blaterne,
928 803 1028 846 causae
1044 805 1090 847 re·

98 872 207 950 quiris,
231 887 287 930 nee
308 876 357 929 aut
376 867 428 927 tibi
456 869 512 945 ipsi
534 876 583 926 aut
603 866 669 929 huic
689 867 823 930 Secundo
845 869 894 928 vel
920 867 987 930 huic
1007 869 1091 948 Apro

16 1007 20 1034 ,
97 956 230 1030 ignotas,
254 953 340 1013 etiam
361 953 386 1013 si
407 949 475 1012 mihi
498 958 596 1029 partes
618 951 775 1028 adsignatis
799 952 965 1028 proferendi
988 954 1018 1012 in
1031 971 1091 1012 me·

13 1083 19 1124 ,
99 1036 173 1096 dium
197 1053 272 1114 quae
293 1053 392 1096 omnes
415 1035 564 1096 sentimus.
595 1036 658 1113 quis
683 1036 757 1096 enim
772 1037 891 1112 ignorat
906 1044 936 1095 et
951 1035 1089 1114 eloquen-

15 1133 20 1204 ’ἲ
100 1121 166 1180 tiam
182 1128 213 1180 et
224 1129 341 1188 ceteras¹
355 1127 434 1180 artes
450 1117 610 1180 descivisse
626 1119 662 1179 ab
679 1117 727 1179 illa
744 1127 846 1179 vetere
863 1119 959 1195 gloria
973 1136 1032 1179 non
1047 1120 1110 1180 iu·u

12 1203 13 1212 ’
98 1203 341 1282 opialnominnm,
364 1203 416 1264 sed
431 1201 540 1262 desidia
560 1202 717 1262 iuventutis
739 1211 769 1262 et
784 1202 970 1280 neglegentia
987 1221 1088 1279 paren-

99 1294 156 1344 tum
172 1294 203 1345 et
216 1287 369 1346 inscientia
390 1285 629 1363 praecipientium
645 1292 676 1344 et
688 1283 839 1346 oblivione
853 1285 943 1344 moris
959 1281 1089 1361 antiqui?

12 1421 18 1445 „
98 1385 173 1445 quae
193 1367 266 1427 mala
287 1371 405 1446 primunr
425 1368 455 1427 iu
476 1366 548 1426 urbe
563 1376 646 1444 nata,
661 1385 729 1426 mox
742 1381 797 1445 per
811 1365 922 1426 ltaliam
936 1367 1018 1443 insa,
1034 1368 1090 1426 iam

12 1448 18 1532 ζ
98 1452 127 1510 in
144 1450 308 1528 provincias
322 1457 445 1511 manant.
477 1467 644 1528 quamquam
657 1458 756 1510 vestra
770 1449 854 1510 robis
876 1450 991 1510 notiora
1007 1457 1087 1510 sunt:

12 1529 18 1596 ἶ
98 1550 157 1610 ego
174 1534 289 1593 deurbe
297 1533 416 1592 etbuius
423 1534 551 1612 propriis
564 1550 598 1593 ao
613 1532 774 1594 uernaculis
789 1533 867 1594 uitiis
882 1533 997 1610 loquar,
1013 1551 1085 1611 quae
1096 1555 1120 1597 uu

97 1626 181 1676 natos
204 1621 299 1676 statim
321 1617 470 1695 excipiunt
485 1623 516 1676 et
536 1634 591 1695 per
606 1615 736 1693 singulos
751 1617 856 1677 aetatis
871 1614 977 1694 gradus
993 1634 1088 1676 cumn·

12 1699 17 1767 ’,
97 1697 211 1776 lan'tur,
235 1700 260 1759 si
281 1701 362 1778 prius
383 1699 420 1760 de
443 1701 601 1760 severitate
621 1719 656 1760 ac
676 1699 829 1779 disciplina
849 1700 989 1760 numerum
1012 1701 1089 1759 circa

12 1782 17 1864 J
96 1781 260 1844 educandos
271 1782 496 1863 formandosque
512 1782 624 1844 liberos
642 1801 733 1862 pauca
744 1782 927 1863 praedixero.
951 1800 1017 1842 narn
1030 1784 1088 1860 pri·

12 1863 17 1946 J
96 1867 162 1926 dem
177 1884 245 1926 suus
262 1868 368 1945 cuique
383 1865 476 1942 iilius,
493 1883 532 1927 ex
546 1875 625 1928 easta
640 1875 763 1947 parente
778 1873 879 1943 natus,
893 1883 953 1926 non
968 1867 997 1925 in
1012 1863 1087 1927 cella

12 1949 15 1963 '
97 1957 210 2027 emptae
227 1951 346 2010 nutricis
361 1947 415 2010 sed
429 1950 542 2027 gremio
557 1967 592 2010 ac
602 1951 671 2010 sinu
685 1951 784 2010 matris
801 1948 989 2025 educabatur,
1005 1950 1085 2008 cuius
1095 1969 1119 2011 us

96 2032 253 2111 praecipua
268 2030 330 2092 laus
346 2040 410 2092 erat
431 2032 504 2090 tueri
520 2031 633 2092 domum
648 2041 678 2092 et
692 2033 836 2093 inservire
851 2031 964 2092 liberis.
996 2031 1086 2108 elige-

97 2115 181 2174 batur
202 2121 296 2174 autem
315 2115 409 2176 maior
428 2114 524 2192 aliqua
546 2122 614 2175 natu
643 2115 822 2193 propinqua,
848 2115 929 2175 cuius
955 2113 1086 2192 probatis

12 2229 13 2232 ¹
96 2197 295 2275 spectatisque
314 2197 444 2258 moribus
465 2197 558 2258 omnis
579 2197 708 2258 eiusdem
727 2195 852 2258 familiae
873 2197 994 2257 suboles
1010 2214 1086 2258 com·

95 2283 274 2350 mitteremur
299 2298 396 2342 coram
411 2298 466 2360 qna
488 2299 584 2359 neque
599 2279 698 2342 dicere
711 2279 757 2340 ies
772 2287 835 2340 erat
850 2280 928 2358 quod
944 2288 1029 2357 turpe
1044 2280 1085 2340 di-

61 2371 65 2377 ’
96 2372 154 2440 ctu,
170 2381 265 2442 neque
279 2365 378 2426 iacere
394 2362 470 2443 qnod
491 2363 673 2425 inhonestum
693 2364 772 2424 iaetu
787 2362 949 2424 uideretur.
979 2381 1014 2424 ac
1027 2377 1119 2424 noum

12 2447 13 2450 ’
97 2447 188 2508 studia
203 2447 288 2508 modo
304 2465 463 2527 curasque,
485 2447 540 2508 sed
554 2449 742 2508 remissiones
759 2445 845 2506 etiarn
860 2445 1001 2524 lususque
1013 2463 1085 2590 que·

95 2548 193 2593 rorum
208 2531 361 2593 sanctitate
374 2530 494 2610 quadam
509 2548 544 2590 ac
555 2530 731 2592 verecundia
744 2529 935 2608 temperabat.
957 2531 1002 2590 sic
1039 2545 1085 2590 or·

97 2615 201 2676 neliarn
209 2612 415 2690 Gracchorum,
428 2616 471 2675 sic
480 2612 628 2676 Aureliam
641 2611 787 2690 Caesaris,
798 2613 844 2674 sie
854 2611 1085 2690 AtiamAngusti

91 2698 256 2776 praefuisse
287 2695 507 2758 educationibus
536 2714 573 2756 ae
588 2695 765 2774 produxisse
791 2697 940 2775 principes
975 2695 1088 2756 liberos

89 2782 265 2860 accepimus.
317 2799 391 2858 quae
423 2779 575 2860 disciplina
591 2797 627 2842 ac
658 2781 802 2840 seueritas
834 2797 872 2840 eo
910 2777 1129 2856 pertinebat,2⁶

93 2870 126 2924 ut
140 2862 253 2925 sincera
268 2871 298 2924 et
312 2863 426 2942 integra
447 2869 477 2922 et
491 2860 578 2924 nullis
600 2859 788 2941 pravitatibus
809 2859 923 2921 detorta
937 2860 1020 2919 nnius
1034 2877 1083 2918 eu·

94 2948 197 3023 iusque
220 2955 320 3008 natum
340 2955 403 3008 toto
419 2945 518 3008 statim
539 2954 661 3026 pectore
675 2945 822 3023 arriperet
835 2951 916 3004 artes
932 2941 1081 3018 honestas,

96 3038 125 3088 at
145 3029 207 3092 sire
222 3029 258 3088 ad
274 3047 337 3090 rein
351 3030 503 3090 militarem
518 3030 582 3090 sive
598 3029 633 3090 ad
647 3031 719 3090 iuris
734 3029 885 3090 scientiam
900 3023 1009 3086 eiusad
1021 3023 1083 3083 elo·
1179 3103 1181 3108 ,
1242 3093 1243 3096 Ἴ

96 3113 231 3209 quentiae
253 3111 376 3172 studium
389 3111 574 3188 inclinasset,
590 3113 620 3173 id
633 3114 726 3174 solum
739 3119 859 3188 ageret,
874 3108 903 3169 id
918 3109 1082 3170 uniuersum

94 3195 274 3339 baurqqet.m
289 3293 363 3338 nunc
377 3285 460 3338 natus
480 3278 573 3339 inians
587 3277 741 3356 delegatur
756 3274 915 3337 Graeculae
932 3272 1018 3332 alicui
1033 3209 1117 3330 an·3⁰

94 3360 198 3439 oillae,
214 3362 259 3422 oui
275 3360 437 3438 adiungitur
454 3381 524 3422 unus
540 3368 588 3422 aut
602 3362 730 3422 alterex
745 3358 875 3499 omniib'lu:
891 3357 1004 3428 servis,
1019 3353 1080 3430 ple·
