2570 3878
434 159 539 208 mnan
554 161 602 212 vr.
619 162 695 211 car.
710 159 820 210 eo-er.
1035 150 1131 242 xlbtt

8 353 9 360 κ
126 311 239 378 ternum
254 315 290 377 ad
307 313 462 393 fastigium,
481 313 622 377 destinata
636 316 780 394 retinens,
805 316 936 377 consiliis
957 324 987 376 et
1002 323 1066 376 astu
1080 334 1133 377 res

125 409 263 462 externas
277 399 388 474 moliri,
410 415 487 459 arma
507 399 612 478 procul
633 399 754 461 habere.
785 401 898 462 interea
917 400 1043 477 cognitis
1062 401 1129 460 insi·

125 485 181 546 diis
195 482 361 544 Artabanus
379 482 487 543 tardari
507 494 601 560 metu,
623 484 710 545 modo
730 484 865 563 cupidine
885 485 1031 545 vindictae
1054 485 1129 546 inar-

123 568 261 630 descere.
292 576 321 627 et
335 565 468 627 barbaris
481 569 625 628 cunctatio
637 569 762 644 servilis,
779 569 873 630 statim
886 568 1009 647 exsequi
1018 570 1130 646 regium
1142 583 1155 622 s

124 651 252 714 ridetur:
282 650 374 712 valuit
399 657 496 716 tamen
519 652 643 728 utilitas,
670 662 701 713 ut
722 651 836 714 Abdum
860 652 962 731 specie
987 652 1133 712 amicitiae

122 744 260 798 vocatum
274 734 312 796 ad
330 734 433 813 epulas
449 735 528 796 lento
542 752 657 798 veneno
672 736 818 815 inligaret,
837 736 982 798 Sinnacen
998 735 1131 796 dissimu-

122 820 234 882 latione
250 835 285 880 ao
300 819 403 895 donis,
417 819 502 881 simul
515 837 570 899 per
581 822 710 898 ,negotia
729 830 901 882 moraretur.
942 827 972 880 et
991 820 1131 881 Phraates

123 903 201 985 apud
216 901 329 965 Suriam
343 902 408 963 durn'
424 903 533 966 omisso
549 903 628 964 cultu
643 902 783 982 Romano,
799 905 844 965 cui
860 922 915 983 per
928 911 972 965 tot
985 920 1075 964 annos
1089 904 1131 962 in·

122 995 278 1063 sueverat,
304 987 431 1048 instituta
452 987 623 1049 Parthorum
644 989 744 1065 sumit,
769 989 870 1067 patriis
889 987 1018 1048 moribus
1037 988 1168 1065 imparia

121 1070 226 1134 morbo
242 1071 409 1149 absumptus
425 1078 480 1131 est.
512 1071 564 1133 sed
579 1087 638 1131 non
648 1071 785 1136 liberius
801 1063 900 1132 omisit'
909 1072 1040 1150 incepta:
1058 1069 1129 1131 Tiri·

41 1165 46 1174 “
122 1155 220 1218 dalem
235 1155 384 1232 sanguinis
404 1155 534 1215 eiusdem
557 1156 700 1216 aemulum
718 1154 886 1231 Artabano,
905 1154 1130 1232 reciperandae·

123 1258 182 1319 que
199 1236 505 1299 Armeniaellibernm
519 1238 705 1300 Mithridaten
727 1238 831 1317 deligit
854 1239 1050 1317 conciliatque
1073 1237 1130 1298 lra-

121 1325 160 1385 trl
182 1322 384 1399 Pharasmani,
404 1322 452 1402 qui
474 1321 585 1400 gentile
604 1323 756 1401 imperium
778 1321 944 1391 obtinebat;
966 1330 997 1382 et
1019 1323 1132 1382 cunctis

122 1425 199 1486 qnae
221 1406 297 1485 apud
317 1406 459 1467 orientem
480 1404 707 1484 parabanturlb.
732 1405 882 1466 Vitellium
902 1404 1054 1484 praefecit.
1091 1422 1167 1470 ecre

122 1491 160 1552 de
178 1490 295 1551 bomine
310 1488 386 1550 baud
398 1506 461 1548 sunr
474 1490 594 1567 ignarus
609 1489 753 1550 sinistram
774 1489 803 1547 in
826 1488 900 1549 urba
920 1488 1041 1569 famam,
1066 1489 1129 1568 ple·
1242 1511 1247 1520 ·

120 1590 215 1653 taque
230 1572 318 1635 foeda
331 1573 497 1649 memorari,
514 1579 644 1633 ceterum
657 1572 691 1634 in
706 1572 844 1649 regendis
858 1573 1017 1650 provinciis
1033 1573 1131 1652 prisca

119 1659 228 1718 virtute
244 1657 314 1735 egit.
343 1657 420 1717 unde
442 1671 600 1734 regressus
621 1665 652 1716 et
666 1656 819 1717 formidine
840 1654 893 1718 (lai
912 1652 1065 1733 Caesaris,
1087 1655 1130 1717 ia·

119 1741 286 1803 miliaritate
302 1738 416 1802 Claudii
430 1749 516 1819 turpe
530 1741 559 1798 iu
573 1741 722 1801 servitium
737 1749 861 1801 mutatus
876 1739 1027 1819 exemplar
1052 1739 1130 1819 apud

119 1835 260 1906 posteros
282 1824 434 1886 adulatorii
457 1823 613 1885 dedecoris
629 1823 773 1900 habetur,
802 1833 1015 1902 cesseruntque
1038 1825 1167 1904 primam
1233 1817 1243 1833 '

84 1946 88 1951 -
119 1910 289 1990 postremis,
307 1917 337 1968 et
351 1907 429 1968 bona
444 1906 581 1968 iuventae
598 1917 735 1969 senectus
753 1907 899 1986 flagitiosa
915 1907 1090 1968 obliteravit.

145 2053 149 2060 ,
181 1988 236 2054 33.
255 1990 294 2052 At
310 2009 348 2052 ex
362 1989 476 2069 regulis
489 1992 570 2071 prior
583 1992 764 2054 Mithridates
778 1992 999 2053 Pharasmanem
1014 2009 1121 2071 perpu-

110 2078 154 2143 -lit
175 2076 245 2137 dolo
269 2084 298 2136 et
317 2076 347 2135 vi
371 2083 491 2136 conatus
513 2092 582 2135 suos
605 2076 723 2152 iuvare,
748 2077 918 2155 repertique
939 2084 1130 2154 corruptores

119 2161 269 2222 ministros
285 2158 407 2222 Arsacis
420 2158 510 2220 multo
527 2172 599 2220 auro
613 2159 650 2220 ad
665 2159 765 2221 scelus
781 2168 905 2238 cogunt;
927 2159 1012 2221 sinrul
1027 2159 1130 2220 Hiberi

119 2247 233 2322 magnis
249 2243 342 2322 copiis
359 2241 525 2305 Armeniam
539 2245 703 2323 inrumpunt
718 2252 749 2303 et
763 2243 837 2304 urbe
852 2242 994 2304 Artaxata
1014 2243 1127 2321 potiun-

119 2337 176 2390 tur.
207 2345 282 2407 quae
301 2336 454 2408 postquam
476 2326 627 2389 Artabano
643 2329 782 2405 cognita,
805 2327 894 2388 lilium
916 2324 1035 2387 Oroden
1055 2327 1158 2387 ulto-e

119 2431 183 2474 rem
204 2420 302 2492 parat;
312 2411 368 2473 'dat
383 2410 555 2473 Parthorum
570 2411 689 2490 copias,
705 2411 790 2472 mittit
805 2411 854 2491 qui
870 2409 976 2472 auxilia
990 2409 1130 2470 mercede

118 2496 271 2558 iacerent:
288 2504 390 2556 contra
401 2495 612 2556 Pharasmanes
624 2494 782 2574 adiungere
794 2494 937 2570 Albanos,
951 2493 1049 2555 accire
1061 2495 1128 2555 Sar·

118 2589 222 2664 malas,
240 2596 363 2658 quorum
377 2579 531 2658 sceptuchi
546 2581 689 2659 utrimque
705 2579 790 2640 donis
804 2575 936 2658 acce'ptis
952 2595 1033 2638 more
1056 2595 1129 2656 gen·

121 2662 310 2726 ticodiversa
331 2663 463 2726 induere.
504 2662 558 2724 sed
575 2663 680 2725 iliberi
703 2662 836 2724 locorum
863 2669 1000 2742 potentes
1022 2658 1129 2740 Caspia
1169 2713 1173 2722 ,

118 2749 168 2810 ria
187 2747 347 2810 Sarmatam
363 2748 392 2808 in
412 2747 570 2808 Armenios
588 2748 692 2827 raptim
711 2746 868 2808 effundunt.
900 2745 994 2824 atqui
1014 2745 1129 2806 Parthis
1140 2759 1167 2801 ro

119 2830 332 2910 adventabant,
361 2832 451 2894 facile
472 2830 663 2909 arcebantur,
692 2849 756 2892 cunr
776 2831 851 2893 alios
875 2831 1009 2892 incessus
1035 2827 1129 2890 hostis

119 2916 289 2992 clausisset,
305 2934 390 2978 unum
403 2915 548 2994 reliquum
561 2934 641 2978 mare
657 2916 733 2976 inter
748 2923 779 2976 et
791 2924 936 2976 eruemus
948 2909 1130 2976 Albanorum

4 3007 28 3088 ,'
117 3009 235 3062 montes
257 3009 354 3062 aestas
374 2999 547 3081 impediret,
574 3001 640 3079 quia
660 2999 776 3061 llatibus
798 2999 954 3060 etesiarum
974 2997 1130 3078 implentur
1214 3059 1217 3064 Δ

117 3083 211 3145 vada:
240 3083 379 3146 bibemus
405 3093 504 3145 auster
530 3083 659 3146 revolvit
685 3083 789 3145 lluctus
819 3083 964 3163 pulsoque
986 3081 1129 3144 introrsus

117 3168 198 3230 ireto
214 3167 317 3229 brevia
330 3169 446 3230 litorum
461 3167 611 3230 nudantur.
1139 3174 1166 3214 ¹⁵

179 3250 235 3316 34.
255 3251 373 3314 interim
388 3251 508 3314 Oroden
522 3252 668 3314 sociorum
682 3257 800 3331 inopem
815 3258 916 3312 auctus
928 3248 1035 3309 auxilio
1050 3246 1123 3310 Pba·

118 3354 273 3400 rasmanes
286 3354 397 3399 vocare
413 3336 450 3398 ad
465 3354 591 3417 pugnarn
603 3334 637 3397 'et
653 3335 863 3396 detrectantem
875 3335 1043 3405 incessere,
1060 3328 1129 3390 ade·

120 3422 236 3502 quitare
254 3423 369 3502 castris,
384 3421 532 3482 infensare
549 3418 671 3500 pabula3
691 3436 726 3480 ac
739 3435 831 3497 saepe
848 3415 882 3478 irs
895 3411 1009 3474 modurn
1024 3409 1130 3472 obsidii
