2510 3864
452 185 528 236 cur>
544 186 678 240 ar-as
802 228 807 233 .
1033 175 1094 238 aas

91 359 201 440 porum·
211 341 420 440 exprimeret,
431 350 461 401 et
476 341 622 421 ridemus,
643 338 823 420 inquantum
842 341 947 404 iudicio
970 343 1033 403 eius
1050 344 1129 405 visse

91 434 140 485 aut
156 426 240 484 animi
258 425 331 485 aut
322 424 431 501 ingenii
449 425 607 486 suffecerit.

157 509 206 570 22.
231 507 277 568 Ad
294 505 467 568 ciceronem
487 509 590 583 venio,
608 509 653 568 cui
671 508 773 570 eadem
796 527 892 589 pugna
909 526 973 569 cum
990 527 1093 590 aequa-

91 593 168 655 libus
188 593 248 652 suis
267 591 321 652 luit
341 608 415 671 quae
440 589 507 650 milri
526 589 677 652 vobiscum
701 601 755 654 est.
790 592 831 654 illi
864 593 938 652 enim
961 594 1094 672 antiquos

91 676 282 751 mirabantur,
303 675 368 754 ipse
390 691 509 735 suorum
530 671 691 755 temporum
722 677 915 756 eloquentiam
936 685 1093 754 antepone-

90 760 152 830 bat;
177 778 233 821 nec
251 758 311 820 ulla
331 777 365 818 re
384 759 476 858 magis
496 767 630 820 oratores
653 762 756 822 aetatis
777 758 906 820 eiusdem
931 761 1093 839 praecurrit
1163 825 1166 831 ,
1253 755 1254 760 ’

89 862 174 922 quam
195 842 310 902 iudicio.
352 841 461 921 primas
482 842 557 902 enim
578 844 707 905 excoluit
730 843 908 944 orationem,
931 844 1040 924 primus
1064 852 1117 906 ets

87 927 187 986 verbis
211 925 347 985 dilectum
361 923 489 985 adhibuit
502 934 530 986 et
547 927 750 1006 compositioni
765 936 866 1004 artam,
879 927 964 988 locos
976 943 1093 1005 quoque

87 1009 229 1070 laetiores
251 1009 400 1069 attentavit
420 1017 448 1068 et
471 1009 609 1088 quasdam
629 1012 786 1072 sententias
803 1011 927 1089 invenit,
950 1011 1073 1088 utique
1064 1029 1093 1070 ιιι

86 1094 124 1153 iis
145 1090 322 1153 orationibus
345 1109 416 1171 quas
438 1093 495 1154 iam
511 1096 611 1154 senior
628 1095 660 1156 'et
677 1097 756 1157 iuxta
773 1096 857 1155 linem
876 1095 953 1155 uitae
973 1111 1090 1174 compo·

87 1177 159 1255 suit,
180 1176 291 1254 idest,
316 1185 469 1256 postquam
489 1179 581 1256 magis
605 1180 774 1257 proiecerat
797 1195 910 1258 usuque
926 1187 955 1239 et
976 1179 1091 1256 experi-

86 1262 192 1322 mentis
213 1258 355 1320 didicerat
375 1260 452 1339 quod
479 1263 615 1340 optimum
638 1263 752 1324 dicendi
773 1280 866 1339 genus
890 1271 978 1323 esset.
1026 1279 1126 1324 namra

86 1345 203 1424 priores
220 1345 283 1404 eius
301 1344 449 1403 orationes
469 1361 527 1403 non
550 1354 650 1405 carent
669 1347 745 1406 vitiis
764 1345 955 1423 antiquitatis:
996 1345 1091 1406 lentus

87 1436 133 1488 est
154 1427 183 1486 in
202 1426 370 1507 principiis,
393 1425 500 1504 longus
518 1427 547 1488 iu
568 1428 797 1506 narrationibus,
817 1430 930 1489 otiosus
947 1429 1026 1490 circa
1041 1447 1091 1489 ex·

88 1528 206 1580 cessus:
233 1509 316 1570 tarde
343 1519 554 1589 commovetur,
585 1530 653 1574 raro
679 1511 844 1582 incalescit;
878 1513 963 1591 pauci
988 1529 1091 1574 sensus

87 1603 157 1674 apte
179 1601 209 1654 et
233 1611 296 1654 cum
318 1591 441 1671 quodam
460 1591 565 1656 lumine
587 1599 782 1657 terminantur.
820 1596 889 1658 nibil
915 1613 1090 1676 excerpere,

86 1677 157 1740 nihil
177 1677 291 1738 reterre
312 1677 427 1756 possis,
450 1685 480 1738 et
501 1676 580 1739 velut
600 1681 628 1740 in
645 1679 707 1740 rudi
729 1679 879 1758 aedilicio,
902 1681 999 1741 surmus
1021 1697 1127 1744 saneto

86 1762 186 1843 paries
208 1769 237 1821 et
257 1760 426 1839 duraturus,
449 1761 581 1822 sednon
603 1764 673 1824 satis
701 1763 846 1844 expolitus
872 1772 901 1824 et
921 1762 1089 1842 splendens.

85 1862 146 1923 ego
161 1854 256 1906 autam
278 1854 439 1923 oratorem,
458 1845 532 1906 sicut
556 1846 732 1928 locupletem
751 1865 786 1909 ac
803 1847 909 1908 lautum
922 1856 1033 1926 patrem
1049 1847 1089 1908 la-

84 1930 198 2008 miliae,
218 1945 275 1989 non
299 1945 336 1988 eo
352 1937 459 1990 tantum
479 1929 550 1989 aulo
565 1938 644 1991 tecto
660 1935 721 2009 tegi
736 1931 812 2011 quod
833 1930 953 1992 imbrem
968 1949 1003 1991 ac
1018 1949 1089 1991 ven-

84 2025 145 2075 tum
166 2021 281 2089 arceat,
304 2012 458 2073 sedetiam
480 2013 557 2090 quod
583 2014 674 2074 visum
696 2025 725 2076 et
747 2015 850 2076 oculos
867 2014 1009 2084 delectet;
1032 2032 1089 2074 non

86 2113 122 2157 ea
144 2096 237 2157 solum
267 2096 367 2157 instmi
397 2096 583 2176 supellectile
604 2098 870 2177 praenecessariis
891 2096 989 2158 usibus
1010 2099 1127 2162 sulti-at·

88 2180 158 2256 ciat,
173 2179 225 2238 sed
243 2182 280 2240 sit
295 2181 475 2261 inapparatu
488 2181 550 2240 eius
568 2189 596 2240 et
611 2198 707 2241 aurum
723 2190 751 2242 et
765 2200 912 2259 gemmae,
928 2190 958 2240 ut
975 2199 1089 2241 sumere

87 2264 117 2322 in
141 2279 239 2325 manus
266 2275 294 2326 et
313 2265 448 2344 aspicere
470 2265 588 2344 saepius
601 2264 701 2325 libeat.
737 2263 876 2344 quaedam
890 2261 962 2326 vero
984 2265 1089 2346 procul

87 2354 240 2408 arceantur
260 2357 291 2407 ut
311 2349 366 2408 iam
390 2347 544 2409 obliterata
566 2357 595 2408 et
617 2347 739 2410 olentia:
774 2348 883 2410 nullum
911 2350 947 2409 sit
970 2348 1089 2410 verbum
1169 2383 1173 2387 -

87 2428 167 2490 velut
180 2428 314 2508 rubigine
330 2432 482 2510 iniectum,
498 2431 569 2492 nulli
584 2450 690 2493 sensus
703 2432 785 2494 tarda
802 2441 832 2493 et
847 2433 932 2493 inerti
947 2442 1088 2492 structura

86 2516 115 2575 in
129 2531 239 2574 morem
255 2514 395 2576 annalium
411 2525 635 2596 componantur;
653 2517 759 2595 fugitet
775 2516 891 2578 loedam
907 2526 936 2577 et
951 2517 1086 2576 insulsam
1096 2531 1123 2576 ιι

85 2596 306 2676 scurrilitatem,
332 2600 426 2660 variet
452 2601 708 2679 compositionem,
734 2619 789 2661 neo
817 2617 917 2660 omnes
943 2599 1086 2661 clausulas

85 2699 143 2742 uno
159 2691 189 2741 et
204 2680 308 2742 eodem
323 2681 409 2745 modo
424 2683 603 2745 determinet.

149 2763 199 2826 23.
221 2765 299 2826 Nolo
324 2765 448 2827 inridere
475 2775 590 2830 rotam
617 2768 805 2830 Fortunae
829 2777 864 2828 et
887 2771 943 2829 ius
965 2769 1085 2827 verri·

85 2869 162 2912 num
178 2858 207 2911 et
220 2850 291 2911 illud
307 2850 394 2912 tertio
412 2868 529 2931 quoque
543 2869 630 2912 sensu
645 2852 674 2911 in
689 2852 820 2912 omnibus
837 2851 1014 2913 orationibus
1031 2869 1085 2930 pro

84 2937 225 2996 sententia
245 2936 373 3015 positum
399 2953 486 2996 esse
507 2935 687 2996 videatur.
737 2954 801 2997 nam
828 2945 857 2996 et
881 2936 956 2996 haee
980 2936 1086 2995 invitus

84 3019 181 3078 rettuli
202 3028 232 3078 et
251 3019 334 3099 plura
357 3020 454 3097 omisi,
480 3037 552 3098 quae
573 3028 668 3080 tamen
688 3021 752 3081 sola
772 3021 908 3080 mirantur
929 3027 1016 3096 atque
1035 3035 1084 3077 ex·

85 3101 211 3180 primunt
229 3102 248 3160 ii
271 3102 318 3181 qui
335 3120 368 3162 se
384 3103 518 3181 antiquos
533 3113 667 3165 oratores
682 3113 797 3165 vocant
840 3103 980 3163 neminem
996 3103 1111 3166 nomi-r

84 3185 175 3262 nabo,
195 3201 287 3261 genus
302 3185 446 3247 bominum
466 3187 651 3263 significasse
667 3196 834 3248 contentus:
865 3185 916 3246 sed
933 3185 1017 3246 vobis
1032 3183 1084 3244 uti·

86 3286 143 3348 que
163 3278 315 3329 versantur
336 3279 402 3330 ante
424 3269 528 3330 oculos
548 3270 606 3348 illi,
627 3289 674 3350 qur
667 3269 827 3332 'lucilium
847 3287 902 3349 pro
918 3269 1039 3329 Horatio
1057 3276 1086 3325 et

84 3351 245 3413 Lucretium
261 3371 314 3433 pro
327 3353 453 3432 Virgilio
467 3353 580 3432 legunt,
597 3354 700 3432 quibus
713 3354 880 3432 eloquentia
892 3351 987 3412 Aufidi
1002 3349 1100 3410 Bassi

85 3446 132 3499 aut
144 3439 261 3498 Servilii
277 3437 400 3500 Noniani
424 3457 461 3500 en
484 3439 700 3518 comparatione
715 3439 856 3499 Sisennae
877 3445 925 3496 eut
943 3431 1085 3496 Varronis
