2596 3872
380 153 383 160 ’
449 182 637 232 ιιηκηκιν.
656 184 731 234 cnr.
748 185 869 242 na-to.
1097 184 1157 248 26⁵

158 323 210 396 sed
231 334 310 415 qnod
332 335 379 396 diu
401 336 489 398 obses
514 339 588 419 apud
603 339 703 401 urbem
719 340 829 421 fuerat,
852 362 943 424 usque
963 347 999 408 ad
1019 351 1158 412 seruilem

158 418 324 498 patientium
339 418 491 483 demissus.
527 441 582 484 nee
604 441 749 486 consensu
764 437 922 507 acceptus,
946 429 1065 494 durante
1082 435 1157 513 apud

157 500 296 582 quosdam
317 503 420 586 fauore
442 504 655 568 Arsacidarum.
693 516 722 570 at
745 511 879 591 plerique
902 514 1067 593 superbiam
1088 517 1191 579 Par-so

156 583 269 648 thorum
292 590 392 666 perosi
415 589 509 650 datum
534 591 702 654 aliomanis
724 612 826 672 regem
841 595 997 660 malebant.
1033 600 1157 662 additum
1176 617 1179 624 ·

156 671 184 732 ei
200 670 374 749 praesidium
391 673 471 734 mille
489 674 661 755 legionarii,
678 686 738 738 tres
753 680 901 742 sociorum
916 681 1054 745 cohortes
1070 685 1156 747 duae·

155 773 212 834 que
227 756 352 834 equitum
373 757 454 837 alae,
475 767 505 819 et
529 778 587 841 quo
611 759 726 822 facilius
745 779 849 834 novum
875 783 993 843 regnum
1016 777 1156 847 tueretur,

155 845 255 918 partes
263 837 432 916 Armeniae,
447 841 589 920 utcuique
597 841 725 922 finitima,
747 845 930 910 Pharasmani
946 850 1156 933 Polemonique

153 931 183 984 et
200 921 371 984 Aristobulo
391 925 646 1004 atque-Antiocho
667 947 772 1008 parere
794 932 890 993 iussae
912 943 985 994 sunt.
1023 934 1152 999 Corbulo
1165 951 1189 993 n

153 1007 181 1066 in
206 1006 316 1106 Suriam
338 1006 497 1088 abscessit,
517 1019 610 1072 morte
632 1013 764 1076 Ummidii
787 1015 877 1094 legati
901 1034 1020 1080 vacuam
1044 1038 1080 1082 nc
1101 1021 1156 1082 sibi

152 1107 333 1170 permissam.
1157 1141 1161 1146 -

96 1206 99 1211 -
216 1173 267 1234 27.
287 1173 399 1237 Eodem
421 1196 495 1240 anno
518 1197 555 1240 ex
576 1181 743 1244 inlustribus
765 1183 855 1246 Asiae
876 1185 994 1246 urbibus
1011 1187 1155 1250 Laodicea

152 1259 280 1319 tremor'o
301 1268 398 1322 terrae
421 1262 577 1343 prolapsa,
598 1265 678 1327 nullo
701 1283 723 1326 a
743 1267 828 1328 nobis
850 1269 997 1346 remedio,
1027 1274 1155 1351 propriis

118 1401 122 1406 .
151 1342 256 1420 opibus
271 1343 405 1408 revaluit.
445 1354 475 1406 at
488 1347 518 1406 in
533 1346 617 1409 ltalia
632 1359 717 1411 retus
730 1350 865 1431 oppidum
882 1353 996 1414 Puteoli
1012 1355 1056 1414 ius
1072 1355 1152 1416 colo·

152 1427 218 1487 niae
231 1435 260 1486 et
278 1439 503 1505 cognomentum
519 1449 536 1492 a
550 1430 669 1493 Nerone
687 1435 863 1512 apisountur.
899 1439 1030 1497 veterani
1044 1438 1151 1500 Paren-

154 1518 210 1570 tum
236 1517 267 1570 et
286 1512 402 1574 Antium
425 1513 565 1593 adscripti
588 1532 645 1576 uon
668 1525 762 1578 tumen
786 1517 998 1599 infrequentiae
1020 1520 1176 1582 locorumu

152 1594 331 1673 subvenere,
354 1597 474 1676 dilapsis
493 1598 623 1677 pluribus
645 1601 675 1661 in
694 1602 860 1681 prouincias
880 1602 908 1662 in
924 1602 1028 1682 quibus
1044 1606 1151 1686 stipen-

90 1688 95 1694 ·
150 1678 196 1738 dia
212 1679 417 1757 expleverant;
439 1699 535 1762 neque
557 1685 701 1763 coniugiis
721 1685 915 1765 suscipiendis
932 1705 1031 1767 neque
1040 1688 1152 1750 alendis

151 1761 253 1823 liberis
278 1767 352 1826 sueti
373 1764 460 1827 orbas
482 1767 544 1828 sine
570 1770 696 1846 posteris
716 1769 818 1830 domos
839 1769 1050 1850 relinquebant.
1093 1791 1151 1834 non

150 1847 243 1924 euim,
259 1856 289 1907 ut
304 1847 388 1926 olim,
404 1851 557 1912 uniuersae
573 1851 708 1930 lepiones
722 1851 937 1915 deducebantur
952 1872 1015 1915 oum
1031 1855 1151 1917 tribunis

150 1940 180 1991 ct
203 1933 417 1994 centurionibus
438 1943 467 1994 et
489 1935 533 1994 sui
556 1937 696 2015 cuiusque
718 1936 825 1998 ordinis
848 1936 1000 2015 militibus,
1032 1949 1061 2000 ut
1082 1958 1185 2004 oon-n

149 2032 237 2076 sensu
250 2025 279 2078 et
291 2017 411 2078 caritate
425 2036 487 2079 rem
502 2018 646 2098 publicam
662 2019 830 2097 efficerent,
845 2020 897 2081 sed
912 2022 1005 2099 ignoti
1019 2023 1093 2084 inter
1109 2043 1151 2102 se,

150 2098 272 2160 diversis
299 2101 470 2180 manipulis,
504 2104 567 2162 sine
593 2111 728 2183 rectore,
760 2105 822 2165 siue
848 2104 1010 2166 adfectibus
1036 2109 1150 2184 mutuis,

149 2185 230 2262 quasi
257 2202 294 2245 ex
315 2184 375 2246 alio
396 2203 506 2264 genere
532 2187 693 2248 mortalium
716 2195 838 2267 repente
864 2188 998 2248 inunum
1021 2189 1150 2268 collecti,

147 2285 282 2329 numerus
295 2269 388 2348 magis
404 2288 489 2350 quern
506 2269 630 2332 colonia.

213 2350 263 2412 28.
294 2351 418 2415 Comitia
443 2362 608 2433 praetorum
636 2354 754 2416 arbitrio
781 2363 898 2416 senatus
925 2353 1026 2415 haberi
1052 2356 1149 2434 solita,

147 2437 281 2517 quoniam
298 2437 412 2499 acriore
428 2436 534 2498 ambitu
552 2447 732 2516 exarserant,
749 2440 886 2518 princeps
901 2439 1073 2518 composuit,
1089 2443 1150 2519 tris,

147 2522 196 2601 qui
215 2539 303 2600 supra
319 2539 466 2600 numerum
480 2520 631 2602 petebant,
645 2522 755 2601 legioni
771 2520 979 2602 praeficiendo.
1013 2524 1150 2603 auxitque

148 2613 260 2684 patrum
284 2604 425 2668 bonorem
453 2603 604 2667 statuendo
627 2615 671 2684 ut,
696 2607 744 2686 qni
766 2623 783 2667 a
806 2605 926 2686 privatis
947 2605 1091 2668 iudicibus
1114 2609 1150 2669 ad

147 2698 276 2750 senatum
298 2691 555 2768 provocavissent,
577 2689 706 2751 eiusdem
726 2691 868 2768 pecuniae
890 2690 1049 2768 periculum
1069 2691 1174 2753 face-⁵

147 2782 212 2833 rent
227 2773 307 2834 cuius
317 2772 336 2831 ii
353 2772 401 2850 qui
417 2773 626 2850 imperatorem
643 2772 842 2853 appellareut;
858 2780 1016 2835 namnntea
1029 2793 1149 2836 vacuum

146 2857 174 2918 id
208 2857 390 2937 solutumque
416 2873 511 2937 poena
543 2856 647 2924 fuerat,
692 2857 748 2917 isne
775 2854 969 2918 annivibius
998 2857 1148 2922 Secundus

147 2958 238 3021 eques
260 2940 406 3002 Romanus
436 2939 638 3002 accusantibus
661 2939 768 3002 blauris
790 2939 1011 3018 repetundarum
1034 2942 1153 3007 damna·¹

146 3033 193 3084 tur
209 3034 296 3103 atque
312 3023 395 3086 ltalia
410 3024 554 3102 erigitur,
578 3039 615 3083 ne
629 3026 767 3102 grauiore
783 3041 878 3104 poena
893 3022 1084 3105 adficeretur,
1099 3027 1147 3089 Vi·

147 3108 186 3170 bii
203 3106 300 3189 Crispi
313 3109 410 3171 fratris
427 3106 531 3186 opibus
547 3106 654 3168 enisus.
1159 3135 1183 3178 p

210 3190 261 3256 29.
272 3191 438 3256 Caesennio
454 3191 543 3253 Paeto
571 3201 600 3252 et
619 3191 755 3255 Petronio
783 3191 951 3272 Turpiliano
981 3192 1148 3256 consulibus

145 3277 245 3356 gravis
267 3277 367 3338 clades
389 3276 417 3336 in
434 3275 578 3345 Britannia
600 3285 739 3355 accepta,
761 3277 790 3336 in
813 3294 874 3356 qua.
885 3293 979 3355 neque
995 3274 1033 3335 A.
1048 3276 1149 3338 Didius

124 3360 276 3438 ,legatum
302 3369 332 3420 ut
358 3361 531 3436 memoravi,
559 3359 613 3420 nisi
639 3369 720 3440 parte
741 3361 915 3434 retinuerat,
939 3367 969 3418 et
990 3375 1149 3420 successor

96 3517 104 3530 ·
147 3441 290 3508 Veranius
310 3445 431 3506 modicis
452 3442 621 3507 excursibus
642 3444 752 3506 Siluras
782 3441 954 3522 populatus,
987 3441 1056 3520 quin
1074 3442 1146 3503 ultra
