2546 3872
433 189 503 237 nus.
515 189 537 236 1.
558 188 633 238 oar.
649 187 769 246 oo-ua
1057 187 1100 252 29

95 349 173 409 inter
189 345 334 423 Battum,
358 363 395 406 ne
415 347 560 427 supplicio
584 351 646 410 eius
667 351 752 413 ieron
767 371 842 430 gens
856 353 1040 414 alienaretur.
1071 365 1101 416 et

96 438 181 492 ersnt
201 430 229 489 io
253 429 368 490 ciuitate
382 429 541 508 Lingonum
562 443 630 494 octo
646 435 818 497 Batauorum
834 436 991 514 cobortes,
1015 456 1099 517 quar-

94 525 144 576 tae
165 514 305 574 decumae
327 513 453 591 legionis
468 518 589 595 auxilia,
611 528 668 578 tum
685 519 832 581 discordia
848 530 1011 600 temporum
1026 539 1042 583 a
1057 522 1099 583 le·

94 601 186 678 mone
198 596 359 676 digressae,
377 609 463 676 prout
475 601 672 681 inclinassent,
689 604 801 683 mande
812 614 986 667 momentum
998 606 1120 666 sociaco

95 693 144 746 aut
168 681 321 742 adversae.
361 681 501 762 Nonium,
524 685 693 761 Duratium,
715 690 889 767 homilium,
914 687 1099 770 Calpurnium

95 767 294 843 centuriones,
309 765 345 826 de
363 767 466 846 quibus
481 787 569 848 supra
581 771 752 850 rettulimus,
769 774 865 836 occidi
877 775 969 852 iussit,
986 773 1099 836 damna·

94 861 143 912 tos
165 849 232 910 tidei
255 851 393 930 crinrine,
415 855 585 930 gravissimo
602 857 679 916 inter
695 856 905 924 desciscentes.
940 879 1099 925 accessere

92 934 224 1014 partibus
235 933 372 996 Valerius
382 935 528 998 Asiaticus
537 938 677 1020 Belgicae
690 947 861 1025 provinciae
874 947 999 1026 legatus,
1012 967 1097 1028 quem

94 1035 165 1078 mox
179 1019 315 1081 Vitellius
336 1037 476 1099 generum
497 1025 634 1105 adscivit,
658 1037 687 1088 et
705 1029 802 1091 lunius
823 1029 961 1108 Blaesus,
982 1029 1095 1108 Lugdu·
1107 1054 1132 1094 ro

95 1106 195 1167 nensis
216 1106 327 1168 (talliae
348 1118 464 1187 rector,
488 1129 552 1170 cum
570 1109 672 1172 Italica
688 1113 807 1191 legione
827 1123 857 1174 et
877 1114 923 1175 ala
941 1115 1095 1192 Tauriana,

91 1189 224 1270 Lugduni
238 1191 430 1253 tendentibus.
463 1212 517 1254 nec
534 1196 563 1254 in
576 1196 707 1258 Raeticis
724 1199 819 1276 copiis
833 1215 914 1258 mora
931 1201 1097 1278 quominus

92 1277 188 1337 statim
204 1274 444 1354 adiungerentur:
465 1295 501 1338 ne
514 1280 542 1338 in
557 1278 702 1340 Britannia
718 1280 834 1360 quidem
848 1280 1014 1342 dubitatum.

156 1361 208 1423 66.
236 1360 373 1420 Praeerat
387 1351 551 1422 Trebellius
567 1362 721 1441 blaximns,
749 1383 803 1444 per
816 1367 965 1425 avaritiam
980 1384 1015 1427 ac
1031 1384 1094 1426 sor·

89 1447 145 1507 des
187 1449 369 1523 contemptus
400 1446 542 1504 exercitui
566 1446 744 1526 invisusque.
785 1447 967 1509 accendebat
1000 1451 1096 1510 odium

91 1532 154 1589 eius
169 1527 294 1588 Roscios
311 1526 429 1628 (laelius
450 1526 565 1606 legatus
583 1529 761 1590 vicensimae
784 1530 928 1609 legionis,
958 1532 1024 1592 olim
1039 1532 1095 1592 dis·

94 1610 257 1756 titulat
275 1612 1117 1778 bittin⁰t¹¹tb¹tt⁰ttttttttttttutt:.

89 1779 143 1855 lio,
158 1779 299 1857 spoliatas
316 1785 344 1838 et
361 1779 465 1859 inopes
477 1779 612 1858 legiones
624 1778 740 1842 Caelius
752 1780 903 1843 Trebellio
917 1782 1093 1858 oblectabat,

89 1880 155 1923 cnm
175 1862 289 1922 interim
310 1861 404 1923 foedis
426 1864 588 1941 legatorum
605 1863 807 1926 certaminibus
824 1865 965 1926 modestia
982 1868 1093 1927 exerci-
1194 1875 1196 1880 ’

86 1957 135 2008 tus
153 1955 290 2025 corrupta
307 1963 402 2025 eoque
418 1946 581 2008 discordiae
598 1957 725 2026 ventum,
742 1958 772 2009 ut
787 1948 965 2010 auxiliarium
978 1969 1094 2030 quoque

85 2031 208 2092 militum
225 2031 364 2090 conuiciis
381 2030 582 2109 proturbatus,
598 2040 628 2091 et
643 2031 870 2110 adgregantibus
885 2051 918 2093 se
931 2033 1032 2096 (laelio
1046 2052 1093 2094 co·

86 2113 221 2176 hortibus
243 2114 355 2192 alisque
376 2112 510 2174 desertus
526 2112 690 2174 lbebellius
704 2115 740 2175 ad
757 2114 904 2176 Vitellium
921 2116 1093 2194 perfugerit.
1105 2132 1129 2173 tc

88 2199 174 2277 quies
190 2197 361 2278 provinciae
379 2213 548 2277 quamquam
561 2206 672 2257 remoto
688 2199 835 2258 consulari
849 2202 967 2260 mansit:
988 2217 1094 2260 rexere

87 2281 183 2360 legati
199 2279 365 2359 legionum,
381 2299 470 2360 pares
486 2283 566 2359 inre,
583 2278 700 2342 Caelius
716 2281 847 2343 audendo
866 2284 1024 2361 potentior.

153 2366 205 2427 61.
233 2365 379 2425 Adiuncto
394 2365 560 2426 Britannico
583 2366 713 2426 exercitu
729 2367 833 2443 ingens
848 2364 958 2426 uiribus
975 2367 1093 2446 opibus·

87 2467 147 2529 que
161 2449 299 2509 Vitellius
320 2448 394 2508 dnos
415 2451 520 2526 duces,
541 2449 598 2509 dno
620 2449 721 2509 itinera
745 2447 825 2510 bello
846 2449 1016 2512 destinavit:
1038 2451 1093 2511 Fa·

85 2534 153 2594 bius
174 2532 286 2593 Valens
307 2532 435 2592 adlicere
460 2532 524 2608 vel,
551 2533 575 2592 si
596 2531 771 2609 abnuerent,
799 2542 915 2594 vastare
936 2533 1043 2594 Gallias
1065 2543 1094 2594 et

87 2616 232 2678 Cottianis
243 2615 369 2695 Alpibus
383 2615 494 2676 ltaliam
509 2618 685 2695 inmmpere‚
706 2615 832 2678 Caecina
846 2619 987 2696 propiore
1001 2627 1092 2678 mans·

86 2703 129 2760 itu
143 2699 281 2760 Poeninis
297 2701 373 2776 iugis
394 2699 515 2777 degredi
534 2703 638 2760 iussus.
677 2701 795 2761 Valenti
815 2701 962 2762 inferioris
977 2704 1114 2762 exerui-s

86 2793 136 2845 tus
158 2784 245 2844 electi
269 2801 332 2843 cnm
351 2783 447 2861 aquila
464 2786 579 2863 quintae
597 2784 723 2860 legionis
739 2792 768 2843 et
784 2785 951 2845 cohortibus
967 2786 1090 2864 alisque,

87 2867 125 2928 ad
148 2866 339 2946 qnadraginta
353 2868 430 2927 milia
446 2876 617 2928 armatorum
634 2867 713 2937 data:
736 2868 852 2945 triginta
870 2869 948 2930 milia
965 2868 1091 2930 Caecina

87 2969 106 3010 e
133 2953 285 3029 superiore
311 2949 462 3013 Germania
489 2951 627 3028 ducebat,
661 2967 781 3030 quornm
804 2953 894 3013 robur
920 2953 1001 3030 legio
1023 2971 1090 3014 nna·

87 3036 278 3097 etvicensima
293 3035 355 3095 init.
387 3035 481 3096 addita
496 3037 609 3114 utrique
625 3034 830 3096 Germanorum
850 3037 972 3112 auxilia,
995 3055 1011 3096 e
1028 3039 1089 3115 qui-

86 3120 144 3180 bus
158 3120 294 3180 Vitellius
317 3137 383 3179 suas
404 3137 520 3198 quoque
542 3121 643 3198 copias
662 3119 825 3199 supplevit,
849 3129 910 3181 tota
926 3120 1003 3181 mole
1017 3120 1088 3181 belli
1099 3141 1123 3182 ru

88 3212 250 3264 secuturus.

153 3285 204 3350 62.
225 3287 299 3348 hliru
312 3288 388 3347 inter
403 3289 561 3348 exercitum
578 3288 839 3366 imperatoremque
855 3286 1025 3348 diversitas:
1048 3289 1088 3347 in·

89 3379 167 3432 stare
194 3369 295 3451 miles,
323 3389 400 3432 arma
430 3389 571 3451 poscere,
599 3371 663 3430 dum
691 3369 802 3432 Galliae
828 3369 989 3448 trepident,
1023 3369 1087 3442 dum

89 3451 244 3535 hispaniae
269 3464 455 3517 cunctentur:
482 3472 539 3514 non
562 3454 680 3515 obstare
699 3453 822 3512 hiemem
846 3467 942 3528 neque
965 3453 1087 3528 ignavae
