2540 3874
159 185 201 244 'ta
412 189 711 242 oonunnrrrnornu
727 190 909 240 nunanrurr

155 368 250 412 meam
270 348 426 411 iouebatis.
470 344 613 409 ostendite
644 345 754 425 populo
785 346 914 407 Romano
946 346 1004 407 diui
1034 346 1162 424 Augusti

156 443 274 513 neptem
291 433 470 511 eandemque
489 429 642 508 coniugem
662 448 770 508 meam,
794 438 941 491 numerate
963 447 1016 490 sex
1036 430 1159 491 liberos.

156 517 357 580 misericordia
381 534 446 577 cnm
467 513 667 576 accusantibus
691 513 760 592 erit,
780 513 1010 594 fingentibusque
1032 514 1160 576 scelesta

120 600 289 678 amandata
309 609 432 661 autnon
455 596 574 658 credent
596 597 727 658 homines
748 605 795 658 aut
810 615 870 658 non
883 598 1058 677 ignoscent!
1084 599 1159 658 iura-

157 703 229 746 vere
250 684 349 762 amioi,
371 683 502 744 dextram
520 681 669 741 morientis
694 682 912 760 contingentes,
941 683 1072 762 spiritum
1093 691 1161 742 ante

42 783 46 790 ·
157 787 242 848 quam
259 768 396 829 ultionem
412 769 578 828 amissuros.
780 782 784 789 ·
1256 835 1258 842 Ι

221 852 271 912 72.
293 852 365 913 Turn
380 850 416 912 ad
431 867 551 911 uxorem
567 867 669 911 versus
685 867 738 930 per
753 851 918 910 memoriam
934 850 995 928 sui,
1011 867 1063 930 per
1081 867 1161 910 com·
1256 855 1258 864 ²

156 953 257 997 munes
281 936 393 996 liberos
414 935 523 1012 oravit,
546 942 667 994 exueret
687 934 842 1012 ferociam,
866 932 1160 996 saevienti-fortunae

157 1019 338 1082 submitteret
353 1021 487 1095 animum,
503 1034 558 1076 nen
574 1035 712 1094 regressa
729 1017 758 1078 in
776 1018 876 1078 urbem
890 1017 1082 1080 aemulatione
1107 1035 1160 1096 po-

156 1104 265 1164 tentiae
280 1102 437 1164 validiores
451 1103 590 1163 inritarat.
618 1101 693 1162 baec
706 1102 800 1182 palam
815 1110 844 1161 et
867 1102 923 1164 alia
947 1111 1084 1177 secreto,
1107 1120 1161 1180 per

131 1205 232 1266 aquae
248 1185 405 1247 ostendere
422 1184 595 1247 credebatur
609 1193 714 1246 metum
736 1203 774 1246 ex
789 1185 916 1246 Tiberio.
953 1204 1048 1265 neque
1070 1185 1159 1245 multo

157 1280 226 1350 post
240 1271 426 1348 extinguitur,
444 1270 554 1347 ingenti
572 1268 650 1329 luctu
666 1270 836 1349 provinciae
852 1279 881 1331 et
898 1270 1168 1333 circumiacentium¹

155 1355 341 1435 populorum.
370 1353 522 1414 indoluere
547 1362 666 1414 exterae
689 1355 821 1414 nationes
835 1371 1000 1434 regesque:
1025 1362 1102 1414 tanta
1118 1353 1160 1414 illi

157 1440 279 1499 comitas
294 1441 323 1499 in
339 1439 454 1517 socios,
480 1436 667 1498 mansuetudo
688 1438 718 1498 in
739 1435 846 1509 bostis;
870 1439 991 1519 visuque
1016 1446 1045 1498 et
1064 1437 1160 1498 auditu

156 1523 234 1584 iuxta
251 1521 444 1599 venerabilis,
467 1538 531 1581 cnm
549 1521 772 1598 magnitudinem
794 1531 822 1581 et
841 1522 1012 1599 gravitatem
1034 1539 1162 1584 summae

121 1634 147 1676 10
158 1608 292 1668 iortunae
310 1609 464 1683 retineret,
480 1603 615 1666 inuidiam
631 1613 660 1666 et
674 1605 872 1684 adrogantiam
887 1605 1040 1683 effugerat.

219 1692 269 1752 73.
293 1690 390 1752 Funus
407 1689 469 1748 sine
484 1687 653 1767 imaginibus
669 1698 699 1749 et
714 1707 822 1770 pompa
843 1707 896 1768 per
919 1688 1019 1751 laudes
1043 1707 1077 1751 ao
1099 1708 1159 1750 me·

154 1775 274 1835 moriam
292 1777 425 1834 virtutum
441 1772 504 1833 eius
522 1770 640 1832 celebre
657 1773 717 1833 luit.
749 1782 778 1834 et
793 1783 875 1834 erant
888 1775 937 1853 qui
952 1774 1089 1852 formam,
1111 1791 1156 1834 ae
1257 1791 1258 1832 3

155 1867 261 1937 tatem,
278 1876 372 1935 genus
386 1857 501 1934 mortis,
524 1854 562 1916 ob
576 1857 826 1936 'propinquitatem
847 1861 932 1918 etiam
956 1857 1105 1936 locorum,
1131 1860 1161 1917 in

156 1942 259 2022 quibus
286 1942 408 2019 interiit,
441 1941 539 2018 magni
570 1939 729 2002 Alexandri
753 1942 820 2002 latis
846 1942 1050 2022 adaequarent.
1095 1961 1161 2002 nam

130 2035 309 2104 suarumque
326 2042 452 2105 corpore
467 2023 595 2102 decoro,
612 2042 723 2101 genere
741 2027 862 2106 insigni,
883 2025 959 2088 haud
979 2026 1096 2087 multum
1112 2028 1160 2087 tri·

156 2111 236 2188 ginta
251 2126 341 2170 annus
356 2126 518 2187 egressum,
534 2126 649 2169 sucrum
670 2108 779 2170 insidiis
800 2119 935 2172 externas
959 2111 1035 2170 inter
1054 2120 1162 2188 gentes
1256 2155 1257 2174 2

156 2193 318 2255 occidisse:
336 2192 389 2254 sed
403 2193 478 2254 bunc
489 2194 584 2254 mitem
597 2210 668 2270 erga
680 2195 800 2273 amicos,
816 2193 957 2254 modicum
970 2194 1160 2274 voluptatum,

155 2295 212 2338 nno
228 2277 428 2354 matrimonio,
445 2277 533 2337 certis
548 2276 648 2338 liberis
663 2277 779 2356 egisse,
805 2296 900 2357 neque
921 2280 1012 2338 minus
1035 2278 1159 2358 proelia-

154 2370 265 2439 torem,
289 2361 374 2422 etiam
390 2362 414 2422 si
430 2360 577 2421 temeritas
596 2360 701 2421 aluerit
722 2361 965 2442 praepeditusque
987 2363 1023 2423 sit
1045 2363 1160 2441 percul-

118 2468 146 2511 aa
156 2463 203 2506 sas
217 2453 261 2506 tot
276 2445 408 2506 uictoriis
423 2443 590 2506 Germanias
611 2445 731 2506 servitio
753 2463 896 2526 premere.
932 2446 1054 2527 quodsi
1076 2445 1159 2505 solus
1255 2515 1256 2524 ἵ

151 2528 264 2590 'arbiter
280 2546 386 2606 rerum,
404 2530 428 2589 si
447 2529 508 2588 iure
525 2536 554 2588 et
569 2530 684 2590 nomine
696 2531 779 2608 regio
794 2530 908 2609 inisset,
920 2539 1003 2612 tanto
1019 2530 1158 2611 prompti·
1255 2527 1256 2532 ’

154 2632 190 2673 us
204 2612 406 2680 adsecuturum
420 2612 546 2690 gloriam
563 2613 698 2692 militiae,
715 2624 849 2692 quantum
865 2615 1033 2694 clementia,
1048 2623 1159 2694 tempe-

154 2698 260 2775 rantia,
283 2698 393 2758 ceteris
412 2695 498 2757 bonis
519 2695 628 2758 artibus
646 2700 849 2775 praestitisset.
878 2717 985 2779 corpus
1006 2707 1163 2778 antequam

155 2788 334 2843 cremaretur
350 2781 483 2842 nudatum
501 2780 531 2840 in
543 2781 610 2842 foro
626 2780 880 2862 Antiochensium,
898 2785 946 2862 qui
964 2782 1048 2845 iocus
1061 2784 1160 2863 sepul-

118 2887 144 2930 ιε
155 2873 237 2926 turae
253 2865 461 2942 destinabatur,
478 2865 687 2942 praetuleritne
703 2868 835 2927 ueneficii
850 2868 950 2946 signa,
974 2869 1160 2946 parnm'con-
1254 2877 1255 2910 t

153 2949 238 3018 stitia
255 2967 324 3010 nam
336 2958 365 3008 ut
382 2950 446 3028 quis
462 2949 661 3010 misericordia
678 2951 705 3009 in
718 2951 918 3013 Germanicum
931 2961 960 3012 et
972 2963 1163 3032 praesumpta

154 3033 324 3175 suppicione
340 3042 388 3093 aut
413 3033 516 3093 lavore
536 3034 563 3093 in
579 3033 713 3094 Pisonem
729 3037 864 3114 pronior,
886 3035 994 3098 diversi
1015 3036 1160 3116 interpre

152 3126 182 3177 ta
204 3127 296 3179 antur.

219 3204 269 3264 74.
290 3199 489 3264 Consultatum
505 3201 572 3265 inde
587 3202 662 3262 inter
678 3203 794 3280 legatos
811 3205 918 3283 quique
930 3203 979 3264 alii
990 3213 1163 3266 senatorum
1253 3225 1254 3240 ³

153 3285 291 3363 aderant,
316 3285 445 3366 quisnam
468 3285 570 3346 Suriae
590 3287 809 3365 praeliceretur.¹
842 3294 878 3348 ‘et
907 3289 1014 3350 ceteris
1042 3288 1164 3349 modice

151 3367 238 3446 nisis,
259 3371 333 3430 inter
348 3368 463 3430 Vibium
484 3368 610 3431 llarsum
633 3379 662 3431 et
687 3369 739 3431 (ln.
761 3373 889 3432 Sentium
909 3370 956 3432 diu
979 3373 1160 3451 quaesitum:

151 3447 218 3508 dein
244 3451 356 3513 llarsus
386 3454 493 3515 seniori
526 3461 555 3514 et
586 3456 680 3516 acrius
715 3454 842 3516 tondenti
865 3456 965 3516 Sentio
999 3456 1162 3517 concessit.
