2570 3878
446 139 550 190 urana
568 144 616 196 vr.
633 143 709 192 osu.
724 141 834 194 ae-uo.
1073 131 1133 216 177

128 304 270 378 spectare
292 299 347 358 iam
369 315 403 358 se
424 300 519 360 acrius
542 298 705 377 servitium,
728 316 824 380 enque
843 298 949 377 lugere
972 297 1176 358 simulantem

126 393 160 442 et
179 382 323 444 instantia.
354 379 430 444 baeu
451 383 526 442 vatis
549 383 578 444 iu
601 381 716 446 modum
737 381 872 443 ‘dictitans
894 399 985 443 venas
1002 383 1134 443 resolvit.

128 467 306 539 documento
322 465 473 548 sequentia
489 475 572 527 erunt
588 465 665 528 bene
679 465 845 531 Arruntium
860 475 955 530 morte
970 483 1061 527 usum.
1082 465 1136 527 Al·

129 549 239 624 buoilla
262 549 347 612 inrito
369 551 428 610 ietu
450 549 487 610 ab
507 559 600 613 semet
617 551 767 612 vulnerata
787 551 876 612 iussu'
888 558 1005 614 senatus
1020 551 1048 609 in
1073 568 1136 610 oar-

122 635 232 697 'oerem
251 632 354 700 lentur.
389 642 556 716 stuprorum
578 635 639 696 eius
662 635 797 716 ministri,
823 634 971 696 Carsidius
988 633 1136 696 Sacerdos

127 717 294 798 praetorius
314 726 344 778 ut
366 719 395 778 iu
417 717 539 781 insulam
561 719 779 799 deportaretur,
800 718 919 781 Pontius
941 718 1171 797 Fregellanusao

127 805 276 862 amitteret
290 799 420 862 ordinem
436 805 625 880 senatorium,
645 812 674 864 et
690 803 943 884 eaodem-poenae
961 805 990 863 in
1007 799 1136 863 laelium

126 885 249 949 Balbum
269 885 480 966 deoeruuntum
506 887 536 952 id
558 887 704 968 quidenna
724 887 912 967 laetantibus,
938 887 1004 968 quia
1027 885 1135 950 Balbus

127 971 203 1033 truoi
224 969 394 1050 eloquentia
409 969 586 1050 habebatur,
602 980 756 1053 promptus
771 972 924 1034 adversum
941 973 1082 1033 insontes.

191 1049 244 1116 49.
263 1052 360 1118 lsdem
382 1053 484 1116 diebus
500 1057 570 1116 Sex.
586 1055 722 1136 Papinius
738 1056 885 1118 consulari
898 1056 1128 1135 familiarepeu·

129 1140 219 1202 tinum
232 1147 261 1201 et
270 1139 423 1202 informem
435 1141 543 1202 exitum
557 1138 678 1219 delegit,
695 1141 772 1204 iaoto
788 1142 816 1202 in
835 1153 980 1221 praeceps
997 1156 1135 1220 oorpore.

129 1240 219 1284 eausa
232 1221 270 1284 ad
285 1233 406 1286 matrem
421 1222 621 1302 referebatur,
640 1242 714 1304 quae
731 1224 841 1305 pridem
863 1225 1015 1305 repudiata
1033 1223 1135 1284 adsen-

126 1305 285 1370 tationibus
311 1315 397 1388 atque
414 1307 484 1372 luxu
507 1308 685 1390 perpulisset
705 1310 838 1370 iuvenem
854 1309 890 1369 ad
907 1327 941 1368 ea
958 1324 1077 1388 quorum
1094 1307 1136 1368 ef·

127 1392 238 1470 iugium
260 1409 318 1451 uon
338 1393 392 1453 nisi
412 1400 507 1453 morte
526 1393 679 1454 inveniret.
713 1393 802 1471 igitur
820 1402 955 1454 aoousata
976 1395 1005 1452 iu
1021 1399 1160 1470 senatun

127 1492 302 1556 quamquam
316 1493 413 1552 genua
427 1484 540 1556 patrum
556 1475 761 1538 advolveretur
777 1477 941 1560 lustumque
959 1492 1136 1554 communem

127 1568 160 1621 at
173 1559 269 1638 magis
290 1558 457 1622 inbecillum
476 1559 529 1620 tali
548 1578 637 1641 super
658 1578 726 1622 oasu
747 1560 915 1622 feminarum
930 1561 1052 1620 animum
1065 1559 1135 1619 alia·

128 1662 185 1725 que
201 1645 230 1704 ia
246 1642 369 1704 eundem
384 1643 517 1706 dolorem
530 1652 641 1706 maesta
652 1653 684 1705 et
699 1643 862 1706 miseranda
877 1642 924 1706 diu
941 1643 1047 1722 ferret,
1063 1642 1135 1702 urbe

127 1728 269 1789 tamenin
285 1725 387 1788 dacem
402 1745 495 1789 anuos
510 1727 655 1810 prohibita
671 1737 724 1808 est,
743 1727 836 1793 donea
850 1730 943 1790 minor
958 1728 1033 1789 lilius
1048 1724 1134 1787 lubri-

128 1830 192 1874 oum
210 1811 346 1874 iuventae
361 1812 464 1876 exiret.
1144 1833 1170 1874 10

191 1893 244 1958 50.
270 1894 330 1957 lam
347 1895 493 1960 liberium
509 1895 628 1978 dorpus,
651 1897 706 1960 iam
721 1898 817 1976 vires,
832 1897 958 1962 noudum
973 1895 1133 1972 dissimula·

127 1981 169 2042 tio
185 1979 358 2042 deserebat:
381 1979 457 2042 idern
473 1980 558 2042 animi
575 1982 676 2060 rigon
701 1999 835 2046 sermone
855 1999 890 2042 ao
906 1982 987 2042 vultu
1010 1982 1135 2040 intentus

127 2066 259 2144 quaesita
278 2063 419 2126 iute'rdum
437 2067 573 2126 eomitata
588 2067 717 2146 quamvis
740 2059 919 2128 manifestam
940 2063 1134 2126 detentionem

126 2148 259 2226 tegebat.
289 2149 463 2228 mutatisque
484 2149 601 2230 saepius
624 2149 700 2211 loeis
726 2151 841 2212 taudem
863 2149 939 2232 apud
968 2155 1133 2227 promuntu-

126 2233 199 2294 rium
220 2232 331 2294 Miseni
348 2232 481 2296 consedit
502 2233 630 2312 invilla,
655 2235 700 2296 oui
721 2233 752 2296 L.
767 2233 903 2296 Lucullus
924 2232 1067 2312 quondam
1083 2230 1156 2298 dor

125 2317 229 2378 miuus.
260 2317 321 2379 illio
348 2319 413 2378 ¹eum
435 2317 669 2399 adpropinquare
698 2320 842 2399 supremis
868 2317 919 2378 tali
945 2315 1030 2377 modo
1057 2331 1134 2376 eom·

126 2410 250 2481 pertum.
280 2410 343 2462 erat
363 2401 492 2463 medicus
514 2411 575 2464 arte
596 2403 734 2481 insignis,
752 2405 867 2464 nomine
883 2400 1052 2478 Charicles,
1075 2415 1134 2459 non

16 2491 19 2496 “
126 2484 244 2565 quidem
267 2502 376 2563 regare
397 2486 580 2548 valetudines
601 2487 742 2568 principis
763 2487 883 2564 solitus,
905 2484 1017 2546 oonsilii
1039 2492 1134 2544 tamen

126 2570 243 2651 copiam
259 2569 416 2650 praebere.
445 2571 471 2630 is
491 2571 572 2631 velut
591 2574 711 2652 propria
730 2571 767 2631 ad
782 2571 902 2649 negotia
923 2568 1090 2646 digrediens
1106 2576 1135 2628 et

121 2673 182 2735 per
203 2655 334 2735 speeiem
355 2655 446 2729 oiiioii
471 2665 583 2715 manuni
607 2655 778 2735 complexus
799 2655 911 2735 pulsum
933 2670 1071 2713 venarum
1093 2660 1171 2717 atre

125 2740 200 2816 tigit.
226 2756 322 2818 neque
336 2738 457 2801 leiellit:
472 2757 537 2799 nam
552 2739 701 2818 Tiberius,
722 2741 861 2800 incertum
879 2756 915 2799 arr
931 2737 1060 2798 ollerlsus
1073 2744 1134 2797 tan·

126 2832 218 2902 toque
237 2823 331 2901 magis
350 2825 423 2883 iram
444 2840 596 2903 premens,
617 2824 769 2885 instaurari
789 2821 892 2903 epulas
912 2824 992 2883 iubet
1012 2821 1134 2883 disoum·

125 2907 228 2986 bitque
247 2905 322 2967 ultra
336 2907 470 2985 solitum,
493 2910 574 2987 quasi
595 2907 699 2969 honori
724 2906 856 2968 abeuntis
878 2906 961 2967 amini
982 2905 1133 2967 tribueret.

125 2989 282 3052 (linariolas
303 3000 398 3053 tamen
424 2991 483 3053 labi
508 2992 638 3071 spiritum
659 3011 714 3052 neo
735 2991 809 3052 ultra
834 2988 1134 3052 biduumduraturum

4 3059 17 3097 ²
124 3074 260 3138 llaoroni
285 3076 416 3137 firmavit.
445 3075 512 3136 inde
536 3085 638 3136 ouuota
663 3075 825 3156 conloquiis
848 3077 923 3138 inter
949 3082 1170 3156 praesenteque

125 3159 233 3226 nuntiis
255 3161 332 3241 apud
355 3159 472 3239 legatos
496 3169 525 3221 et
552 3161 698 3222 exereitus
729 3159 948 3222 festinabantur.
982 3161 1152 3242 septimum

125 3243 269 3304 deoimum
287 3244 347 3305 kal.
369 3245 480 3326 Aprilis
501 3245 659 3306 intorolnsa
679 3245 772 3305 anima
796 3245 922 3305 creditus
941 3252 986 3304 est
1006 3240 1132 3302 mortali-

125 3335 215 3390 tatem
231 3329 417 3409 explevisse;
441 3339 470 3390 et
489 3328 578 3390 multo
599 3337 761 3408 gratantum
783 3345 925 3389 oouoursu
940 3327 976 3386 ad
992 3322 1132 3403 eapienda

124 3412 240 3494 imperii
264 3415 421 3494 primordia
442 3413 529 3500 Gaius
552 3412 663 3475 Caesar
685 3411 903 3492 egrediebatur3
929 3427 992 3470 oum
1011 3411 1136 3483 repente

168 3518 262 3560 resurr
275 3519 346 3559 runs
361 3521 384 3561 1.
933 3491 973 3552 12
