2540 3874
172 206 231 269 112
415 217 580 268 connanu
595 217 714 266 nac1n1
728 215 913 266 usnemun

134 374 223 435 used
238 372 461 453 praefulgebant
477 371 595 434 Cassius
610 381 696 452 atque
705 369 807 434 Brutus
819 390 856 435 eo
868 375 945 456 ipsu,
963 373 1040 456 quod
1051 374 1171 455 effigies

171 475 270 518 eorum
284 475 341 518 non
355 457 532 522 visebantur.

356 1039 701 1132 'CORNELII
733 1045 968 1126 ΤΑΟΙΤΙ

423 1200 470 1265 aa
495 1194 648 1268 anebsan
672 1200 747 1267 nnn
772 1199 922 1268 uuonan
970 1299 972 1302 Ι

544 1368 707 1436 LIBER
737 1368 801 1436 IV.

584 1637 726 1647 -ι--ι--υψ-

170 1831 383 1888 altbvlnltltttt.
421 1831 482 1900 (lep.
500 1831 523 1883 1.
539 1831 655 1884 'liberius
671 1834 759 1886 saevit.
793 1805 965 1900 Gauoa'penes
980 1831 1081 1881 Aelium
1098 1831 1170 1882 Seia-

204 1919 273 1966 num,
288 1903 360 1954 onius
372 1899 503 1968 ingenium
519 1899 544 1951 o
558 1915 651 1953 mores.
689 1903 714 1952 2.
730 1903 755 1953 ls
777 1901 973 1952 dominationem
991 1901 1099 1967 aspirat,
1120 1915 1170 1966 qno

204 1981 232 2025 ut
244 1970 382 2040 perveniat,
395 1969 490 2021 Romae
503 1975 530 2020 tn
543 1977 625 2022 eastra
640 1971 767 2038 praetoria
780 1969 1019 2020 milltemoonalnolt.
1048 1969 1072 2022 3.
1088 1970 1170 2020 Druso

204 2041 298 2092 'liberii
316 2038 368 2090 lilio
384 2039 520 2090 insidiatur
533 2054 580 2107 per
593 2054 700 2090 uxorem
715 2040 778 2100 eins,
792 2046 881 2107 stupro
894 2038 1025 2106 pollutam.
1059 2038 1086 2090 4.
1104 2039 1170 2090 Dru-

204 2126 249 2163 sus
269 2107 410 2160 Germanioi
430 2115 518 2175 togam
543 2109 642 2160 vitilem
661 2108 746 2160 sumit.
789 2105 874 2158 Status
898 2107 1027 2175 publicus,
1050 2121 1171 2158 numerus

204 2180 348 2246 legionum,
377 2174 410 2227 5.
424 2190 511 2226 aarum
531 2185 556 2226 et
575 2177 715 2228 cohortium
736 2183 761 2227 et
785 2174 904 2230 classium
924 2175 979 2227 loen
999 2183 1169 2244 exponuntur.

156 2241 165 2256 '
203 2249 230 2302 o.
250 2246 337 2298 civilis
361 2244 545 2296 administratio
570 2245 653 2310 qualis
680 2243 810 2296 haetenus.
852 2245 878 2296 7.
903 2241 1011 2296 Seianus
1033 2245 1171 2312 potentiam

204 2322 289 2384 anget,
312 2313 337 2365 8.
355 2313 453 2363 sublato
470 2328 516 2381 per
532 2327 658 2365 venenum
670 2313 761 2365 Druso.
793 2312 909 2365 'libarius
924 2314 1035 2365 animam
1048 2314 1168 2375 obfirmat

204 2392 320 2438 senatum
336 2381 425 2448 erigit,
445 2383 519 2446 eique
532 2382 598 2434 illios
611 2381 753 2434 Gemaniol
770 2383 821 2434 ‹lno
844 2383 1001 2434 oommendat
1022 2390 1049 2434 ut
1072 2382 1170 2449 imperil

203 2452 319 2505 hmanas·
345 2450 372 2504 9.
389 2451 475 2500 Funus
490 2451 573 2502 Druso
586 2451 691 2503 mustra.
722 2451 764 2503 10.
781 2451 823 2502 11.
840 2453 914 2504 laisa
930 2452 1054 2504 deDruso
1071 2451 1170 2518 abipso
1266 2453 1267 2456 ’

203 2531 275 2590 patre
292 2527 380 2571 neoato
398 2517 476 2570 lama.
510 2519 550 2571 12.
571 2520 662 2588 Populi
678 2519 751 2572 favor
767 2519 827 2574 liliis
845 2519 984 2574 Germanioi
998 2519 1104 2572 bosius.
1137 2520 1171 2569 lis

204 2598 229 2641 et
244 2588 309 2656 Agri
327 2588 403 2670 ninae
422 2586 531 2640 Seianus
544 2589 651 2640 insidias
664 2590 747 2640 struit.

255 2657 295 2710 13.
309 2604 428 2708 giberius
443 2656 584 2723 legationen
602 2665 627 2707 et
642 2657 815 2709 accusationes
837 2659 966 2710 civitatum
984 2666 1007 2710 et
1028 2658 1171 2725 prouincia·
1265 2689 1266 2702 .

204 2743 260 2779 rum
276 2726 354 2775 antiit.
388 2725 429 2776 14.
446 2725 483 2776 lla
500 2727 578 2791 asylis
590 2734 686 2788 aetum;
705 2726 841 2780 histriones
851 2728 923 2778 ltalia
937 2729 1013 2796 pulsi.
1040 2725 1083 2779 lb.
1101 2727 1171 2778 Alter

204 2813 236 2848 ax
251 2794 329 2846 Drusi
343 2794 428 2866 liberis
445 2795 505 2856 obit,
521 2796 581 2846 item
597 2795 707 2848 Lucilius
726 2795 831 2864 Longus
847 2797 970 2864 principia
988 2796 1093 2850 amiens.
1125 2795 1172 2847 Ca·

220 2867 255 2916 ito
269 2865 413 2914 damnatus.
443 2862 484 2918 lo.
502 2863 556 2914 Lex
570 2864 621 2914 lata
636 2864 668 2914 de
684 2865 784 2915 llamine
803 2865 878 2918 Diali.
908 2866 1052 2918 Vestalibus
1070 2865 1171 2916 babitus

222 2946 294 2985 onos⁴

255 3002 297 3053 17.
315 2999 452 3052 Sollemnla
474 3011 531 3052 vota
553 3015 599 3068 pro
623 3003 746 3070 principe.
776 3004 811 3054 lis
827 3003 917 3053 inserti
934 3003 1001 3054 Nero
1019 3010 1043 3054 ot
1061 3001 1168 3052 orasus.
1264 3047 1265 3056 ,

202 3069 265 3154 Hine
281 3070 367 3120 odium
389 3069 495 3152 Tiberii,
522 3085 597 3134 quem
622 3069 729 3122 Seianus
759 3072 878 3124 stimulet.
913 3071 952 3124 la.
970 3072 1015 3122 ffio
1030 3068 1170 3152 Germanioi

202 3137 987 3326 gffliatttljlbimiiillbibllllaiil&
1000 3137 1170 3260 ababli
1263 3177 1264 3188 ‘

239 3291 320 3326 vanua
352 3290 407 3326 era.
818 3294 820 3300 ’

205 3372 208 3378 ·
253 3345 296 3396 23.
313 3291 497 3394 Τξείαιίηαῑειη
514 3345 578 3396 bella
593 3362 682 3398 rursus
698 3354 855 3410 moventem,
878 3347 920 3399 24.
938 3346 1069 3398 Dolabella
1085 3347 1167 3414 oppri-
1242 3349 1252 3364 ’

201 3412 245 3462 anit
269 3412 311 3464 25.
330 3419 354 3462 et
366 3412 455 3463 caedit.
481 3413 526 3467 26.
543 3413 716 3481 Triumphalia
732 3431 783 3468 non
792 3417 917 3484 impetrat.
941 3413 1101 3466 Ptolemaeus
1115 3429 1169 3464 nnn-

200 3493 261 3528 nera
277 3478 375 3548 accipit.
405 3483 447 3532 27.
467 3480 571 3533 servilis
586 3492 670 3535 motus
683 3485 781 3536 semina
793 3499 839 3552 pen
852 3485 950 3536 ltaliam
964 3497 1096 3552 oppressa.
