2540 3874
426 221 530 270 ιιιιιιι
545 221 595 269 ιιι.
613 222 689 271 ιιι.
702 219 804 274 ι-ιι.
1080 212 1119 275 83

117 376 241 438 validum
257 385 287 436 ct
302 376 499 437 conscientiae
514 379 612 437 matris
627 379 761 438 innexum
777 395 861 449 esse;
888 395 1015 458 veraque
1030 390 1077 440 aut
1092 381 1119 441 in

114 461 244 522 deterius
263 459 372 521 credita
388 460 484 521 iudice
500 462 535 520 ab
551 479 607 522 uno
626 461 740 522 facilius
758 462 903 538 discerni,
920 462 1015 525 odium
1032 473 1061 524 et
1077 465 1117 525 in·
1129 490 1152 532 m

112 543 217 605 sidiam
240 544 316 644 apud
337 544 441 605 multos
463 544 573 605 ualere.
619 544 693 607 hand
719 541 840 608 fallebat
862 543 1007 608 Tiberium
1025 549 1120 611 moles

112 629 288 727 cognitionis
305 645 419 708 quaque
436 631 501 707 ipse
519 629 594 690 fama
611 629 831 692 distraheretur.
866 632 952 709 igitur
966 634 1066 710 paucis
1078 633 1118 694 ia·

109 699 261 773 milianum
279 712 414 772 adhibitis
430 713 521 772 minas
544 714 740 776 accusantium
761 723 790 776 et
811 714 878 775 hinc
907 733 1013 794 preces
1042 716 1118 778 audit

109 798 312 876 integramque
330 814 446 857 causam
462 798 497 858 ad
513 808 642 859 senatum
657 799 785 861 remittit.
884 827 885 832 ¹

177 883 226 942 11.
258 881 356 982 Atque
375 881 492 942 interimi
510 881 622 943 Drusus
643 873 759 944 rediens
779 882 917 962 illyrico,
950 903 1119 986 quamquam

108 973 209 1046 patres
233 965 416 1026 censuissent
436 966 474 1026 ob
495 975 646 1068 reqeptum
671 965 879 1028 Maroboduum
901 978 931 1029 et
944 986 999 1030 res
1021 971 1119 1049 priore

8 1101 9 1120 ,
107 1059 221 1112 aestate
239 1057 340 1128 gestas
356 1059 385 1109 ut
402 1067 492 1111 ovans
509 1051 591 1110 iniret
595 1051 736 1130 ,prolato
753 1052 866 1113 bonore
881 1053 1004 1114 urbem·
995 1057 1118 1115 intravit.

107 1143 178 1214 post
193 1152 269 1213 quae
284 1133 388 1195 reoL
406 1135 588 1212 Arruntium,
614 1136 818 1214 P.Vinicium,
844 1135 972 1198 Asinium
996 1137 1118 1218 Gallum,
1226 1175 1229 1181 ·

107 1218 302 1279 Aeserninum
317 1217 498 1297 Marcellum,
518 1221 588 1280 Sex.
605 1219 772 1300 Pompeium
779 1229 928 1306 patronos
944 1224 1078 1300 petenti
1069 1225 1117 1285 uis·
1131 1243 1144 1280 s

108 1320 167 1383 que
184 1302 299 1364 diuersa
316 1302 593 1365 excusantibusbb’.
609 1303 735 1403 Lepidus
752 1314 781 1365 et
796 1305 827 1367 L
843 1305 910 1366 Piso
927 1313 956 1366 et
973 1304 1120 1368 Livineius

107 1386 240 1465 Regulus
258 1387 391 1465 adicere,
411 1387 528 1448 adreeta
545 1389 620 1448 omni
639 1391 771 1466 civitate,
796 1400 902 1470 quanta
925 1390 998 1451 dues
1020 1391 1119 1452 amicis

107 1470 291 1549 Germanioi,
313 1489 389 1550 quae
411 1471 516 1532 bducia
537 1490 607 1543 reo;
634 1474 708 1533 satin
732 1473 882 1535 cohiberet
910 1491 945 1534 ac
972 1485 1119 1552 premeret

106 1571 298 1619 sensussuos
316 1554 460 1617 Tiberius.
517 1556 592 1618 haud
617 1557 688 1618 alias
715 1559 855 1618 intentior
886 1557 1013 1638 populus
1053 1559 1119 1638 plus

105 1640 164 1702 sibi
179 1640 207 1700 in
223 1641 383 1719 principem
407 1640 541 1702 occultae
563 1640 646 1700 vocis
670 1649 716 1701 aut
740 1642 899 1723 suspicacis
921 1641 1028 1701 silentii
1051 1659 1152 1722 per-ro

105 1725 193 1786 misit.

174 1810 223 1871 12.
247 1808 303 1871 Die
321 1817 439 1871 senatus
456 1806 566 1870 Caesar
588 1809 747 1870 orationem
769 1808 868 1870 habuit
889 1809 1027 1870 meditato
1047 1813 1117 1874 tem·

105 1901 287 1974 peremento.
318 1895 409 1974 patris
425 1894 470 1955 sui
485 1893 612 1974 legatum
626 1903 713 1976 atque
730 1895 850 1958 amicum
873 1893 1008 1959 Pisonem
1027 1898 1118 1960 inisse

104 1977 326 2058 adiutoremque
352 1977 523 2041 Germanico
548 1978 643 2042 datum
665 1999 681 2042 a
703 1999 736 2041 se
764 1990 884 2043 auctore
907 1991 1007 2044 senatu
1031 1982 1117 2043 rebus

106 2061 184 2142 apud
202 2064 344 2123 orientem
361 2063 602 2126 administrandis.
637 2064 697 2126 illic
714 2066 895 2128 contumacia
913 2075 941 2128 et
954 2069 1115 2128 certamini-

104 2148 160 2208 bus
176 2156 345 2228 asperasset
361 2149 496 2210 iuvenem
514 2149 651 2228 exituque
667 2149 729 2210 eius
747 2151 870 2212 laetatus
887 2159 984 2227 esset,
998 2169 1034 2211 an
1051 2169 1141 2212 soe-s

104 2233 170 2292 lere
186 2231 371 2308 extimuisset,
388 2233 509 2311 integris
526 2233 626 2293 animis
642 2233 863 2296 diiudicandum.
896 2237 978 2295 ‘nam
993 2235 1018 2295 si
1035 2235 1116 2311 lepa-

102 2327 152 2377 tus
168 2315 258 2377 ofiicii
273 2315 423 2394 terminos,
441 2315 614 2396 obsequium
634 2336 705 2396 erga
724 2319 931 2398 imperatorem
948 2320 1028 2380 exuit
1041 2323 1115 2379 eius-

102 2400 230 2479 demque
246 2409 339 2462 mortc
356 2410 385 2462 et
400 2401 480 2462 luctu
498 2418 564 2461 meo
580 2402 704 2463 Laetatus
719 2412 781 2480 est,
806 2404 898 2464 odero
916 2419 1116 2483 seponamque

102 2505 120 2548 ι
138 2485 225 2545 domo
241 2503 305 2545 mea
322 2495 351 2546 et
373 2486 501 2565 priuatas
523 2485 686 2548 inimicitias
700 2504 757 2547 uon
773 2488 802 2548 vi
819 2487 959 2568 principis
974 2488 1115 2548 ulciscar:

103 2571 150 2631 sin
166 2569 279 2630 facinus
296 2571 324 2628 in
340 2571 547 2649 cuiuscumque
561 2571 725 2632 mortalium
741 2590 816 2633 nece
839 2571 1040 2634 vindicandum
1063 2573 1113 2633 de·
1126 2588 1150 2630 ru

103 2655 223 2733 tegitur,
242 2669 296 2714 vos
311 2671 384 2714 vero
404 2663 433 2715 et
446 2654 557 2715 liberos
576 2653 739 2716 Gennanici
756 2664 784 2717 et
805 2674 859 2717 nos
875 2665 1013 2737 parentes
1033 2657 1116 2716 iustis

100 2738 224 2801 solaciis
241 2737 365 2800 adhcite.
400 2739 541 2819 simulque
558 2739 627 2800 illud
645 2748 789 2819 reputate,
805 2740 921 2802 turbide
933 2739 961 2802 e't
975 2741 1116 2804 seditiose

100 2823 273 2884 tractaverit
289 2824 437 2884 exercitus
453 2822 531 2900 Piso,
550 2826 681 2904 quaesita
694 2824 750 2887 sint
762 2824 1007 2904 perambitionem
1021 2824 1114 2886 studia

100 2907 235 2984 militum,
255 2908 341 2968 armis
359 2907 484 2986 repetita
500 2907 661 2988 prouincia,
679 2927 715 2971 an
731 2907 805 2970 falsa
820 2908 894 2970 haec
910 2910 938 2969 in
950 2912 1040 2971 maius
1050 2909 1113 2969 rui·

100 2993 238 3072 gaverint
255 3002 456 3072 accusatores,
472 3009 594 3072 quorum
611 3007 667 3070 ego
686 2992 778 3054 nimiis
794 2995 895 3055 studiis
912 2994 974 3055 iure
993 3011 1112 3055 suscen·
1125 3007 1148 3050 rs

10 3089 11 3096 ¹
100 3093 169 3137 seo.
202 3093 266 3136 nam
295 3094 352 3157 quo
380 3078 517 3158 pertinuit
547 3076 657 3139 nudare
682 3095 789 3157 corpus
818 3087 848 3139 et
876 3079 1113 3141 contrectandum

100 3161 184 3238 vulgi
194 3160 288 3222 oculis
296 3163 464 3239 permittere
473 3161 643 3241 differrique
656 3161 741 3223 etiarn
753 3180 806 3242 per
821 3173 958 3224 externos
971 3172 1112 3244 tamquam

101 3261 221 3306 veneno
237 3245 415 3325 interceptus
436 3255 533 3322 esset,
555 3247 579 3304 si
600 3246 711 3308 incerta
729 3246 822 3309 adhuc
837 3248 892 3309 ista
913 3256 942 3308 et
958 3245 1113 3308 scrutanda

100 3327 191 3392 sunt't
209 3329 304 3392 debeo
327 3329 468 3411 equidem
482 3329 569 3390 fllium
589 3347 683 3391 meum
704 3349 879 3411 semperque
905 3329 1035 3393 debebo:
1060 3328 1112 3388 sed

102 3431 202 3494 neque
218 3432 299 3474 reum
315 3415 457 3493 prohibeo
474 3431 531 3495 quo
547 3416 639 3474 minus
657 3425 758 3476 cuncta
776 3415 925 3496 proterat,
951 3411 1054 3491 quibus
1070 3411 1110 3471 in·
1101 3431 1147 3472 ·ao

103 3498 241 3568 nocentia
258 3498 321 3558 eius
336 3498 483 3560 sublevari
502 3508 566 3576 aut,
589 3499 617 3558 si
636 3516 691 3576 qua
715 3500 767 3560 init
789 3493 1112 3637 iniquitasssqiermanict,
