2568 3870
478 177 548 224 ιιι.
560 177 596 223 ιι.
618 175 694 224 cae.
709 171 830 228 87—-92
1109 157 1149 222 85

148 339 217 398 sciis
234 331 408 412 flagitiorum
426 333 498 410 ipsis
516 332 564 412 qui
586 331 705 392 aderaut
719 333 855 410 omnique
876 330 1048 413 ltalia,.per
1065 351 1150 412 quam

147 431 251 481 somno
264 427 293 478 et
314 416 382 477 luxu
404 414 554 494 pudendus
575 417 747 476 incesserat.
788 415 894 494 volgus
916 425 1010 476 tamen
1030 435 1171 478 vacuums

117 567 122 574 ,
149 505 226 564 onris
244 509 273 562 et
289 503 351 561 sine
367 500 433 560 falsi
450 500 754 578 verique'discrimiuc
769 499 871 560 solitas
883 500 1064 562 adulationes
1080 503 1149 564 edo·

149 597 224 648 ctum
249 586 375 646 clamore
403 593 431 644 et
451 583 574 644 vocibus
596 583 799 663 adstrepebat;
825 584 1018 666 abnuentique
1045 605 1150 650 nomen

147 671 270 749 Augusti
291 685 469 748 expressere
483 676 513 728 ut
532 668 711 746 adsumeret,
734 677 791 740 tam
805 669 913 730 frustra
930 687 1014 748 qnam
1033 689 1149 733 recusa·
1243 711 1249 716 -

148 765 238 816 terat.

206 839 257 900 91.
280 837 368 916 Apud
391 837 536 897 civitatem
551 845 654 897 cuneta
675 839 914 916 interpretantem
930 837 1036 898 funesti
1048 839 1150 904 ominis

145 926 215 984 loeo
233 929 387 1000 acceptum
402 928 462 998 est,
477 919 563 1020 qnod
578 921 730 982 maximum
747 922 944 1002 pontificatum
961 921 1083 1002 adeptus
1098 924 1148 984 Vi-

145 1006 242 1067 tellius
266 1005 303 1064 de
328 1005 511 1065 caerimoniis
538 1004 663 1085 publicis
683 1005 739 1066 XV
762 1005 903 1067 kalendas
920 1007 1068 1084 Augustas
1089 1007 1149 1068 cdi·

144 1091 254 1167 xisset,
279 1089 432 1169 antiquitus
449 1088 574 1149 infausto
597 1089 644 1150 die
660 1087 845 1150 Cremerensi
859 1090 1042 1172 Alliensique
1061 1090 1148 1154 cladi·
1278 1161 1279 1170 χ

142 1175 213 1237 bus:
251 1173 325 1236 adeo
350 1174 441 1233 omnis
464 1171 578 1234 humani
592 1173 762 1252 divinique'
754 1177 824 1235 ruris
838 1193 962 1254 expers,
980 1177 1043 1256 pari
1060 1176 1147 1236 liber·
1157 1192 1170 1232 e

26 1303 30 1309 -
142 1269 254 1335 torum,
278 1258 434 1319 amicorum
455 1257 610 1334 socordia,
639 1258 720 1318 uelut
739 1259 816 1319 inter
836 1260 1011 1321 temulentos
1033 1260 1149 1338 agebat.

143 1343 196 1404 sed
215 1344 329 1404 comitia
345 1341 495 1403 consulum
514 1359 578 1401 cum
600 1341 758 1403 candidatis
775 1343 900 1404 civiliter
922 1343 1076 1404 celebrans
1092 1363 1150 1406 om·

142 1446 208 1488 nem
232 1429 345 1488 infimae
372 1426 469 1506 plebis
497 1420 655 1501 rumorem,
683 1427 712 1486 iu
735 1426 848 1488 theatro
867 1435 898 1488 ut
924 1437 1091 1508 spectator,
1121 1431 1150 1490 in

144 1513 224 1573 circo
240 1521 271 1572 ut
285 1512 398 1589 fautor,
418 1510 683 1591 adiectavit:-quae
700 1520 783 1588 grata
799 1529 870 1572 sane
886 1521 916 1572 et
930 1513 1100 1592 popularia,
1124 1516 1148 1574 si

143 1596 327 1657 avirtntibus
345 1597 618 1676 proficiscerentur,
636 1599 774 1657 memoria
789 1598 866 1658 ritae
887 1598 994 1676 prioris
1009 1595 1147 1658 indecora
1160 1613 1185 1656 m

143 1692 173 1743 et
189 1681 257 1742 vilia
272 1679 499 1760 accipiebantur.
529 1679 689 1742 ventitabat
703 1682 733 1740 in
748 1689 889 1756 senatum,
904 1683 990 1742 etiam
1003 1700 1066 1743 cum
1082 1700 1147 1763 par-

141 1769 186 1827 vis
202 1765 238 1826 de
254 1765 343 1826 rebus
359 1775 459 1844 patres
475 1764 705 1829 consulerentur.
734 1783 769 1827 ac
779 1765 858 1826 lorte
870 1765 988 1828 Priscus
997 1766 1148 1830 llelvidius

140 1860 260 1931 praetor
276 1850 443 1928 designatus
462 1859 563 1911 contra
577 1850 701 1911 studium
718 1851 782 1912 eius
797 1860 961 1913 censuerat.
988 1863 1148 1916 commotus

142 1937 235 2016 primo
258 1934 411 2012 Vitellius,
442 1952 501 1995 non
527 1943 623 1995 tamen
643 1933 717 1996 ultra
742 1950 825 2015 quam
847 1934 979 1997 tribunos
1002 1937 1099 2017 plebis
1119 1938 1148 1997 in

142 2019 276 2080 auxilium
294 2027 411 2098 spretae
427 2019 580 2098 potestatis
595 2018 764 2090 advocavit3
786 2037 855 2079 mox
868 2021 1063 2099 mitigantibus
1078 2023 1144 2083 ami·
1158 2039 1182 2078 rs

142 2105 202 2180 cis,
228 2106 276 2184 qui
299 2104 432 2164 altiorem
447 2103 623 2164 iracundiam
639 2105 702 2164 eius
718 2103 909 2182 verebantur,
930 2105 1000 2165 nihil
1016 2108 1085 2167 novi
1099 2124 1147 2167 ac·

142 2151 249 2250 cidisse
264 2188 433 2276 respondit,
449 2187 527 2288 quod
543 2187 601 2249 duo
616 2189 795 2248 senatores
786 2207 814 2248 ιι
829 2207 863 2249 ιι
882 2186 998 2268 publica
1014 2188 1148 2250 dissenti-

140 2282 219 2342 rent;
244 2273 359 2334 solitum
375 2293 408 2334 se
424 2273 509 2332 etiam
524 2271 673 2334 Thraseae
687 2282 789 2334 eontra
805 2272 915 2334 dicere.
945 2273 1069 2336 inrisere
1085 2274 1162 2354 ple·

140 2359 223 2436 rique
241 2356 437 2435 inpudentiam
448 2356 664 2426 aemulationis
682 2357 746 2418 eliis
760 2357 809 2417 ud
801 2375 895 2436 rpsum
907 2356 1053 2435 placebat
1070 2358 1150 2466 quod

141 2440 283 2502 neminem
299 2461 337 2502 ex
355 2439 612 2523 praepotentibus,
633 2440 686 2501 sed
701 2439 860 2502 'l'b'rascam
875 2440 911 2501 ad
929 2442 1081 2521 exemplar
1095 2462 1144 2503 ve·
1140 2434 1182 2503 ιι

140 2545 190 2586 ιιι
205 2525 319 2604 gloriae
336 2525 470 2604 legisset.

222 2607 273 2672 92.
287 2609 504 2689 Praeposuerat
516 2608 711 2686 praetorianis
724 2559 1023 2669 PubliliumSabinum
1035 2626 1052 2668 a
1065 2626 1149 2686 prae·

112 2759 115 2766 ,
138 2694 400 2770 lecturacohortis,
414 2692 516 2754 lulium
524 2691 653 2751 Priscum
668 2698 726 2750 tum
739 2693 956 2752 centurionem.
968 2690 1151 2753 PriscusVa·

17 2781 28 2797 ²
137 2773 1148 2857 lentis,SabinusGaeoinaegratiapollebaminterdiseordesVitcllio

137 2864 208 2925 nibil
225 2865 416 2924 auctoritatis.
445 2860 540 2924 munia
556 2862 669 2940 imperii
685 2858 812 2923 (laeoina
833 2861 997 2923 novalem
1018 2861 1147 2941 obibant,

139 2949 208 3008 olim
232 2947 308 3006 auxii
330 2947 420 3024 odiis,
442 2963 518 3027 qaae
532 2944 614 3006 bello
629 2953 659 3005 et
679 2945 784 3006 eastris
797 2945 873 3008 male
889 2946 1065 3009 dissimulata
1082 2965 1145 3026 pra·
1160 2967 1173 3006 s

139 3033 215 3090 vitas
232 3030 388 3091 amicorum
409 3040 438 3091 et
454 3031 579 3092 fecunda
595 3029 752 3108 gignetmis
767 3030 922 3090 inimicitiis
938 3033 1042 3091 civitas
1058 3049 1145 3092 auxc·
1202 3093 1204 3096 .

140 3121 201 3189 rat,
224 3111 289 3172 dum
308 3114 415 3175 ambitu
430 3117 567 3176 comitatu
588 3123 618 3175 et
632 3115 770 3176 inmensis
787 3115 969 3176 salutantium
985 3113 1147 3192 agminibus

141 3196 319 3258 contendunt
334 3209 611 3279 comparanturque,
629 3199 717 3260 variis
736 3201 765 3259 iu
782 3197 864 3260 hunc*
874 3207 922 3260 aut
939 3199 1018 3260 illurn
1033 3199 1146 3260 Vitellii

140 3281 388 3353 inclinationibus;
419 3301 475 3344 neo
497 3301 629 3365 umquam
648 3284 719 3344 satis
740 3282 796 3344 lida
817 3285 962 3364 potentia,
991 3283 1040 3344 nbi
1060 3285 1144 3343 nimia
1222 3293 1223 3296 ’

141 3375 199 3429 cst:
230 3367 313 3427 simul
334 3369 428 3448 ipsum
448 3368 612 3447 Vitellium,
637 3368 739 3429 subitis
762 3369 882 3429 oliensis
903 3376 952 3428 aut
968 3369 1181 3446 intempesti-re
1278 3371 1279 3374 ’

139 3454 183 3514 vis
197 3450 343 3515 blanditiis
358 3451 533 3533 mutabilem,
550 3451 774 3514 contemnebant
787 3451 1021 3531 metuebautque.
1037 3469 1092 3511 nec
1107 3467 1144 3510 eo
