2440 3886
344 103 349 127 Ε
385 165 489 214 arsur
501 167 523 213 1.
543 165 617 214 cnr.
630 161 750 219 ot-tl.
1029 155 1069 238 ιι

73 331 125 400 ιιι,
141 339 224 401 quam
241 312 352 392 duces}
367 337 554 402 conpressam
572 321 721 382 amuliere
739 321 926 401 seditionem,
949 324 993 383 cui
1017 341 1068 384 no·
1079 336 1102 380 ιι

72 423 132 467 nen
146 405 288 486 principis
311 403 457 466 obsistere
480 407 693 484 concaluerit.
719 405 901 468 accendebat
914 405 987 469 baec
999 425 1067 468 one·

71 489 205 569 rabatque
220 491 355 569 Seianus,
374 491 477 570 peritia
493 505 602 550 morum
619 488 727 549 Tiberii
752 489 818 552 odia
838 491 865 570 in
888 491 1007 570 longum
1028 494 1067 554 ia·

73 576 155 652 ciens,
174 590 250 652 quae
265 575 442 634 reconderet
457 583 597 654 auctaque
615 585 770 652 promeret.

127 660 178 721 to.
202 658 242 718 At
258 657 444 720 Germanicus
462 659 620 737 legionum,
639 675 710 738 quas
726 659 848 720 navibus
863 669 1000 738 vexerat,
1021 679 1066 720 se·

70 742 187 804 cundem
204 750 235 803 et
250 752 378 822 quartam
394 743 543 804 decumam
560 743 662 804 itinere
680 745 812 804 terrestri
831 743 863 803 l’.
879 744 1000 806 Vitellio
1017 745 1066 805 du·

68 827 172 889 cendas
187 826 283 906 tradit,
300 845 356 908 quo
375 828 471 890 leuior
487 827 589 888 classis
604 827 716 888 uadoso
732 829 803 889 mari
820 828 933 889 innaret
956 829 1005 888 ael
1020 847 1065 888 re-

67 915 185 993 ciproco
207 911 325 972 sideret.
359 913 496 974 Vitellius
517 913 637 992 primum
659 912 714 973 iter
737 913 816 974 sicca
837 911 922 974 bumo
944 922 991 974 aut
1006 930 1065 972 mo-

65 998 127 1058 dice
143 995 299 1057 adlabente
315 1005 397 1058 aestu
412 999 536 1078 polenum
552 996 665 1058 babuit:
691 1013 760 1058 mox
780 996 895 1077 inpulsu
913 997 1088 1077 aquilonis,⁵

65 1079 145 1143 simul
160 1080 259 1142 sidere
274 1081 460 1161 aequinoctii,
479 1098 536 1162 quo
552 1081 674 1142 maxime
692 1084 825 1142 tumescit
840 1081 988 1161 Oceanus,
1003 1083 1067 1162 rapi

65 1167 168 1246 agique
191 1182 306 1244 agmen.
343 1173 372 1227 et
387 1165 582 1246 opplebantur
607 1174 718 1228 terrae:
753 1165 855 1228 eadem
882 1167 959 1227 freto
987 1167 1066 1226 litori

65 1251 172 1330 campis
190 1250 292 1327 iacies,
308 1268 403 1331 neque
416 1251 541 1312 discerni
557 1258 692 1330 poteraut
703 1252 813 1312 incerta
826 1249 861 1312 ab
876 1250 987 1328 solidis,
1000 1249 1065 1311 bre·
1130 1326 1138 1330 ⁶

62 1337 106 1397 ria
124 1355 141 1397 a
156 1334 319 1415 profundis.
348 1344 512 1397 sternuntur
528 1334 674 1413 ductibus,
698 1333 865 1396 hauriuntur
884 1334 1063 1414 gurgitibus3

63 1423 198 1498 iumenta,
223 1420 371 1498 sarcinae,
395 1437 521 1499 corpora
543 1421 673 1480 exanima
695 1419 877 1498 interfluunt,
899 1427 1063 1481 occursant.
1076 1441 1099 1482 ιι

63 1506 277 1584 permiscentur
302 1504 376 1565 iuter
405 1523 438 1565 se
465 1504 618 1585 manipuli,
648 1502 734 1564 modu
763 1512 886 1584 pectore
902 1503 989 1565 modo
1013 1520 1064 1563 ore

65 1599 143 1648 tenos
168 1595 335 1667 exstantes,
365 1588 519 1670 aliquando
543 1588 691 1650 subtracto
717 1588 781 1649 solo
805 1587 919 1650 disiecti
943 1597 990 1648 aut
1015 1587 1064 1647 ob-

65 1673 123 1733 ruti.
154 1689 215 1732 non
234 1689 296 1733 vox
316 1681 346 1733 et
366 1675 455 1734 mutui
474 1673 604 1736 hortatus
625 1671 759 1733 iuvabant
779 1672 951 1734 aduersante
974 1671 1063 1739 unda;

62 1757 128 1818 nihil
147 1765 283 1818 strenuus
299 1755 334 1836 ab
356 1758 479 1836 ignavo,
501 1759 619 1836 sapiens
643 1756 678 1818 ab
701 1756 879 1838 inprudenti,
906 1755 1028 1818 consilia
1048 1773 1064 1815 a

63 1859 129 1902 casu
157 1840 293 1902 differre:
319 1850 421 1904 cuncta
444 1843 505 1922 pari
530 1841 669 1902 violentia
689 1840 919 1902 involvebantur.
951 1841 1099 1900 tondemus

61 1925 197 1986 Vitellius
213 1925 242 1983 iu
265 1924 386 1988 editiora
408 1927 506 1986 enisus
532 1925 636 1986 eodem
657 1943 760 2004 agmen
782 1924 925 1986 subduxit.
960 1941 1063 2004 perno-

61 2019 183 2070 ctavere
199 2009 262 2070 sine
276 2009 502 2088 utensilibus,
478 2028 540 2070 sune
555 2010 624 2088 igni,
641 2027 745 2088 magna
761 2028 828 2089 pars
841 2010 917 2070 nudo
932 2018 981 2070 aut
995 2009 1064 2070 mul·

61 2103 127 2154 cato
144 2110 284 2172 corpore,
302 2093 376 2154 baud
392 2096 484 2155 minus
499 2094 679 2154 miserabiles
696 2113 780 2194 quam
801 2111 875 2172 quos
895 2093 989 2154 bostis
1011 2095 1064 2153 cir·
1126 2159 1127 2168 ,

59 2177 220 2238 cumsidet:
238 2179 347 2258 quippe
362 2179 423 2239 illic
438 2181 524 2240 etiam
539 2178 681 2239 honestae
696 2179 795 2238 mortis
813 2196 893 2254 usus,
911 2177 956 2238 bis
971 2177 1063 2254 inglo—
1130 2175 1133 2182 '

54 2263 132 2323 ιιιιιιι
146 2261 277 2323 exitium.
309 2263 359 2328 lux
373 2263 496 2324 reddidit
511 2271 632 2340 terram,
649 2271 887 2342 penetratumque
903 2260 938 2322 ad
954 2277 1064 2321 amnem
1073 2268 1098 2310 ²⁰

1 2391 2 2420 3
56 2347 243 2446 [llisnrgin},
257 2363 315 2426 quo
328 2345 438 2408 Caesar
454 2347 549 2409 classe
563 2347 760 2408 contenderat
790 2345 935 2426 inpositae
947 2345 1012 2406 dein
1023 2344 1063 2404 le·

1 2433 2 2496 ζ
56 2433 180 2508 mones,
197 2441 322 2508 vagante
336 2432 410 2493 lama
425 2431 609 2502 submersas;
625 2450 681 2492 ncc
696 2431 768 2492 fides
783 2430 896 2508 salutis,
915 2439 1064 2508 antequam

54 2513 221 2576 Gaesarem
238 2518 453 2596 exercitumque
468 2515 606 2577 reducem
622 2516 732 2576 videre.

120 2600 175 2659 71
198 2597 257 2660 lain
272 2600 441 2679 Stertinius,
464 2600 499 2662 ad
522 2601 749 2702 accipiendum'
741 2617 769 2659 ru
786 2598 959 2660 deditionem
981 2594 1078 2698 Segi·

53 2699 171 2743 merum
184 2683 302 2744 inatrem
315 2685 448 2763 Segestis
459 2687 647 2766 praemissus,
660 2687 754 2764 ipsum
766 2691 795 2744 et
807 2683 895 2744 lulium
907 2684 969 2743 eius
981 2683 1010 2742 in
1027 2685 1065 2742 ci-

51 2770 180 2830 vitatem
188 2766 328 2829 Ubiorum
338 2769 521 2848 perduxerat
535 2766 1065 2849 datautriqueuenia,lacileSegime·

53 2871 98 2930 ro,
114 2854 299 2914 cunctantius
312 2852 388 2932 filio,
410 2854 475 2934 quia
487 2853 615 2929 Quintilii
627 2854 698 2915 Vari
716 2869 823 2932 corpus
840 2851 974 2912 inlusisse
988 2851 1065 2912 dice·

52 2937 153 2998 batur.
167 2945 297 2998 ceterum
309 2936 345 2999 ad
357 2938 518 3018 supplenda
530 2940 676 2999 exercitus
684 2937 946 2998 damnacertauere
954 2928 1087 2998 (lalliaco

53 3021 218 3102 Hispaniae
230 3020 329 3101 ltalia,
347 3021 424 3102 qood
443 3024 546 3102 cuique
568 3032 748 3102 promptum,
761 3039 839 3083 arma
858 3039 950 3122 equos
968 3039 1066 3082 aurum

61 3106 230 3167 onerantes.
248 3123 370 3186 quorum
380 3107 496 3168 laudato
510 3106 604 3168 studio
616 3105 818 3186 Germanicus,
836 3105 922 3167 armis
938 3105 1067 3166 modoet

68 3191 139 3270 cauis
155 3190 193 3252 ad
208 3189 319 3252 bellum
334 3193 466 3292 sumptis,
480 3191 601 3271 propria
612 3193 734 3271 pecunia
746 3191 863 3253 militem
879 3190 957 3251 iuvit.
979 3197 1065 3268 utque

64 3271 150 3336 cladis
162 3277 332 3337 memoriam
344 3277 428 3337 etiam
441 3278 575 3338 comitate
585 3275 700 3354 leniret,
717 3275 867 3336 circumire
883 3290 1054 3350 saucios,
1025 3271 1064 3330 ι

54 3365 97 3420 ιιι
109 3361 299 3440 singulorum
312 3361 471 3433 extollere,
483 3360 623 3423 vulnera
615 3360 820 3421 mtuensalinm
833 3376 896 3436 spe,
909 3354 1063 3432 aliumglo-
1076 3366 1100 3407 ιο

49 3443 107 3518 ria,
122 3454 250 3507 cunctos
265 3445 402 3526 adloquio
415 3456 444 3506 et
457 3461 526 3508 cura
538 3443 650 3524 sibique
663 3453 693 3506 et
704 3443 819 3525 proelio
833 3438 970 3582 firmagpt.
