2540 3874
413 169 518 216 crona
529 169 552 217 1.
566 167 642 216 one.
654 165 773 220 ιιι-81.
967 215 969 220 ,
1053 155 1106 245 :tt

169 325 214 388 79.
232 323 335 385 Actum
348 323 451 384 deinde
466 324 497 382 in
512 330 613 384 senatu
625 322 662 383 ab
678 323 815 385 Arruntio
834 330 863 382 et
877 321 979 400 Ateio,
1002 340 1038 384 an
1056 321 1231 402 ob&

112 407 287 468 moderandas
304 407 417 469 Tiberis
438 405 647 468 exundationes
668 414 851 472 verterentur
874 405 987 469 liumina
1008 414 1037 466 et
1055 406 1094 467 la·

113 510 166 568 cus,
182 509 231 570 per
246 509 318 570 quos
328 493 473 570 augescit:
490 489 663 570 auditaeque
684 490 902 568 municipiorum
921 499 950 551 et
965 489 1094 552 colonia·

112 593 163 634 rum
176 575 350 654 legationes,
364 574 511 635 orantibus
528 574 720 651 Florentinis,
742 592 778 634 ne
794 572 891 634 ctanis
906 573 992 634 solito
1008 574 1094 635 alveo

111 659 227 720 demotus
241 661 268 718 in
284 677 395 734 amnem
411 658 520 719 Arnum
531 659 735 719 transferretur
749 657 834 736 idque
848 659 921 738 ipsis
936 658 1092 737 perniciem
1106 669 1119 710 t

111 743 232 802 allerret.
263 744 451 821 congruentia
479 742 524 803 his
546 741 752 802 interamnates
774 741 956 802 disseruere:
978 760 1096 821 pessum

110 829 188 887 ituros
202 826 423 888 iocundissimos
437 825 539 886 ltaliae
558 844 692 905 campos,
714 827 738 886 si
761 827 850 887 amnis
864 825 925 886 Nar
953 827 998 906 (id
1020 827 1096 886 enim

111 910 265 988 parabatur)
283 913 312 970 in
332 913 411 973 riuos
429 910 560 970 diductus
582 912 875 989 superstagnavisset.
907 929 962 970 nec
980 909 1095 971 Reatini

110 993 228 1072 silebant,
245 995 380 1056 Velinum
395 996 506 1071 lacurn,
531 1012 587 1074 qna
609 996 637 1053 in
655 992 763 1054 Narem
787 994 956 1072 effunditur,
983 995 1094 1054 obstrui

109 1088 276 1157 recusantes,
305 1081 412 1159 quippe
431 1081 461 1138 in
482 1077 641 1141 adiacentia
662 1087 843 1157 erupturum
869 1087 985 1158 optume
1005 1077 1094 1140 rebus
1104 1091 1129 1133 ro

109 1161 251 1224 mortalium
270 1164 455 1224 consuluisse
470 1171 609 1239 naturam,
623 1180 696 1240 qnae
709 1180 761 1222 sua
773 1179 824 1222 ora
835 1161 1007 1242 fluminibus,
1023 1179 1092 1222 suos

110 1265 194 1306 cnrsns
213 1257 302 1326 utque
326 1249 483 1326 originem,
505 1248 545 1310 ita
563 1247 634 1312 unes
656 1245 782 1316 dederit;
808 1245 983 1325 spectandas
1009 1247 1094 1307 etiam

110 1329 250 1408 religiones
266 1333 430 1408 sociorum,
452 1331 499 1409 qui
517 1348 600 1391 sacra
617 1339 645 1390 et
661 1331 744 1390 lucos
762 1338 791 1390 ct
806 1349 871 1391 aras
891 1331 991 1409 patriis
1007 1331 1092 1392 amni·

111 1412 150 1472 bns
162 1415 338 1476 dicaverint:
356 1416 422 1494 quin
437 1416 530 1494 ipsum
547 1413 673 1474 Tiberim
687 1409 767 1474 nolle
782 1416 903 1494 prorsuis
916 1413 1028 1476 accolis
1042 1415 1092 1474 llu-

115 1499 152 1556 riis
168 1498 300 1559 orbatum
325 1501 436 1559 minore
458 1498 553 1575 gloria
573 1499 675 1559 liuere.
706 1516 758 1558 seu
782 1516 889 1576 preces
917 1498 1093 1558 coloniarum
1104 1512 1128 1553 rs

115 1582 312 1644 seudiilicultas
326 1600 447 1662 operum
465 1583 527 1642 siue
544 1583 709 1661 superstitio
727 1580 826 1660 valuit,
843 1584 911 1641 utin
923 1584 1094 1643 sententiam

110 1658 146 1720 dn.
159 1662 273 1723 Pisonis
291 1664 522 1739 concederetur,
539 1666 587 1741 qni
603 1663 643 1724 nil
659 1663 823 1725 mutandum
838 1675 1000 1728 censuerat.

157 1743 203 1809 80.
224 1745 407 1826 Prorogatur
430 1746 570 1826 Poppaeo
593 1746 699 1806 Sabino
723 1749 873 1825 provincia
895 1747 1023 1824 Moesia,
1045 1745 1093 1807 ad·

106 1825 158 1888 ditis
176 1829 290 1892 Achaia
311 1848 345 1891 ac
365 1829 546 1900 Macedonia.
580 1829 608 1890 id
631 1849 748 1913 quoqne
769 1847 879 1892 morum
899 1830 1008 1896 Tiberii
1029 1830 1093 1909 fuit,

105 1914 257 1976 continuare
279 1915 401 1995 imperia
424 1933 459 1975 ac
477 1913 636 1994 plerosque
662 1911 698 1976 ad
722 1915 808 1977 linem
834 1917 911 1976 vitae
942 1915 971 1975 in
985 1913 1093 1976 'isdem

38 2031 39 2056 1
105 1998 270 2058 exercitibus
288 2008 337 2060 aut
354 1998 598 2060 iurisdictionibus
614 1998 733 2059 habere.
762 2017 867 2060 causae
882 2000 963 2060 varie
979 1997 1092 2059 tradun-

38 2111 39 2126 t
103 2086 151 2140 tur:
165 2081 211 2142 alii
224 2081 325 2144 taedio
342 2099 438 2148 norae
459 2100 545 2144 curae
568 2083 657 2144 semel
678 2081 784 2162 placita
806 2101 859 2162 pro
883 2084 1010 2144 aeternis
1031 2097 1115 2144 ser-s

103 2165 214 2246 ventsse,
232 2166 348 2248 quidam
361 2167 484 2245 inuidia,
506 2185 542 2226 ne
558 2166 657 2247 plures
679 2167 855 2236 inserentem
881 2176 947 2228 sunt
963 2167 1010 2246 qni
1033 2169 1091 2226 exi-

102 2249 214 2327 stiment,
230 2261 262 2314 ut
278 2249 412 2314 callidum
428 2252 489 2314 eiua
505 2252 665 2330 ingenium,
688 2251 725 2312 ita
739 2253 853 2313 annium
872 2249 1020 2320 iudicium;
1043 2268 1092 2310 ne·
1201 2256 1204 2262 '

38 2337 39 2346 ’
103 2348 149 2409 ιιι
164 2336 239 2396 enim
254 2336 406 2400 ominentia
418 2337 538 2396 virtutes
552 2333 733 2411 sectabatur,
758 2344 787 2395 ct
807 2353 919 2401 rursum
941 2335 1009 2396 vitia
1024 2332 1092 2394 ode-

102 2425 151 2477 rat:
166 2435 203 2478 ex
219 2420 337 2498 optimis
351 2419 509 2498 pericolum
522 2419 594 2496 sibi,
615 2437 632 2480 a
647 2419 781 2497 pessimis
798 2417 926 2480 dedecus
947 2418 1093 2498 publicum

101 2502 243 2564 metuebat.
282 2521 338 2582 qna
359 2503 550 2564 haesitatione
573 2511 721 2584 postremo
743 2520 778 2563 eo
799 2512 957 2586 provectus
979 2507 1039 2580 est,
1063 2510 1130 2562 ntrc

101 2584 268 2648 mandaverit
284 2585 453 2666 quibusdam
467 2588 643 2667 provincias,
661 2603 735 2666 quos
751 2587 853 2665 egredi
868 2585 939 2647 urbe
955 2604 1013 2647 non
1031 2595 1093 2647 erat

102 2682 238 2744 passmns.
906 2692 910 2700 ·

132 2789 134 2794 .
155 2752 206 2815 81.
224 2755 270 2815 De
286 2756 411 2816 comitiis
425 2755 635 2834 consularibus,
651 2773 726 2834 quae
741 2763 798 2816 tum
813 2757 935 2836 primurn
949 2755 1000 2816 illo
1015 2756 1091 2834 prin·

103 2837 159 2914 cipe
172 2856 207 2899 nc
222 2838 364 2919 deinceps
377 2839 470 2919 inere,
483 2842 533 2900 uix
546 2840 698 2919 quicquam
713 2841 827 2900 lirmare
843 2841 948 2900 ausim:
964 2839 1038 2901 adeo
1051 2839 1091 2901 di·

102 2922 344 2985 rersanon'modo
361 2924 436 3004 apud
457 2921 593 2986 auctores
614 2923 666 2983 sed
689 2925 718 2983 in
738 2925 829 3004 ipsius
852 2923 1030 2984 orationibus
1046 2943 1091 2985 re·

103 3005 249 3079 periuntur.
276 3007 362 3070 rnodo
375 3007 530 3070 subtractis
543 3006 758 3070 candidatorum
773 3007 934 3070 nominibus
951 3009 1093 3087 originem

104 3089 230 3170 tumque
242 3101 272 3152 et
285 3093 373 3155 vitam
390 3103 419 3156 et
432 3091 575 3172 stipendia
591 3089 764 3170 descripsit,
785 3093 875 3174 utqui
892 3093 989 3154 lorent
1009 3092 1116 3153 intel-t

104 3167 256 3248 legeretur:
274 3175 428 3256 aliquando
445 3195 479 3238 ea
498 3193 614 3255 quoqne
630 3177 842 3254 significatione
858 3177 1005 3238 subtracta
1027 3194 1092 3236 can·

107 3249 205 3320 illatos
219 3257 360 3339 hortatus,
378 3279 415 3322 ne
431 3260 538 3322 ambito
553 3261 669 3320 comitia
685 3259 845 3338 turbarent,
863 3279 942 3322 suam
958 3258 1033 3320 adid
1046 3277 1092 3318 cu·

103 3351 152 3398 tam
167 3342 314 3420 pollicitus
327 3353 379 3406 est.
409 3345 580 3426 plerumque
599 3360 651 3404 eos
665 3353 772 3404 tantum
789 3345 864 3424 apud
886 3363 918 3404 se
937 3343 1091 3422 professos

103 3415 236 3506 linerat,
254 3445 374 3506 quorum
390 3429 504 3492 nomina
518 3427 686 3490 consulibus
702 3427 854 3498 edidissem
872 3434 1003 3507 possset
1018 3423 1092 3484 alios
