2570 3878
159 192 222 254 222
417 202 583 252 conuusu
599 200 718 250 ruorrr
731 201 913 250 annuorum

160 361 213 440 dii,
237 377 321 439 qnam
335 358 507 420 temulentus
521 359 647 436 iecerat,
666 354 753 418 fatale
769 355 824 416 sibi
841 364 871 416 ut
886 358 1041 435 coniugvun
1055 357 1164 437 flagitia

126 445 269 521 referret,
285 443 352 504 dein
367 445 496 523 puniret,
512 451 652 519 metuens,
668 457 758 519 agere
774 449 802 501 et
819 439 951 502 celerare
968 444 1080 521 statuit,
1097 461 1162 523 per-

132 581 137 592 .
160 528 218 589 dita
239 529 319 608 prius
341 527 466 588 Domitia
488 525 596 605 Lepida
619 523 806 585 muliebribus
830 526 940 603 causis,
970 527 1035 606 quia
1054 526 1164 607 Lepida

159 612 271 673 minore
287 611 414 672 Antonia
433 611 549 690 genita,
571 625 714 671 avuncuo
736 607 887 688 Augnrsto,
912 607 1095 690 Agrippinae
1116 629 1163 672 so·

160 697 242 758 brine
257 697 338 775 prior
366 714 401 758 ac
416 695 506 757 Gnaei
522 695 615 755 mariti
631 695 678 754 eiu
710 710 813 773 soror,
831 711 930 772 parem
946 693 1002 756 sibi
1019 694 1163 757 claritudi-

158 799 223 841 nem
244 779 392 841 credebat.
428 797 484 840 nac
504 779 597 840 iorma
618 787 699 839 netas
721 794 797 857 opes
817 777 934 839 multum
952 777 1110 850 distabant;
1135 787 1164 839 et

125 873 282 944 neutraque
299 862 449 944 inpudica,
468 863 597 938 infamis,
617 862 761 940 violenta,
776 861 851 923 haud
866 863 959 925 minus
974 863 1051 924 vitiis
1068 880 1162 926 aernu-

159 947 307 1026 labantur‚
323 943 444 1027 quamsi
460 965 516 1026 qua
529 965 566 1008 ex
576 946 850 1026 romana-prospera
864 956 1050 1028 acceperant.
1076 947 1163 1008 enim·

157 1049 231 1095 varo
249 1029 396 1093 certamen
410 1033 597 1109 acerrimum,
619 1033 705 1092 amita
728 1032 825 1110 potius
843 1049 879 1091 an
902 1041 995 1094 mater
1013 1030 1090 1112 apud
1105 1029 1162 1091 Ne-

158 1134 259 1177 ronem
275 1115 474 1195 praevaleret:
491 1132 555 1177 nam
569 1113 678 1195 Lepida
693 1113 896 1178 blandimentis
913 1133 948 1177 ac
961 1115 1163 1194 largitionibus

158 1200 314 1262 iuvenilem
328 1201 450 1261 animum
465 1198 664 1279 devinciebat,
678 1199 752 1260 truci
771 1207 871 1261 contra
885 1217 921 1260 ac
935 1200 1039 1262 minaci
1055 1199 1160 1278 Agrip·

124 1306 151 1349 ac
160 1287 235 1364 pina,
249 1302 323 1364 quae
332 1284 392 1346 lilio
405 1282 475 1344 dare
485 1283 644 1363 imperium,
656 1281 783 1345 tolerare
794 1284 1004 1366 imperitantem
1016 1283 1158 1364 nequibat

223 1369 274 1432 65.
298 1367 433 1430 Getarum
445 1365 561 1429 obiecta
576 1377 649 1446 sunt,
666 1367 743 1448 qnod
757 1370 909 1448 coniugem
921 1370 1060 1449 principis
1072 1368 1161 1428 devo·

158 1452 285 1514 lienibus
307 1455 459 1532 petivisset
482 1452 619 1533 qnodque
647 1470 746 1531 parum
771 1453 908 1514 coercitis
930 1471 984 1533 per
999 1452 1162 1515 Calabriam

159 1555 310 1598 servorum
335 1537 497 1617 agminibus
520 1554 622 1617 pacem
639 1535 741 1598 ltaliae
760 1537 899 1600 turbaret.
934 1537 972 1600 ob
993 1538 1068 1600 baec
1082 1553 1161 1596 mors

159 1621 282 1700 indicta,
300 1622 416 1692 multum
437 1621 610 1684 adversante
624 1620 780 1699 Narcisso,
802 1624 850 1702 qui
865 1622 1055 1703 Agrippinam
1069 1623 1162 1697 magis

137 1709 312 1786 imagisque
332 1715 503 1787 suspectans
531 1708 710 1785 prompsisse
738 1706 813 1766 iuter
840 1709 990 1787 proximos
1014 1704 1162 1766 ferebatur

160 1799 267 1852 certam
284 1789 339 1852 sibi
354 1790 526 1869 perniciem,
542 1807 594 1850 seu
608 1789 787 1851 britannicus
802 1809 898 1852 rerum
917 1809 969 1852 seu
983 1789 1063 1850 Nero
1079 1797 1161 1869 pote·

158 1883 253 1944 retur;
275 1892 375 1934 verum
390 1875 429 1934 ita
446 1873 482 1934 de
498 1891 530 1934 se
545 1875 675 1934 meritum
688 1873 860 1952 Caesarem,
876 1885 907 1936 ut
921 1875 1007 1936 vitam
1022 1875 1085 1936 usui
1100 1873 1162 1934 eius
1263 1875 1264 1919 3

158 1957 341 2038 inpenderet.
382 1959 543 2019 convictam
560 1958 745 2020 blessalinam
766 1968 796 2020 et
811 1959 928 2030 Silium;
950 1977 1038 2038 pares
1058 1959 1160 2018 iterum

160 2040 314 2103 accusandi
322 2059 425 2102 causas
438 2060 517 2119 esse,
550 2042 575 2100 si
599 2041 680 2102 Nero
695 2043 876 2121 imperitaret
882 2064 891 2110 ;
906 2041 1072 2104 Britannico
1096 2058 1160 2101 suc-

127 2137 282 2187 ttcessore
319 2125 426 2187 nullutn
446 2126 570 2206 principi
610 2136 735 2188 metum:
761 2135 788 2187 at
808 2145 956 2189 novercae
978 2125 1087 2188 insidiis
1110 2124 1160 2184 do·

159 2229 234 2270 nrum
256 2228 369 2271 omnem
390 2209 531 2288 convelli,
559 2209 668 2271 maiore
691 2210 801 2288 llagitio
820 2229 904 2291 quam
925 2213 949 2272 si
967 2208 1162 2290 inpudicitiam

159 2295 266 2375 prioris
286 2295 417 2372 coniugis
439 2294 612 2356 reticuisset.
643 2312 814 2373 quamquam
832 2315 869 2357 ne
888 2295 1083 2376 inpudicitiam
1099 2292 1159 2371 qui·

159 2378 224 2441 dern
245 2397 321 2439 nunc
343 2378 448 2440 abasse
462 2376 592 2439 Pallante
607 2377 755 2456 adultero,
778 2397 816 2440 ne
836 2381 902 2460 quis
922 2378 1049 2458 ambigat
1071 2377 1161 2438 decus

159 2461 300 2542 pudorem
322 2479 446 2542 corpus,
470 2471 572 2523 cuncta
591 2481 683 2542 regno
706 2464 811 2526 viliora
830 2464 943 2526 baberi.
987 2463 1062 2525 haec
1075 2470 1161 2540 atquc

126 2546 225 2608 utalia
243 2545 375 2608 dictitans
392 2544 529 2625 amplecti
547 2545 754 2626 Britannicum,
774 2547 863 2611 robur
880 2549 982 2611 aetatis
1004 2564 1088 2627 quam
1102 2563 1159 2605 ma·

158 2632 304 2692 turrimurn
326 2630 459 2709 precari,
483 2628 570 2692 modo
593 2631 629 2692 ad
651 2630 740 2711 deos,
763 2633 850 2694 modo
872 2633 908 2694 ad
926 2633 1019 2711 ipsum
1041 2630 1161 2692 tendere

158 2732 274 2794 manus,
291 2714 491 2793 adolesceret,
512 2715 603 2794 patris
617 2715 749 2777 inimicos
764 2716 940 2797 depelleret,
960 2717 1060 2778 matris
1076 2715 1160 2776 etiam

158 2799 362 2860 interfectores
376 2798 576 2860 ulcisceretur.

220 2884 270 2945 66.
295 2882 328 2944 ln
342 2891 419 2944 tanta
434 2883 512 2944 mole
530 2901 660 2944 curarum
674 2883 841 2947 valetudiue
854 2886 977 2948 adversa
994 2884 1159 2962 corripitur,

157 2966 385 3047 refovendisque
409 2967 518 3028 viribus
541 2967 663 3029 mollitia
687 2968 761 3030 caeli
783 2979 813 3031 et
836 2969 1004 3031 salubritate
1024 2985 1161 3048 aquarum
1258 3017 1259 3022 ,

159 3052 325 3112 Sinuessam
342 3051 448 3130 pergit.
476 3060 534 3112 turn
547 3051 729 3133 Agrippina,
746 3054 868 3116 sceleris
884 3054 952 3115 olim
969 3061 1048 3114 certa
1063 3060 1092 3114 et
1108 3051 1159 3111 ob·
1258 3089 1259 3092 =

158 3135 234 3197 latae
249 3134 416 3196 occasionis
436 3153 565 3216 propera
582 3154 638 3196 nec
652 3137 846 3200 ministrorum
865 3155 974 3216 egens,
997 3137 1033 3198 de
1048 3153 1161 3216 genero

136 3219 264 3282 evenani
280 3219 469 3298 consultavit,
486 3237 523 3280 ue
538 3222 691 3299 repentino
710 3231 739 3282 et
757 3223 911 3303 praecipiti
926 3223 1037 3284 facinus
1054 3220 1157 3300 prode·
1257 3273 1258 3286 .

119 3333 121 3336 ·
159 3311 253 3372 retur;
277 3303 422 3364 silentum
439 3311 467 3365 et
481 3303 606 3365 tabidum
620 3304 795 3386 delegisset,
818 3325 854 3369 ne
869 3306 1000 3369 admotus
1016 3304 1160 3386 supremis

162 3383 297 3447 Claudius
319 3397 348 3448 et
366 3388 434 3449 dolo
454 3389 604 3451 intellecto
621 3389 656 3452 ad
673 3408 799 3454 amorem
820 3391 870 3453 lilii
882 3391 1000 3453 rediret.
1014 3403 1019 3410 '
1033 3387 1157 3469 exquisi-

160 3475 217 3527 tum
233 3469 340 3549 aliquid
355 3471 506 3552 placebat,
529 3474 606 3553 quod
629 3475 758 3537 turbaret
776 3486 900 3538 rncntem
921 3485 950 3538 et
965 3486 1087 3538 mortem
1104 3471 1157 3533 dii-

1239 3633 1256 3845 l
