2546 3872
398 152 505 200 crana
519 152 541 200 1.
559 152 634 201 car.
651 152 738 206 1-3.
1052 140 1071 200 3

59 312 149 376 simul
172 311 282 370 veritas
305 307 436 388 pluribus
460 308 555 369 modis
581 307 719 385 infracta,
750 307 870 386 primum
896 307 1009 369 inscitia
1028 307 1072 368 rei

60 396 202 480 publicae
219 403 251 454 ut
265 392 395 471 alienae,
416 411 485 454 mox
503 392 622 453 libidine
639 390 808 453 adsentandi
826 400 873 454 aut
887 410 987 452 rursus
1004 393 1071 452 odio

58 483 206 546 adversus
220 477 416 538 dominantes:
432 476 472 539 ita
485 477 596 538 neutris
614 494 682 537 cura
695 477 875 555 posteritatis
891 476 966 536 inter
981 475 1071 536 inien-

59 585 114 628 sos
132 563 183 624 vel
200 560 355 624 obnoxios.
387 560 440 621 sed
462 560 645 622 ambitionem
666 561 819 640 scriptoris
840 560 928 622 facile
953 573 1107 620 averse-ro

59 654 116 725 ris,
143 646 317 709 obtrectatio
343 652 372 703 et
393 645 470 706 livor
492 647 591 725 pronis
607 644 724 705 auribus
740 645 934 724 accipiuntur3
961 644 1071 724 quippe

58 731 220 796 adulationi
234 729 353 790 foedum
371 729 480 789 crimen
497 730 664 807 servitutis,
679 728 849 807 malignitati
863 728 935 789 salsa
954 730 1072 806 species

58 816 206 880 libertatis
225 813 323 874 iacit·
340 813 408 873 milri
425 812 516 875 Galba
532 812 759 874 Otho-Vitellius
781 831 837 873 uec
857 811 1001 873 beneficio
1016 829 1072 872 uec

58 902 163 964 iniuria
186 899 306 975 cogniti.
343 897 510 974 dignitatem
526 906 653 958 nostram
668 916 684 958 a
698 895 881 976 Vespasiano
897 895 1070 970 inchoatam,

58 985 158 1048 a'lito
174 990 297 1059 auctam,
314 979 506 1043 aDomitiano
521 981 638 1059 lougius
653 988 822 1063 provectam
837 997 895 1041 non
905 980 1068 1041 abnuerim:
1083 998 1108 1039 rs

60 1069 117 1130 sed
137 1069 333 1146 incorruptam
354 1065 438 1126 iidem
459 1065 604 1145 professis
628 1084 724 1145 neque
749 1083 847 1126 amore
870 1065 1020 1144 quisquam
1043 1071 1073 1123 et

60 1154 128 1213 sine
143 1149 209 1211 odio
224 1147 364 1209 dicendus
381 1158 436 1210 est.
468 1150 586 1230 quodsi
602 1151 661 1211 vita
676 1149 861 1230 suppeditet,
879 1149 1073 1228 principatum

56 1237 121 1298 divi
135 1234 252 1295 llerrae
275 1241 305 1293 et
325 1234 476 1313 imperium
491 1234 623 1313 Traiani,
645 1233 811 1295 uberiorem
833 1234 1072 1311 securioremque
1181 1245 1188 1254 ·

57 1319 225 1396 materiam,
248 1320 391 1387 senectuti
412 1320 547 1396 seposui,
570 1337 637 1380 rara
659 1327 821 1397 temporum
844 1317 999 1395 felicitate,
1022 1314 1072 1375 ubi

60 1405 172 1468 sentire
187 1419 261 1481 quae
279 1401 354 1462 velis
370 1409 400 1462 et
416 1419 491 1481 quae
509 1402 617 1463 sentias
632 1402 731 1463 dicere
747 1401 828 1461 licet.
1079 1424 1107 1464 ro

123 1487 154 1547 2.
177 1484 257 1564 Opus
275 1484 433 1563 adgredior
454 1487 579 1566 opimum
602 1484 730 1563 casibus,
751 1494 838 1546 atrum
853 1484 993 1564 proeliis,
1015 1482 1071 1544 dis·

58 1591 129 1634 cors
147 1568 352 1647 seditionibus,
375 1571 441 1650 ipsa
460 1571 545 1630 etiam
564 1587 639 1649 pace
656 1584 785 1630 saevom.
814 1576 950 1649 quattuor
965 1567 1071 1647 princi·

58 1674 117 1736 pes
133 1655 213 1714 ferro
227 1655 407 1734 interempti:
419 1655 493 1714 trina
508 1652 585 1715 bella
602 1653 710 1731 civilia,
725 1653 809 1732 plura
824 1661 945 1713 externa
959 1669 994 1712 ac
1008 1651 1071 1730 ple·

19 1815 25 1822 ι
56 1757 180 1818 rumque
208 1739 366 1818 permixta:
394 1755 556 1816 prosperae
578 1739 606 1797 in
629 1737 758 1815 oriente,
781 1736 925 1797 adversae
941 1736 969 1794 in
993 1737 1071 1795 occi·

55 1828 148 1886 dente
165 1840 232 1882 res:
253 1821 395 1882 turbatum
413 1821 574 1899 Illyricum,
599 1821 711 1882 Galliae
732 1829 884 1898 nutantes,
905 1819 1096 1899 perdomitas

53 1908 206 1970 Britannia
215 1913 245 1965 et
254 1906 350 1965 statim
358 1905 481 1966 omissa:
495 1914 616 1969 coortae
631 1907 660 1964 in
675 1924 730 1966 uos
742 1905 936 1966 Sarmatarum
952 1921 987 1964 ac
999 1903 1071 1964 Sue·

53 1996 163 2054 borum
177 1997 293 2067 gentes,
309 1987 477 2050 nobilitatus
495 1989 626 2050 cladibus
641 1990 744 2049 mutuis
757 1988 865 2066 Dacos,
881 1995 958 2049 mota
975 2003 1071 2067 prope

53 2079 146 2138 etiam
162 2073 331 2134 Parthorum
348 2091 426 2133 arma
444 2073 510 2134 salsi
524 2073 652 2134 Neronis
667 2072 800 2133 ludibrio.
830 2074 885 2132 iam
901 2088 973 2131 vero
988 2069 1072 2130 ltalia

54 2161 143 2221 novis
168 2155 299 2218 cladibus
319 2156 368 2217 vel
389 2165 458 2236 post
480 2157 598 2235 longam
615 2156 798 2217 saeculorum
814 2157 920 2216 seriem
935 2155 1070 2233 repetitis

53 2243 186 2305 adllicta.
217 2239 338 2301 haustae
353 2249 401 2300 aut
413 2239 653 2319 obrutaelurbesl
661 2237 887 2299 fecundissimae
894 2237 1069 2320 Campaniae
1082 2255 1106 2296 ro

53 2345 146 2404 orae,
174 2324 244 2385 urbs
271 2326 414 2388 incendiis
432 2332 559 2402 vastata,
577 2325 755 2403 consumptis
771 2324 975 2404 antiquissimis
991 2321 1069 2382 delu-

53 2414 138 2486 bris,
154 2410 221 2488 ipso
240 2404 387 2487 Capitolio
404 2409 507 2468 civium
522 2406 653 2470 manibus
668 2408 799 2468 incenso.
832 2407 962 2487 pollutae
978 2407 1070 2468 caeri·

53 2494 188 2570 moniae,
207 2509 309 2569 magua
325 2491 481 2552 edulteria:
501 2492 617 2571 plenum
633 2491 728 2553 exiliis
742 2509 839 2568 mare,
856 2491 958 2552 inlecti
976 2489 1070 2552 caedi·

54 2581 113 2640 bus
142 2576 268 2655 scopuli.
306 2577 434 2636 atrocius
459 2577 487 2636 in
512 2575 586 2637 urbe
611 2579 767 2638 saevitum:
796 2575 951 2652 nobilitas,
982 2592 1069 2653 opes,

52 2662 158 2727 omissi
177 2662 314 2740 gestique
333 2659 467 2738 bonores¹
485 2678 538 2741 pro
560 2661 680 2721 erimine
701 2669 730 2720 et
747 2660 785 2721 ob
801 2663 923 2726 virtutes
940 2659 1067 2720 certissi-
1079 2675 1105 2717 rc

51 2765 133 2810 mum
148 2743 276 2805 exitium.
302 2762 359 2805 uec
373 2745 465 2805 minus
480 2745 609 2825 praemia
621 2745 782 2806 delatorum
796 2744 889 2805 inrisa
905 2762 989 2824 quam
1004 2761 1069 2804 sce·

52 2835 135 2908 lera,
156 2847 221 2890 cum
234 2828 284 2889 alii
300 2827 464 2891 sacerdotia
479 2838 509 2890 et
525 2829 693 2890 consulatus
710 2838 740 2890 ut
755 2830 852 2917 spolia
866 2829 981 2910 adepti,
1000 2843 1069 2907 pro·

53 2916 228 2995 curationes
250 2911 298 2974 alii
323 2921 354 2972 et
382 2913 549 2975 interiorem
573 2916 755 2993 potentiam,
773 2922 898 2992 agerent
918 2921 1070 2974 verterent

53 3009 162 3064 cuncta
178 2997 246 3058 odio
263 3005 293 3056 et
307 3005 431 3057 terrore.
465 3000 596 3078 corrupti
611 2999 640 3058 in
652 2997 785 3060 dominos
808 2999 903 3075 serri,
926 2999 954 3057 in
970 3006 1068 3076 patro·

53 3103 112 3146 nos
129 3081 243 3151 liberti;
261 3089 291 3141 et
306 3080 410 3160 quibus
425 3080 527 3144 deerat
542 3083 689 3159 inimicus,
705 3101 760 3163 per
772 3084 884 3143 amicos
898 3082 1046 3162 oppressi.
1077 3085 1104 3126 ²⁰

120 3170 151 3232 3.
174 3165 241 3226 Νοιι
256 3174 352 3226 tamen
367 3164 441 3226 adeo
456 3167 589 3230 virtutum
605 3167 705 3227 sterile
726 3167 889 3244 saeculum,
911 3174 941 3225 ut
962 3182 1020 3224 non
1037 3173 1067 3223 et

54 3255 132 3315 bona
149 3249 285 3330 exempla
300 3248 469 3328 prodiderit,
497 3253 649 3312 comitatae
664 3251 809 3330 profugos
825 3250 937 3311 liberos
946 3257 1066 3324 matres,

55 3346 179 3398 secutae
194 3333 313 3396 maritos
328 3335 357 3394 in
373 3334 461 3395 exilia
476 3337 632 3414 coniugesr
656 3336 811 3415 propinqui
825 3333 981 3410 audentes,
998 3349 1067 3392 con·

54 3429 168 3483 stantes
185 3418 289 3497 generi
295 3465 304 3494 ,
326 3427 480 3480 contumax
502 3420 588 3479 etiam
602 3418 742 3481 adversus
756 3426 899 3550 tormeqtp
915 3430 1068 3475 servorum

1245 124 1248 182 ι
