2536 3870
422 164 573 216 orcnnv.
590 165 665 216 osu.
681 165 802 222 aa-ae.
1037 157 1091 220 titt

157 323 209 386 25.
243 317 441 382 Miscebantur
475 323 559 382 minis
586 325 743 401 promissa3
788 332 817 382 et
832 341 973 384 concussa
1002 333 1094 386 traus-

89 411 286 474 rhenanorum
311 403 367 466 tide
388 406 464 466 inter
485 403 612 468 Batavos
630 424 746 486 qnoque
767 423 919 468 sermones
944 409 1014 469 orti:
1037 426 1094 469 non

90 490 311 576 prorogandam
327 488 401 550 nitra
414 488 540 568 ruinam,
562 509 618 551 nec
640 508 730 570 posse
748 488 784 550 ab
805 508 860 552 una
875 494 992 552 natione
1007 495 1094 553 totius

90 577 174 638 orbis
193 573 339 636 seruitium
360 571 480 653 depelli.
515 575 584 653 quid
606 575 768 654 proiectum
792 575 883 637 caede
905 584 934 636 et
954 575 1094 636 incendiis

90 661 240 739 legionum
260 657 316 718 nisi
336 665 366 717 ot
390 656 492 736 plures
506 657 724 739 validioresque
739 657 924 730 accirentur?
940 660 965 719 si
980 661 1092 740 Vespa·
1107 684 1122 723 s

91 747 178 805 siano
191 740 299 803 bellum
315 740 503 818 manaverint,
517 735 729 823 Vespasianum
744 760 839 802 rerum
858 743 961 823 potiri:
981 743 1024 804 sin
1040 762 1092 823 po·

90 829 191 910 putum
210 826 370 887 Romanum
393 825 479 884 armis
502 835 627 926 recent,
645 835 761 905 quotam
776 837 887 906 partem
903 827 1023 906 generis
1039 827 1091 888 tru-

88 913 168 974 mani
182 910 310 971 Batavos
327 903 416 969 csse?
433 919 617 988 respicerent
631 910 742 972 Raetos
762 909 948 992 Noricosque
959 920 998 971 .et
1014 920 1092 973 cete·

90 1011 192 1057 rorum
207 1005 296 1052 onera
313 991 475 1054 sociorum:
491 993 546 1053 sibi
561 1011 619 1054 non
634 994 740 1055 tributa
754 994 806 1056 sed
820 995 953 1056 uirtutem
970 1003 1000 1057 ct
1013 997 1093 1056 viros

91 1078 191 1139 indici.
222 1075 382 1155 proximum
401 1074 429 1135 id
450 1074 576 1137 libertati
583 1101 590 1148 t
620 1080 687 1139 etsi
714 1077 890 1140 dominorum
914 1079 1021 1141 electio
1045 1078 1092 1156 sit,
1104 1102 1131 1144 so

90 1160 244 1224 honestius
267 1158 415 1238 principes
430 1157 625 1223 Romanorum
645 1179 728 1240 quam
751 1161 957 1224 Germanorum
971 1163 1093 1224 feminas

92 1243 225 1307 tolerari.
246 1241 321 1304 haec
335 1239 456 1324 uolgus,
478 1260 619 1323 proceres
635 1245 796 1307 atrociora:
818 1245 919 1307 Civilis
940 1245 1022 1307 rabie
1047 1264 1093 1307 se·

91 1339 154 1391 met
170 1330 199 1390 in
216 1344 293 1389 arma
309 1335 421 1397 trusos3
442 1326 521 1388 iilum
545 1327 712 1389 domesticis
732 1329 815 1390 maiis
839 1330 981 1390 excidium
997 1331 1094 1407 gentis

91 1412 279 1493 obposuissc.
311 1419 379 1471 tnnc
401 1409 532 1470 inieusos
552 1409 668 1471 Batavis
691 1411 780 1488 deos,
803 1430 867 1473 cum
890 1411 1095 1473 obsiderentur
1208 1431 1211 1440 ¹

89 1499 244 1576 legiones,
259 1493 492 1555 interficerentur
506 1493 612 1572 legati,
634 1493 742 1554 bellum
756 1497 804 1554 uni
818 1496 1032 1572 necessarium,
1048 1494 1090 1556 ie·
1103 1520 1130 1563 rc

90 1582 156 1645 rale
171 1581 243 1660 ipsis
259 1587 430 1639 sumeretur.
454 1585 569 1638 venturu
583 1578 619 1638 ad
635 1587 783 1656 extrema,
809 1580 838 1638 ni
852 1578 1030 1658 resipiscere
1051 1579 1092 1638 in-

94 1666 203 1746 cipiant
218 1672 247 1724 et
258 1663 338 1723 noxii
355 1661 457 1741 capitis
471 1677 567 1742 poena
583 1663 789 1742 paenitentiam
801 1662 954 1724 fateantur.

156 1749 207 1810 26.
230 1745 296 1808 Non
313 1744 418 1846 ieicllit
435 1743 556 1806 (iirilem
577 1745 826 1847 eaoiuctinatiouet
840 1747 1016 1826 praevenire
1035 1754 1093 1806 sta·

89 1829 411 1999 titttttdtdtt
424 1829 565 1992 dttdtt
583 1829 1092 1994 ‘tttstttdtadistiti:

89 2001 186 2064 haliae
202 1998 324 2061 dominis
340 2014 432 2077 pons,
454 1998 483 2057 in
505 1999 586 2058 cuius
611 1997 732 2077 abrupta
755 2001 907 2078 progressi
929 1998 1036 2066 duces;
1064 2005 1105 2057 et'

91 2083 193 2146 Giriiis
202 2085 240 2145 ita
252 2081 366 2162 coepit:
380 2079 418 2141 ‘si
431 2079 505 2160 apud
513 2081 699 2148 vitellianum
711 2081 836 2160 legatum
846 2080 1031 2158 defenderer,
1042 2097 1117 2140 rue-s

91 2185 150 2250 que
168 2167 246 2229 facto
266 2182 333 2227 meo
353 2166 438 2226 rcuia
459 2182 555 2245 oeque
575 2164 661 2226 dictis
687 2164 760 2226 tides
789 2164 965 2234 debeltorum
991 2173 1093 2225 concta

90 2259 168 2317 inter
183 2269 237 2312 nos
252 2250 383 2327 inimica,
399 2247 533 2326 hostilia,
550 2248 586 2310 ab
601 2249 789 2328 inaccepta,
805 2267 821 2310 a
836 2267 882 2310 me
894 2257 978 2310 aucta
994 2255 1092 2308 erant:

91 2354 164 2414 erga
179 2335 389 2416 Vespasianum
410 2341 494 2394 vetus
514 2333 583 2394 mihi
605 2333 806 2411 observantia,
831 2342 860 2394 et
883 2350 946 2394 curn
964 2332 1093 2412 privatus

91 2414 1130 2583 {transmontaniprostitutiones10,

91 2587 203 2650 Gallica
219 2587 352 2647 iuventus
367 2584 461 2664 Alpes
483 2584 732 2646 transcenderent.
771 2602 846 2664 quae
866 2584 1011 2648 Antonius
1031 2583 1092 2663 cpi·

89 2672 191 2750 stolis,
207 2669 391 2732 Hordeonius
408 2667 533 2730 Flaccus
548 2685 689 2749 praeseus
702 2669 856 2748 monebat,
879 2685 957 2729 erma
977 2667 1005 2727 in
1021 2664 1092 2728 der·

89 2757 184 2905 prlania
206 2755 393 2898 mappae
412 2750 560 2880 {upipnps
583 2751 732 2831 inituris,
761 2751 896 2832 Aponius
922 2753 951 2812 in
971 2750 1093 2829 floccis,

127 2857 288 2901 arrcnnsn
384 2853 450 2899 cora
