2596 3872
449 187 516 235 nra.
533 189 608 239 xrn.
625 189 701 240 osc.
717 190 838 247 as—ss.
1080 187 1140 252 241

139 341 289 418 pitumquc
305 338 440 400 Paccium
452 349 481 402 et
495 345 663 421 praefectos
678 347 840 427 militesque
852 348 972 410 tendere
987 360 1070 412 antra
1084 353 1146 413 val-

138 423 198 482 lum
216 423 312 492 iusslt;
328 424 415 503 inque
429 442 465 485 ea
483 430 660 502 contumelia¹
670 430 778 493 detenti
793 450 849 492 uec
864 434 919 494 nisi
935 433 1070 514 precibus
1086 438 1146 496 uni·

137 507 220 566 versi
236 509 382 566 exercitus
398 508 525 570 exsoluti
539 523 615 574 sunt.

202 590 253 651 37.
274 591 313 649 At
330 589 472 652 Tiridates
491 612 581 672 snper
601 601 736 678 proprias
759 601 911 662 clientelas
928 619 985 681 ope
1000 602 1146 682 Vologesi

136 673 238 734 fratris
262 674 390 751 adiutus,
417 693 475 752 uop
502 679 597 740 furtim
622 683 677 742 iam
699 685 752 744 scd
776 685 869 764 palarn
891 684 970 746 bello
997 687 1146 748 infensare

139 757 324 834 Armeniam,
347 776 480 839 quosque
496 762 571 824 lidos
593 765 678 826 nobis
700 767 833 846 rebatur,
859 767 1050 848 depopulari,
1074 781 1103 832 et
1119 773 1146 831 si

141 842 248 920 copiae
269 850 369 902 contra
391 843 578 924 ducerentur,
601 849 720 912 eludere
741 851 856 931 hucque
877 861 906 912 et
929 852 999 914 illuc
1019 854 1145 916 volitans

140 925 225 1004 plura
247 925 321 987 fama
343 945 426 1004 quam
447 946 545 1007 pugna
567 942 728 995 exterrere.
757 937 843 1013 igitur
858 935 988 998 Corbulo
1012 941 1170 1016 quaesitor

140 1007 188 1070 diu
205 1009 319 1086 proelio
341 1009 448 1073 frustra
469 1011 584 1075 habitus
605 1026 635 1076 et
651 1018 787 1098 exemplo
810 1019 934 1080 hostium
957 1022 1146 1083 circumferre

139 1092 249 1154 bellum
265 1101 401 1171 coactus,
417 1095 551 1175 dispertit
566 1103 662 1179 vires,
684 1113 715 1164 ut
729 1103 818 1180 legati
833 1105 1034 1185 praefectique
1050 1105 1145 1167 diver·

140 1194 192 1238 sos
206 1175 293 1238 locos
309 1180 419 1256 pariter
432 1181 617 1254 invaderent;
640 1188 724 1248 simul
740 1204 842 1264 regem
857 1186 1033 1249 Antiochum
1046 1197 1146 1250 mouet

51 1310 60 1323 .
139 1262 287 1340 proximas
309 1261 364 1322 sibi
386 1265 588 1342 praefecturas
608 1279 721 1347 petere.
756 1289 821 1330 nam
835 1271 1043 1333 Pharasmanes
1057 1276 1144 1334 inter·

138 1346 220 1407 fecto
236 1344 297 1405 lilio
308 1345 476 1410 Radamisto
493 1354 574 1430 quasi
591 1353 757 1431 proditore,
774 1372 831 1432 quo
845 1353 931 1415 fldem
945 1357 974 1416 in
989 1374 1042 1416 nos
1057 1366 1143 1418 testa·
1154 1374 1181 1417 ιι

141 1438 235 1506 retur,
257 1439 343 1498 vetus,
358 1430 498 1494 adversus
513 1435 670 1499 Armenios
686 1438 781 1498 odium
797 1439 957 1518 promptius
974 1441 1143 1500 exercebat.

139 1523 268 1593 tuncque
287 1516 407 1592 primunt
422 1517 522 1577 inlecti
535 1518 665 1598 Moschi,
684 1540 758 1598 gens
774 1531 840 1582 ante
855 1522 927 1582 alias
944 1525 1025 1583 socia
1039 1523 1144 1584 Roma·

140 1598 200 1675 nis,
218 1597 448 1660 aviaArmeniae
462 1601 629 1664 incursavit.
661 1605 700 1666 ita
716 1605 837 1667 consilia
848 1605 967 1668 Tiridati
985 1608 1014 1665 in
1031 1617 1144 1666 contra·

139 1683 214 1741 rium
230 1681 397 1759 vomebant,
420 1685 607 1766 mittebatque
628 1697 762 1750 oratores
783 1690 830 1769 qui
847 1707 900 1749 suo
916 1689 1145 1769 Parthorumque

44 1845 47 1852 ⁴
140 1766 256 1829 nomine
272 1765 509 1846 expostularent,
531 1789 582 1831 cor
600 1771 672 1832 datis
690 1790 783 1852 nuper
796 1772 945 1833 obsidibus
962 1772 1142 1850 redintegra·
1153 1797 1180 1837 rs

142 1859 231 1929 taque
247 1851 383 1929 amicitia,
405 1870 479 1931 quae
495 1856 579 1913 nouis
595 1873 710 1936 quoque
728 1855 878 1917 beneficiis
893 1856 990 1917 locum
1007 1858 1144 1936 aperiret,

140 1941 244 1994 vetere
267 1935 423 1996 Armeniae
451 1940 643 2016 possessione
673 1939 880 2019 depelleretur.
925 1939 992 2000 ideo
1018 1941 1145 2001 nondum

140 2020 235 2096 ipsum
257 2018 431 2097 Vologesen
459 2031 647 2100 commotum,
678 2026 744 2104 qnia
774 2041 860 2084 causa
888 2034 974 2104 quam
996 2025 1026 2083 vl
1055 2042 1145 2101 agero

140 2100 277 2163 mallant:
300 2105 344 2163 sin
360 2108 540 2182 perstaretur
555 2107 583 2166 in
599 2107 696 2183 bello,
722 2125 780 2167 nou
802 2107 906 2168 defore
920 2107 1071 2168 Arsacidis
1086 2109 1144 2168 vir·

140 2194 231 2246 tutem
245 2185 447 2268 fortunamque
464 2191 582 2269 saepius
603 2194 659 2252 iam
676 2190 758 2251 clade
772 2192 901 2253 Romana
917 2200 1077 2269 expertam.
1109 2190 1181 2252 adae

141 2287 177 2330 ea
195 2267 341 2348 Corbulo,
358 2273 427 2332 satis
442 2284 594 2352 comperto
609 2275 784 2351 Vologesen
799 2272 966 2340 defectione
980 2275 1145 2348 Hyrcaniae

141 2354 272 2431 attineri,
294 2355 396 2416 suadet
419 2354 536 2418 Tiridati
558 2357 695 2436 precibus
716 2357 872 2420 Gaesarem
891 2357 1031 2436 adgredi:
1054 2374 1144 2435 posse

140 2437 184 2497 rlii
199 2456 321 2515 regnum
342 2439 445 2500 stabile
468 2450 498 2501 et
519 2460 569 2502 res
589 2443 754 2503 inementas
779 2443 967 2519 contingere,
991 2441 1016 2500 si
1039 2441 1145 2501 omissa

141 2540 196 2602 spe
212 2522 370 2602 longinqua
385 2534 414 2584 at
426 2543 493 2586 sera
505 2536 688 2604 praesentem
703 2526 904 2606 potioremque
920 2534 1102 2604 sequeretur.

205 2605 256 2668 38.
275 2606 415 2669 Placitum
434 2607 553 2686 debinc,
578 2611 644 2689 quia
665 2609 891 2674 commeantibus
914 2610 941 2669 in
960 2611 1054 2668 vicem
1076 2613 1161 2669 nurt-a

141 2692 189 2750 tiis
205 2690 275 2750 nibil
291 2691 319 2750 in
335 2695 471 2753 summam
493 2694 575 2771 pacis
593 2693 813 2774 proiciebatur,
835 2692 992 2771 conloquio
1016 2693 1147 2771 ipsorum

142 2783 257 2854 tempus
275 2773 431 2856 locumque
456 2775 603 2837 destinari.
633 2779 712 2838 mille
736 2779 861 2856 equitum
884 2775 1059 2855 praesidium
1074 2777 1147 2837 'Piri-

143 2859 227 2919 dates
249 2858 352 2921 adfore
374 2860 430 2920 sibi
451 2859 580 2921 dicebat:
603 2872 737 2941 quantum
752 2859 912 2922 Corbuloni
934 2863 1074 2940 cuiusque
1092 2878 1147 2938 ge-

142 2945 222 3002 neris
239 2941 357 3004 militum
375 2944 543 3021 adsisteret,
563 2962 621 3004 non
637 2955 780 3022 statuere,
801 2943 866 3005 dum
880 2946 984 3024 positis
1001 2945 1101 3004 loricis
1116 2953 1173 3004 ets

142 3027 237 3103 galeis
248 3028 392 3088 infaciem
405 3028 486 3106 pacis
498 3031 654 3089 veniretur.
677 3030 846 3108 cuicumque
856 3029 1028 3104 mortalium,
1042 3027 1147 3088 uadum

142 3111 238 3170 veteri
252 3119 284 3171 et
298 3112 421 3192 provido
437 3111 519 3188 duci,
535 3111 677 3174 barbarae
693 3115 815 3174 astutiae
831 3113 1005 3190 patuissent:
1020 3111 1088 3172 ideo
1101 3131 1147 3171 ar·

143 3205 202 3267 tum
219 3193 286 3255 inde
308 3213 456 3256 numerum
479 3196 552 3256 liniri
574 3205 603 3256 at
625 3196 692 3258 binc
712 3198 851 3258 maiorem
868 3196 987 3272 offerri,
1007 3204 1038 3255 ut
1061 3195 1145 3256 dolus

144 3288 311 3358 pararetur:
340 3298 404 3340 nam
429 3280 518 3359 equiti
543 3282 710 3357 sagittarum
739 3299 792 3341 usu
824 3280 956 3340 exercito
981 3280 1005 3339 si
1030 3279 1147 3338 detecta

144 3378 271 3439 corpora
293 3362 497 3439 obicerentur,
521 3363 590 3424 nihil
609 3365 788 3443 profuturam
808 3362 1024 3423 multitudinem.
1060 3361 1186 3421 dissi-re

145 3444 252 3506 muiato
269 3456 363 3508 tannen
385 3446 534 3507 intellectu
549 3450 659 3509 rectius
679 3447 715 3508 de
731 3448 767 3508 iis
782 3463 856 3526 quae
871 3447 900 3504 in
916 3445 1061 3525 publicum
1077 3461 1146 3506 oon-

188 3550 282 3590 rncrrr-
293 3553 364 3593 snas
384 3552 404 3594 1.
946 3527 984 3588 16
