2568 3870
411 203 516 252 urnun
527 204 565 252 11.
587 203 663 251 cnr.
678 200 799 256 rit-oo.
1062 191 1099 250 tr
1168 257 1176 264 ,

104 378 160 422 nee
175 358 274 418 Airiea
298 364 450 418 eontentns
467 356 623 436 Hispaniae
645 364 768 434 angusto
786 355 862 415 freto
883 353 1042 434 diremptae
1060 356 1101 414 in·

104 442 240 502 minebat.
273 438 341 500 inde
368 437 471 500 Cluvio
498 439 574 500 Rufo
589 447 700 515 metus,
728 448 758 500 et
785 438 932 499 deeurnam
954 437 1102 515 legionem

104 526 302 605 propinquare
315 522 392 583 litori
406 531 437 582 ut
454 524 669 584 transmissurus
684 523 779 590 iussin
801 523 951 601 praemissi
958 523 1101 584 eenturio-
1111 538 1143 582 ro

103 627 157 669 nes
180 608 228 686 qui
249 607 413 668 Maurorum
435 607 545 666 animos
567 606 688 667 Vitellio
714 605 913 666 conciliarent.
941 623 1035 682 neque
1058 623 1101 666 ar·

105 693 189 752 duum
205 689 267 765 fuit,
282 707 386 766 magns
403 707 457 768 per
471 690 637 768 prouincias
661 689 823 750 Germanioi
843 689 990 748 exereitus
1004 689 1102 758 -iama;

104 771 298 855 spargebatur
316 773 446 852 insuper,
466 781 566 851 spreto
591 773 788 852 procuratoris
807 771 952 832 uocabulo
968 772 1103 832 Albinum

104 857 218 934 insigne
233 855 314 932 regis
331 863 360 914 et
372 853 460 915 lubae
476 872 580 916 nomen
595 872 746 934 usurpare.

170 938 221 1000 59.
241 938 283 999 Ita
304 940 420 998 mutatis
438 939 539 998 animis
558 937 675 998 Asinius
695 937 791 998 Pollio
805 937 870 998 alne
891 938 1068 1017 praetentus,
1086 955 1103 997 e

106 1021 252 1082 fidissimis
266 1020 382 1098 Albino,
400 1030 429 1081 et
443 1019 548 1082 Festus
562 1022 706 1100 aeseipio
722 1021 882 1084 oobortium
896 1021 1037 1100 praetenti
1050 1037 1102 1100 op·

107 1104 278 1183 primuntur:
305 1104 369 1182 ipse
392 1103 513 1166 Albinus
533 1104 600 1166 dunin
618 1123 636 1165 e
657 1104 808 1182 l'ingitana
829 1105 980 1182 provincia
996 1103 1102 1165 (laesa-

106 1187 232 1246 riensem
248 1185 452 1248 Mauretaniam
464 1189 545 1266 petit,
561 1190 589 1249 in
601 1188 723 1268 adpulsu
735 1187 828 1248 litoris
842 1188 1013 1266 trucidatum
1029 1205 1104 1248 uxor

105 1271 171 1329 eius
191 1285 254 1329 enm
275 1287 308 1330 se
332 1271 553 1349 percussoribus
575 1271 742 1348 obtulisset,
764 1271 846 1331 simul
874 1270 1026 1331 interiecta
1047 1281 1127 1346 est‚s

105 1352 176 1412 nihil
197 1369 298 1413 eorum
322 1371 396 1432 quae
421 1354 525 1414 tierent
544 1354 664 1415 vitellio
693 1355 885 1432 requirentes
905 1354 987 1414 brevi
1008 1354 1104 1414 auditu

105 1437 237 1514 quamuis
251 1453 355 1514 magua
369 1436 524 1513 transibat,
541 1437 623 1517 inpar
636 1438 713 1496 euris
727 1437 924 1514 gravioribus.

169 1518 337 1580 lineroitum
349 1519 452 1580 itinere
466 1521 597 1581 terrestri
614 1535 742 1598 pergere
756 1519 848 1580 iubet:
871 1521 936 1598 ipse
943 1520 1036 1580 Arare
1053 1520 1103 1580 du·

105 1604 181 1663 mine
201 1601 368 1680 devehitur,
390 1602 471 1663 nullo
490 1603 642 1682 prineipali
657 1611 773 1681 paratu,
787 1602 839 1664 sed
853 1611 955 1663 vetere
970 1611 1103 1680 egestate

108 1686 298 1764 conspicuus,
321 1684 415 1748 donee
434 1685 533 1746 lunius
553 1686 674 1747 blaesus
691 1685 910 1763 Lugudunensis
931 1685 1043 1748 Galliae
1057 1703 1138 1748 reto

9 1783 10 1790 ¹
106 1777 186 1845 otor,
210 1786 322 1846 genere
338 1767 453 1845 illustri,
469 1769 568 1848 largos
587 1771 681 1830 animo
696 1779 725 1830 et
740 1787 794 1848 par
809 1768 930 1847 opibus,
947 1767 1103 1830 eireumda·

10 1895 11 1906 r
106 1860 152 1913 ret
167 1852 293 1931 prinoipi
307 1852 474 1929 ministeria,
491 1854 676 1914 comitaretur
690 1852 859 1929 liberaliter,
876 1867 913 1912 eo
928 1855 994 1933 ipso
1008 1855 1103 1931 ingra-

104 1946 168 2013 tus,
197 1936 327 2014 quamvis
356 1935 450 1996 odium
480 1935 616 1996 Vitellius
638 1935 795 1996 vernilibus
821 1935 966 1997 blanditiis
982 1937 1103 1997 velaret.

105 2025 227 2099 praesto
248 2018 330 2078 inere
350 2018 500 2096 Luguduni
519 2019 680 2079 vintrioium
695 2021 891 2098 victarumque
912 2021 1033 2098 partium
1055 2020 1104 2079 du·

106 2121 168 2164 ees.
194 2100 347 2162 Valentem
361 2109 392 2163 et
406 2099 561 2162 Gueoinam
572 2119 627 2180 pro
639 2103 774 2162 contione
787 2101 919 2162 laudatos
932 2103 1022 2162 euruli
1035 2120 1105 2163 suae
1114 2119 1139 2161 aa

106 2185 323 2264 eireumposuit.
359 2203 428 2246 mox
448 2185 610 2246 uniuersum
636 2185 796 2246 exereitum
824 2201 981 2245 oeonrrere
1006 2185 1105 2246 infanti

106 2269 167 2330 filio
183 2268 272 2346 iubet,
287 2269 488 2348 perlatumque
501 2278 530 2329 et
543 2267 744 2346 paludamento
757 2276 890 2347 opertum
904 2267 967 2328 sinu
978 2269 1106 2328 retinens

107 2351 309 2414 Germanieum
324 2351 485 2432 appellauit
502 2351 648 2431 tinxitque
664 2351 775 2426 eunetis
789 2351 922 2412 fortunae
937 2352 1106 2430 principalis

106 2434 278 2514 insignibus.
308 2436 410 2496 nimius
429 2434 524 2495 lronos
544 2433 618 2495 inter
640 2433 768 2495 seeunda
810 2433 899 2494 rebus
921 2433 1052 2495 adrensis
1077 2437 1106 2494 in

107 2517 245 2578 solarium
261 2520 360 2580 oessit.
1113 2537 1140 2578 no

160 2597 441 2664 60.Tuminterieoti
450 2600 707 2664 suntoenturiones
715 2599 923 2676 promptissimi
931 2598 1105 2661 Othoniano·

107 2701 178 2760 rum,
194 2682 270 2743 unde
283 2684 441 2763 praeeipua
455 2684 484 2743 in
498 2683 645 2745 Vitellium
662 2684 797 2744 alienatio
811 2701 864 2766 pgr
874 2681 1009 2758 Illyrisos
1022 2701 1105 2744 exer-

106 2767 195 2834 eitus;
212 2767 295 2828 simul
315 2776 433 2828 ceterae
455 2766 591 2844 legiones
607 2776 740 2830 oontaetu
755 2777 784 2829 et
798 2766 939 2827 aduersus
960 2766 1106 2828 Germani·

107 2866 161 2910 eos
175 2849 281 2910 milites
296 2850 403 2910 invidia
418 2850 525 2911 bellurn
540 2849 757 2911 meditabantur.
774 2851 942 2910 Suetonium
958 2849 1106 2911 Paulinum

105 2951 142 2993 ao
152 2931 291 2994 Licinium
305 2933 459 2994 Proonlnm
475 2934 550 2994 tristi
564 2951 645 2995 mora
663 2933 810 3014 squalidos
827 2934 936 3010 tenuit,
952 2932 1047 2994 donee
1057 2953 1128 2996 ann

105 3015 155 3076 diti
171 3017 348 3078 necessariis
363 3019 455 3096 magis
470 3016 688 3078 defensionibus
701 3034 784 3097 quam
797 3017 929 3078 honestis
945 3026 1104 3079 uterentur.

107 3098 301 3179 proditionem
316 3101 392 3162 ultro
404 3102 584 3178 imputabant,
596 3102 719 3179 spatium
734 3099 814 3179 longi
824 3109 892 3161 ante
904 3101 1046 3180 proelium
1060 3103 1105 3161 iti·

106 3183 194 3259 neris,
208 3182 407 3260 fatigationem
420 3182 654 3260 Othonianorum,
662 3185 833 3264 permirtum
846 3185 988 3246 nebienlis
1000 3201 1105 3262 agmen

107 3283 143 3326 ao
168 3265 308 3345 pleraque
333 3267 450 3329 fortuita
475 3267 569 3327 fraudi
594 3285 665 3330 suae
685 3268 882 3345 adsignantes.
912 3276 943 3328 et
969 3267 1105 3328 Vitellius

107 3347 230 3410 eredidit
245 3348 282 3409 de
297 3350 417 3428 pertidia
431 3359 460 3410 et
480 3349 564 3411 fldem
579 3350 714 3413 absolvit.
736 3351 851 3412 Sululos
868 3349 996 3410 Titianus
1013 3349 1103 3409 Otho·
1114 3364 1142 3406 ro

106 3432 150 3492 nis
171 3431 263 3493 irater
283 3433 391 3494 nullum
414 3433 569 3496 diserimen
583 3434 666 3513 adiit,
682 3436 792 3516 pietate
809 3442 839 3494 et
852 3433 967 3512 ignaria
980 3449 1103 3492 exeusa-
