2570 3878
153 114 215 180 att
394 123 560 172 uunnnurr
578 121 697 170 uscrrr
712 97 896 170 annnorum

153 289 352 364 paupertatem
375 278 545 340 subsistere.
580 287 608 338 et
632 279 718 338 lixum
742 285 875 338 estuare
898 276 1016 356 publicu
1039 287 1156 340 senatus

154 365 331 440 consultum,
353 380 412 443 quo
431 362 581 423 libertinus
597 361 723 424 sestertii
743 369 788 421 ter
803 360 916 421 miliens
933 378 1090 440 possessor
1106 381 1154 423 an·
1272 367 1273 370 ’

153 453 249 529 tiquae
266 448 459 529 parsimoniae
473 445 605 507 laudibus
622 443 828 506 cumulabatur.

217 534 267 594 54.
287 530 327 592 At
341 548 398 590 nun
413 531 504 592 frater
519 531 591 608 eius,
610 537 804 607 cognomento
820 527 919 605 Felix,
941 530 1004 609 pari
1022 528 1155 591 modera-

153 619 234 678 tione
251 614 374 694 agebat,
389 615 451 675 'iarn
472 612 583 694 pridem
602 612 726 674 Iudaeae
746 614 888 692 inpositus
903 620 933 672 et
949 621 1053 674 cuncta
1067 613 1155 674 nrale·
1270 661 1273 692 ,

151 702 230 760 lacta
259 700 315 760 sibi
339 701 445 778 inpune
469 706 547 759 ratus
568 705 645 758 tanta
664 697 792 775 putentia
814 695 947 758 subnixu.
983 714 1052 758 sane
1070 715 1154 776 prae·

150 785 274 845 buerant
291 782 388 844 ludaei
409 782 537 862 speciem
554 789 648 842 mutus
665 790 728 842 urta
743 778 903 857 seditione,
925 789 1075 861 postquam
1091 783 1154 824 ***

126 869 271 947 scognita
287 865 378 927 caede
394 866 456 926 cius
471 865 547 926 haud
561 865 789 944 obtemperatum
804 873 898 943 esset,
913 865 1047 926 manebat
1061 875 1154 926 metus

149 970 186 1012 nc
210 953 274 1030 quis
295 950 457 1030 principium
478 949 578 1010 eadem
603 949 791 1028 imperitaret.
822 957 907 1028 atque
934 949 1047 1010 interim
1069 947 1154 1010 Felix

149 1035 363 1113 intempestivis
377 1033 512 1094 remediis
530 1033 635 1094 delicta
649 1031 846 1110 accendebat,
867 1033 980 1093 aemulo
1002 1033 1038 1094 ad
1059 1033 1153 1094 deter-

149 1121 221 1179 rima
246 1117 382 1180 Ventidio
405 1116 549 1194 Cumano,
572 1116 617 1178 oui
639 1135 707 1196 pars
730 1117 897 1197 provinciae
917 1117 1094 1196 habebatur,
1115 1119 1154 1178 ita

150 1201 297 1274 divisium
317 1201 385 1262 buic
402 1200 594 1264 Galilaeorum
611 1201 710 1279 natio,
723 1200 815 1262 Felici
830 1201 987 1262 Samaritae
1004 1210 1153 1281 parerent,

117 1304 139 1347 ru
150 1285 302 1348 discordes
324 1285 392 1346 olim
412 1293 441 1346 et
459 1295 516 1344 tum
532 1293 697 1365 contemptu
719 1286 880 1364 regentium
902 1287 993 1346 minus
1016 1286 1153 1346 coercitis

150 1370 235 1432 odiis.
265 1370 353 1448 igitur
374 1377 491 1449 raptare
515 1369 589 1430 inter
614 1388 664 1446 se,
695 1371 847 1430 immittere
869 1370 1012 1430 latronum
1035 1369 1152 1449 globos,

150 1471 331 1534 componere
346 1453 465 1514 insidias
480 1461 509 1514 et
524 1453 677 1533 aliquando
691 1454 811 1533 proeliis
827 1454 979 1532 congredi,
998 1454 1153 1534 spoliaque

150 1548 177 1599 et
206 1537 330 1617 praedas
357 1537 393 1598 ad
417 1546 623 1617 procuratores
649 1537 773 1599 rclerre.
808 1537 895 1616 bique
920 1539 1011 1618 primu
1037 1538 1152 1617 laetari,

148 1640 216 1682 mox
231 1621 376 1698 gliscente
392 1622 522 1700 pernicie
537 1639 600 1682 oum
614 1640 692 1683 arma
703 1621 821 1683 militum
832 1622 1056 1700 interiecisseut,
1073 1623 1152 1683 caesi

114 1705 267 1774 nomilites;
298 1706 475 1783 arsissetque
504 1705 583 1766 bellu
612 1707 780 1785 pruvincia,
807 1705 836 1764 ni
866 1704 1029 1780 Quadratus
1050 1707 1152 1767 Suriae

147 1797 246 1850 rector
262 1787 455 1850 subvenisset.
484 1806 541 1849 nec
555 1789 602 1849 diu
616 1788 756 1850 adversus
769 1787 909 1867 ludaeos,
930 1791 979 1868 qui
1001 1791 1030 1850 iu
1049 1807 1152 1850 necem

147 1872 266 1933 militum
289 1881 500 1952 proruperant,
522 1871 678 1933 dubitatum
699 1873 766 1952 quin
782 1873 877 1950 capite
891 1890 1003 1953 poenas
1022 1872 1151 1934 luerent:

149 1955 301 2018 Cumanus·
317 1965 346 2018 et
367 1955 452 2016 Felix
474 1956 684 2017 cunctationem
711 1955 896 2036 adferebant,
924 1959 990 2037 quia
1015 1955 1153 2018 Claudius

149 2040 245 2102 causis
267 2039 440 2101 rebellionis
456 2039 564 2116 ¹auditis
586 2041 630 2100 ius
651 2039 791 2102 statuendi
815 2041 900 2102 etiam
920 2041 956 2102 de
979 2051 1145 2122 procuratu·

111 2125 227 2188 auribus
242 2123 372 2185 dederat.
402 2123 454 2184 sed
472 2124 635 2200 Quadratus
649 2123 778 2186 Felicem
799 2125 873 2187 inter
892 2126 1003 2187 iudices
1025 2134 1150 2187 ostenta·

146 2211 198 2287 vit,
213 2218 365 2288 receptum
383 2208 411 2268 in
425 2208 561 2286 tribuual,
577 2225 634 2287 quo
652 2209 744 2270 studia
759 2211 952 2270 accusantium
966 2210 1151 2271 deterreren·
1272 2273 1273 2288 ,

145 2301 207 2362 tur;
225 2293 433 2370 damnatusque
451 2291 624 2370 flagitiorum
640 2309 714 2371 quae
730 2293 786 2354 duo
803 2292 982 2372 deliquerant
996 2292 1151 2373 Cumanus,
1272 2367 1273 2378 χ

145 2386 176 2437 et
192 2377 274 2455 quies
290 2376 459 2455 provinciae
476 2375 598 2437 reddita.
1170 2389 1173 2394 ·

206 2461 257 2522 55.
277 2459 342 2520 Neu
362 2459 450 2520 multo
474 2469 542 2539 pust
563 2462 720 2538 agrestium
736 2459 856 2522 Cilicum
877 2462 1022 2540 nationes,
1046 2461 1150 2541 quibus

146 2542 284 2604 Clitarum
306 2553 548 2621 augumentum,
565 2561 655 2624 saepe
672 2555 701 2605 et
714 2544 785 2606 alias
800 2554 975 2624 commotae,
992 2555 1059 2606 tunc
1074 2543 1148 2606 l'ro·

76 2685 78 2692 ,
146 2627 260 2708 xubure
284 2627 359 2698 duce
380 2635 492 2688 montes
514 2645 637 2707 asperos
657 2631 889 2710 castrisuepere
909 2638 996 2708 atque
1017 2628 1083 2689 inde
1098 2628 1148 2689 de-

145 2729 232 2773 cursu
257 2713 286 2771 in
309 2711 394 2772 litura
425 2719 473 2771 aut
497 2711 585 2772 urbes
609 2715 665 2772 vim
694 2712 852 2773 cultoribus
879 2722 908 2776 et
934 2712 1087 2794 oppidanis
1113 2731 1150 2774 ac

122 2794 317 2874 splerumque
337 2795 365 2855 in
384 2804 565 2856 mercatores
588 2804 618 2858 et
642 2796 835 2858 navicularios
856 2795 1009 2859 audebant.
1046 2799 1148 2860 obses·

145 2896 236 2958 saque
259 2878 362 2939 ulvitus
381 2877 617 2956 Anemuriensis,
646 2888 676 2942 et
698 2881 777 2940 missi
801 2900 817 2941 e
836 2881 918 2942 Suria
938 2882 967 2942 in
989 2881 1147 2942 subsidium

146 2961 260 3040 equites
281 2979 344 3022 cum
366 2963 518 3042 praelecto
541 2960 639 3024 Curtio
662 2964 774 3024 Severo
797 2964 963 3044 turbantur,
986 2966 1064 3046 quud
1085 2965 1146 3027 duri

146 3047 253 3106 circum
274 3045 333 3106 luci
357 3045 559 3127 peditibusque
578 3046 615 3109 ud
635 3065 760 3128 pugnam
782 3048 878 3110 idonei
901 3059 1037 3129 equestre
1060 3067 1147 3129 prue-

143 3128 212 3189 lium
224 3129 299 3190 haud
316 3129 508 3210 patiebantur.
538 3131 604 3192 dein
623 3149 678 3192 rex
692 3134 753 3194 eius
773 3149 844 3194 orae
858 3134 1026 3197 Antiochus·
1037 3132 1147 3195 blandi·

110 3213 248 3277 sumentis
264 3213 416 3274 adversum
432 3213 563 3294 plebem,
579 3215 681 3277 iraude
701 3217 729 3276 in
748 3215 850 3277 ducem
871 3236 935 3279 curu
956 3217 1148 3286 barbarorum

146 3297 247 3374 cupias
269 3296 474 3375 dissociasset,
498 3298 670 3360 Troxobore
687 3301 847 3381 paucisque
864 3301 1150 3382 primoribusinter·
1182 3304 1185 3308 '
1272 3389 1273 3402 χ

144 3377 230 3438 lectis
245 3389 362 3443 ceteros
378 3381 530 3444 clementia
547 3386 717 3464 composuit.
