2440 3886
273 207 284 220 .
386 175 754 230 c1snn1.csr.4s-so.
1030 166 1070 228 25

92 339 187 408 purtem
201 331 335 392 incilicia
351 331 463 409 rident,
486 331 524 392 de
539 334 682 393 sententia
697 333 786 411 legati
805 343 931 396 statuunt
946 345 1070 415 tempus,

91 432 139 493 quo
156 413 344 476 foedissimum
367 434 509 495 quemque
534 425 563 476 et
586 416 722 476 seditioni
746 428 909 497 promptum
929 419 1009 481 lerro
1030 423 1070 482 in·
1103 425 1107 432 ’

90 499 187 560 radant.
214 508 279 560 tuuc
294 501 378 578 signo
393 501 468 560 iuter
481 517 515 558 se
532 499 599 560 dato
615 501 778 580 inrumpunt
793 502 999 582 contubernia,
1014 514 1071 566 tru-

90 581 170 643 cidant
183 584 306 662 ignaros,
324 584 403 645 nullo
418 585 472 643 nisi
487 583 611 644 consciis
632 593 774 646 noscente
796 586 874 664 quod
896 589 994 648 caedis
1019 590 1071 649 ini-

90 668 153 742 tium,
167 665 312 747 quls'linis.
1081 688 1105 730 ¹⁸

135 752 181 812 49.
208 751 330 814 Diversa
354 755 492 829 omnium,
517 770 592 831 quaa
615 770 748 832 umquam
770 753 925 831 accidere,
946 756 1208 822 civilium,..„1..‚-..„.

87 854 209 896 armornm
224 837 325 898 iacies.
359 855 416 898 non
432 837 559 917 proelio,
575 853 633 897 uon
647 836 781 898 adversis
796 857 814 898 e
830 839 944 918 castris,
964 841 1017 901 sed
1033 843 1070 901 is·

86 920 138 980 dem
153 939 168 980 e
183 921 335 1000 cubilibus,
349 939 422 1000 quos
439 921 522 982 simul
537 922 685 982 vescentis
702 923 775 1000 dies,
790 923 874 982 simul
887 925 1001 1002 quietos
1013 941 1071 985 nox

85 1003 215 1083 babuerat,
234 1005 430 1068 discedentia
445 1015 555 1085 partes,
570 1007 705 1085 ingerunt
719 1006 787 1067 tela.
819 1007 930 1068 clamor
948 1008 1069 1070 vulnera

85 1092 184 1166 sangnis
200 1090 409 1170 palam-cansa
424 1093 452 1151 in
470 1090 603 1160 occulto;
625 1100 723 1151 cetera
746 1091 808 1152 lors
830 1093 915 1169 regit.
955 1103 984 1153 et
1006 1095 1097 1173 qui-s

84 1171 136 1233 dam
149 1173 285 1236 bonorum
302 1177 392 1252 caesi,
410 1184 564 1254 postquam
578 1175 728 1236 intellecto
749 1178 777 1236 in
799 1192 873 1255 qnos
895 1178 1068 1253 saeviretur,

85 1261 184 1337 pessimi
202 1277 320 1340 quoque
335 1277 412 1321 arma
427 1268 593 1337 rapuerant.
618 1277 713 1338 neque
734 1260 847 1338 legatus
871 1269 920 1321 aut
940 1260 1070 1322 tribunus
1170 1279 1173 1284 ·

85 1343 229 1405 moderator
245 1345 354 1406 adluit:
378 1344 520 1423 permissa
535 1343 625 1422 uulgo
644 1345 761 1406 licentia
778 1354 864 1423 atque
884 1344 955 1406 ultio
977 1355 1005 1405 et
1025 1364 1069 1406 sa·

86 1428 160 1488 tiatas.
197 1446 267 1489 mox
293 1429 443 1507 ingressus
465 1438 559 1490 castra
584 1427 788 1505 domanicae,
816 1445 874 1489 nou
898 1429 1069 1490 medicinam

89 1510 138 1572 illnd
152 1514 283 1593 plurimis
304 1529 368 1573 cum
389 1513 515 1574 lacrimis
538 1512 592 1574 sed
616 1512 727 1572 cladem
751 1513 922 1592 appellans,
947 1514 1070 1574 cremari
1080 1533 1106 1574 ro

91 1611 188 1676 corpora
205 1597 299 1658 iubet.
780 1603 785 1612 '

131 1687 235 1743 lruces
252 1682 338 1742 etiam
352 1691 409 1741 tum
426 1682 535 1742 animos
552 1679 658 1760 cupido
671 1681 782 1741 involat
797 1681 883 1740 eundi
902 1682 929 1740 in
945 1680 1068 1755 bostem,

84 1765 204 1843 piaculum
217 1767 343 1839 luroris3
363 1783 419 1826 uae
433 1766 519 1827 aliter
535 1783 624 1844 posse
644 1765 753 1845 placari
771 1765 993 1826 commilitonum
1011 1784 1067 1825 ma·

82 1865 137 1926 nes,
150 1869 232 1930 quam
249 1851 276 1909 si
292 1849 461 1929 pectoribus
477 1851 570 1929 impiis
586 1849 708 1911 bonesta
731 1849 851 1912 vulnera
871 1850 1067 1928 accepissent.

80 1935 194 2079 peppitup
209 1935 346 2078 andelrem
368 1932 622 2079 ''l'ss'lum.b⁰⁸⁹⁸⁸¹
643 1934 915 2034 ⁵⁰l⁰²⁰l¹3⁰.p⁰¹¹‘.⁸
940 1934 1104 2078 tranffttitrs

79 2035 126 2245 313?
133 2035 578 2250 diffelllldnlllllll
589 2035 643 2163 ’ἓέ
658 2027 1000 2163 lrrtll'ltlbt
1008 2035 1069 2162 lt.

94 2187 157 2248 estin
203 2189 235 2249 it.

128 2271 175 2331 50.
196 2271 278 2333 baeti
299 2289 395 2352 neque
417 2271 520 2352 procul
536 2270 669 2334 Germani
689 2270 853 2349 agitabant,
875 2271 940 2331 dnm
962 2271 1069 2331 iustitio

78 2354 109 2415 ob
120 2357 253 2418 unissum
267 2356 445 2434 Angustum,
465 2365 533 2436 post
547 2356 701 2417 discordiis
719 2356 879 2417 attinemur.
916 2364 945 2416 at
965 2353 1069 2415 lloma·

78 2455 121 2510 uns
139 2442 253 2519 agmine
275 2457 405 2522 propero
427 2441 529 2502 silvam
551 2438 684 2501 Caesiam
706 2438 883 2519 limitemque
910 2457 927 2500 a
950 2438 1090 2500 liberio·

78 2534 201 2605 coeptam
219 2525 340 2602 scindit,
366 2534 461 2586 castra
479 2527 508 2588 ln
526 2525 615 2585 limite
636 2525 731 2599 locut,
755 2521 879 2585 ircntem
900 2541 935 2584 ac
957 2533 1070 2602 tergum

79 2609 155 2685 rullo,
171 2611 266 2670 latera
283 2607 480 2671 concaedibus
495 2610 627 2670 munitas.
658 2608 725 2672 inde
738 2608 828 2668 saltus
843 2607 987 2669 obscuros
1004 2623 1095 2687 per-s

78 2703 142 2753 meat
170 2694 374 2775 consultatque
404 2713 441 2754 ex
470 2693 583 2756 duobus
608 2691 758 2754 itineribus
781 2691 872 2752 breve
896 2701 925 2752 et
950 2693 1066 2753 solitum

77 2788 205 2858 sequatur
224 2796 260 2839 an
278 2779 433 2860 inpeditius
450 2787 480 2838 et
494 2779 692 2857 intemptatum
711 2791 807 2855 eoque
823 2775 955 2837 hostibus
972 2777 1069 2837 incau-

78 2867 133 2922 tum.
178 2863 295 2925 delecta
326 2865 459 2942 longiore
493 2863 540 2922 via
570 2870 669 2922 cetera
706 2859 925 2921 adcelerantur:
964 2861 1070 2922 etenim

77 2945 218 3009 abolerent
233 2949 439 3026 exploratores
459 2946 562 3007 festam
580 2963 643 3006 eam
658 2943 808 3006 Germanis
825 2954 940 3006 noctem
957 2963 993 3006 ac
1010 2946 1070 3006 sol·

78 3027 207 3092 lenonibus
223 3031 317 3111 epulis
334 3033 483 3093 ludicram.
517 3028 644 3091 Caecina
660 3043 723 3089 cum
739 3030 883 3110 expeditis
902 3029 1068 3092 cohortibus
1081 3047 1106 3090 m

79 3117 183 3188 praeire
200 3125 230 3176 et
248 3116 390 3178 obstantia
413 3117 549 3178 silvarum
569 3113 681 3176 amoliri
703 3113 831 3176 iubetur:
854 3115 988 3193 legiones
1008 3133 1068 3174 mc·

82 3193 132 3257 lico
147 3199 304 3263 interuallo
319 3209 487 3280 sequuntur.
519 3201 591 3259 lusit
609 3214 668 3258 nox
683 3198 827 3260 sideribus
844 3198 982 3274 inlustris,
999 3215 1069 3264 ven·

80 3285 184 3362 bmqne
203 3285 238 3345 ad
261 3286 343 3346 vicos
359 3285 521 3346 Marsorum
544 3293 572 3344 et
594 3283 789 3344 circumdatae
810 3285 950 3346 stationes
970 3283 1070 3340 stratis

79 3366 152 3429 etlam
169 3377 227 3429 tam
243 3386 298 3448 per
318 3369 424 3430 cubilia
444 3377 626 3449 propterque
648 3381 781 3444 mensas,
801 3365 992 3434 collemalo,
1012 3381 1070 3423 non

79 3453 237 3532 antepositis
253 3455 375 3534 vigiliis:
400 3453 475 3515 adeo
491 3463 592 3516 crrncta
607 3451 717 3512 incuria
730 3450 852 3510 disiecta
874 3457 955 3508 erant
974 3463 1068 3523 neque
1080 3457 1104 3498 rs
