2596 3872
175 159 236 220 260
431 171 597 220 conunnrr
610 172 922 222 racrurauunnrunr
974 175 978 182 ·

173 327 275 388 attulit.
305 335 441 406 ratusque
457 327 584 389 dedecus
599 327 723 406 molliri,
748 330 771 388 si
791 328 890 406 plures
907 327 1073 406 foedasset,
1095 327 1171 389 nobi

140 411 240 480 ulium
264 411 434 473 familiarum
456 422 593 490 posteros
618 420 751 490 egestate
772 412 891 473 venales
920 415 949 472 in
970 429 1105 472 scaenam
1127 411 1175 472 de·

173 495 270 566 dunit;
287 512 362 575 quos
382 497 442 557 fato
460 497 629 577 perfunctos
646 515 683 556 ne
699 499 865 558 nominatim
879 496 1004 573 tradam,
1021 495 1176 556 maioribus

173 598 272 640 eorum
290 577 470 641 tribuendum
491 590 571 660 puto.
603 599 666 641 nam
690 591 719 641 et
740 583 803 642 eius
818 581 956 658 flagitium
973 589 1034 657 est,
1057 581 1105 660 qui
1125 597 1175 659 pe·

173 665 284 725 cuniam
299 664 337 726 ob
354 665 459 725 delicta
476 666 572 744 potius
589 665 668 726 dedit
691 683 775 745 quam
795 683 833 725 ne
848 665 1059 743 delinquerent.
1088 673 1175 745 notos

172 767 287 827 quoque
311 751 426 828 equites
445 750 592 810 Romanos
617 767 724 829 operas
746 767 852 811 arenae
874 749 1044 829 promittere
1060 747 1176 825 subegit

137 833 255 902 sadonis
274 833 454 912 ingentibus,
477 836 531 895 nisi
554 835 630 914 quod
653 852 766 894 merces
788 833 824 894 ab
846 851 882 894 eo
899 834 945 914 qui
961 831 1062 892 iubere
1078 841 1176 911 potest

172 918 227 976 vim
243 919 427 979 necessitatis
444 917 547 978 adfert.

227 1001 283 1078 Ι15.
303 1000 349 1061 Ne
364 1010 458 1062 tamen
475 1000 567 1069 adhuc
585 1001 703 1083 publico
718 1001 831 1062 theatro
853 1001 1110 1078 dehonestaretur,
1132 1001 1173 1060 iu·

171 1086 260 1144 stituit
283 1085 368 1146 ludos
393 1086 565 1146 iuvenalium
589 1085 750 1162 vocabulo,
778 1087 806 1145 in
833 1103 906 1164 quos
931 1086 1039 1165 pnssIm
1060 1086 1173 1146 nomina

170 1169 244 1228 data.
275 1187 332 1228 non
350 1169 486 1230 nobilitas
501 1171 648 1248 cuiquam,
670 1187 728 1230 ncn
744 1179 825 1232 aetas
843 1178 890 1230 aut
906 1171 962 1230 acti
979 1169 1108 1230 honores
1125 1171 1173 1229 irn-

171 1251 348 1331 pedimeuto,
368 1272 424 1334 quc
441 1255 532 1313 minus
548 1254 653 1315 Graeci
668 1253 797 1314 Latinive
812 1253 960 1314 histrionis
982 1262 1072 1314 artem
1090 1271 1174 1312 exer·

144 1345 271 1400 scerent
285 1356 378 1416 usque
393 1337 429 1398 ad
443 1347 545 1416 gestus
561 1337 724 1418 modosque
739 1336 813 1398 haud
828 1337 938 1398 viriles.
969 1338 1037 1416 quin
1053 1345 1082 1396 et
1092 1336 1173 1398 femi·

169 1439 223 1481 nae
246 1420 383 1482 inlustres
405 1422 546 1483 deformia
566 1422 713 1492 meditari;
736 1430 943 1500 exstructaque
963 1420 1039 1501 apud
1063 1438 1173 1499 nemus,

170 1504 247 1584 quod
267 1506 362 1567 navali
388 1515 492 1584 stagno
515 1509 721 1588 circumposuit
734 1507 901 1584 Augustus,
923 1504 1126 1574 consenticula
1145 1514 1174 1564 et

170 1607 321 1668 cauponae
339 1599 368 1650 et
387 1593 482 1670 posita
497 1608 572 1654 veno
594 1592 774 1671 inuitamenta
791 1589 881 1650 luxui.
909 1588 1106 1669 dabanturque
1124 1590 1173 1650 sti·

169 1691 240 1751 pes,
263 1692 334 1751 qaas
356 1673 425 1734 boni
447 1670 639 1752 necessitate,
662 1677 889 1752 intemperantes
904 1673 1001 1752 gloria
1023 1690 1172 1734 consume

135 1780 159 1820 ro
169 1764 243 1816 rent.
271 1757 336 1816 inde
351 1757 481 1834 gliscere
498 1758 607 1835 flagitia
622 1767 652 1819 et
667 1759 797 1834 infamia,
814 1775 870 1819 nec
884 1757 943 1820 ulla
957 1758 1086 1818 moribus
1103 1757 1172 1818 olim

170 1843 315 1917 corruptis
333 1841 398 1919 plus
414 1840 562 1900 libidinum
579 1841 767 1902 circumdedit
779 1859 864 1921 quam
879 1842 928 1902 illa
946 1841 1106 1902 conluuies.
1124 1843 1174 1902 rin

168 1921 278 1984 artibus
298 1923 431 1984 honestis
446 1925 539 2003 pudor
557 1925 710 2003 retinetur,
735 1924 840 1986 nedum
864 1928 938 1988 inter
960 1926 1115 1986 certamina
1131 1927 1172 1986 ri-

168 2009 271 2067 tiorum
287 2006 422 2087 pudicitia
437 2017 485 2070 aut
506 2010 648 2070 modestia
671 2019 718 2069 aut
736 2011 889 2089 quicquam
910 2009 995 2088 probi
1015 2011 1104 2071 moris
1116 2028 1187 2080 ‚rer

168 2101 343 2152 seruaretur.
377 2101 553 2172 postremum
570 2095 634 2174 ipse
668 2111 802 2155 scaenam
834 2093 958 2172 incedit,
989 2093 1077 2154 multa
1103 2111 1170 2154 cura

132 2183 310 2255 retemptans
335 2175 472 2237 citharam
493 2187 523 2237 et
543 2177 756 2256 praemeditans
778 2177 982 2240 adsistentibus
1003 2177 1170 2256 phonascis.

167 2269 338 2321 accesserat
354 2261 460 2321 cohors
476 2260 604 2337 militurn,
625 2263 810 2322 centuriones
822 2261 985 2342 tribunique
997 2269 1172 2336 etmaereus

167 2343 274 2403 Burrus
296 2363 331 2420 ac
346 2345 473 2406 laudans.
503 2353 628 2425 tuncque
649 2347 770 2424 primum
792 2347 949 2426 conscripti
972 2353 1036 2406 sunt
1056 2347 1173 2424 equites

64 2490 68 2496 ,
167 2429 289 2488 Romani
309 2438 505 2505 cognomento
521 2429 782 2507 Augustianorum,
804 2437 900 2490 aetate
920 2448 955 2489 nc
976 2428 1083 2490 robore
1102 2447 1171 2490 con·

168 2512 272 2590 spicui,
290 2521 319 2572 et
333 2530 402 2592 pars
416 2513 533 2592 ingenio
549 2517 703 2593 procaces,
711 2515 759 2575 alii
768 2516 885 2593 inspem
896 2515 1053 2594 potentiae.
1075 2515 1095 2572 ii
1107 2513 1171 2573 dies

132 2613 204 2656 accc
224 2604 327 2657 noctes
347 2596 496 2675 plausibus
517 2615 678 2676 personare
700 2597 820 2658 formam
845 2599 985 2677 principis
1008 2615 1172 2676 vocemque

168 2678 251 2738 deum
270 2679 422 2740 vocabulis
445 2679 641 2760 appellantes;
663 2682 745 2760 quasi
766 2699 819 2760 per
836 2681 971 2742 virtutem
987 2680 1057 2742 clari
1078 2681 1171 2742 hono·

166 2765 279 2842 ratique
294 2781 394 2841 agere.
1067 2813 1069 2820 ,

230 2847 277 2908 16.
299 2846 343 2908 Ne
360 2856 454 2908 tamen
468 2848 597 2910 ludicrae
612 2858 719 2909 tantum
740 2851 924 2930 imperatoris
940 2859 1018 2910 artes
1033 2857 1170 2910 notesce-

166 2939 238 3008 rent,
255 2933 409 2992 carminum
424 2950 540 3012 qucqae
561 2933 681 2993 studium
702 2932 872 3012 adfectavit,
894 2933 1171 3013 contractisquibus

166 3015 423 3096 aliquapangendi
437 3017 561 3078 incultas
582 3016 717 3078 necdum
739 3019 858 3094 insignis
890 3035 937 3076 ars
964 3026 1038 3079 erat.
1072 3016 1102 3077 hi
1120 3036 1170 3077 ce·
1266 3040 1292 3066 a

165 3101 224 3158 nati
244 3098 398 3161 considere
420 3101 518 3179 simul,
537 3112 565 3162 et
586 3101 698 3162 adlatos
722 3101 769 3162 vel
791 3100 897 3162 ibidem
912 3112 1047 3182 repertos
1065 3119 1171 3162 aereus

144 3209 155 3245 a
168 3192 325 3244 conectere
341 3192 427 3264 atque
442 3187 534 3264 ipsius
550 3184 638 3246 uerba
655 3186 873 3265 quoquomodo
890 3187 1003 3264 prolata
1018 3185 1170 3265 supplere.
1228 3226 1231 3234 ·

167 3267 243 3343 quod
266 3268 382 3346 species
398 3271 462 3350 ipsa
486 3271 640 3331 carminum
656 3269 757 3348 docet,
777 3289 834 3330 non
855 3267 963 3350 impetn
985 3279 1014 3329 et
1033 3271 1169 3331 instinctu

167 3367 222 3408 nec
239 3367 291 3412 ore
307 3370 363 3413 uno
381 3353 481 3414 duone.
517 3356 601 3415 etiam
618 3354 779 3433 sapientiae
794 3354 962 3417 doctoribus
982 3363 1094 3433 tempus
1116 3355 1169 3414 inr-

168 3432 310 3504 pertiebat
325 3447 391 3514 post
406 3439 528 3519 epulas,
548 3448 635 3518 utque
652 3440 794 3500 contraria
811 3438 1039 3500 adseverantium
1055 3439 1167 3499 discur-
