2540 3874
169 181 229 245 128
435 191 601 242 coaunnn
620 188 739 239 uacum
757 188 943 238 nnusmun

166 353 241 413 mina
256 350 350 411 libero
366 365 490 427 egressu
510 345 724 407 memorabant:
743 344 828 405 nobis
849 347 876 406 in
895 353 958 406 arto
982 352 1011 405 et
1030 343 1170 423 inglorius

167 434 266 506 labor;
299 435 414 494 immota
434 432 542 511 quippe
565 438 612 492 aut
637 428 752 490 modice
778 429 915 491 lacessita
941 447 1015 510 pax,
1042 438 1171 490 maestae
1268 471 1269 476 η

133 533 157 576 rc
167 518 246 579 urbis
260 537 310 580 res
325 527 353 578 et
372 517 511 597 princeps
527 513 696 594 proferendi
711 514 814 592 imperi
829 514 992 574 incuriosus
1014 521 1086 574 erat.
1113 531 1172 574 non

167 615 261 664 tamen
275 603 338 663 sine
354 619 407 662 usu
428 599 515 660 luerit
536 599 730 678 introspicere
751 598 800 659 illa
821 599 914 677 primo
940 607 1062 679 aspectu
1082 598 1171 676 levia,

168 705 207 748 ex
222 687 286 766 quis
300 702 469 764 magnarum
484 701 575 764 saepe
589 700 685 743 rerum
702 691 796 743 motus
814 685 953 743 oriuntur.

228 771 279 835 33.
297 771 370 832 Nam
393 777 511 829 cunctas
531 769 664 829 nationes
688 775 718 827 et
738 767 826 828 urbes
848 767 975 848 populus
996 775 1044 828 aut
1065 767 1171 846 primo·

165 874 215 917 res
230 865 278 917 aut
295 854 402 934 singuli
417 861 537 930 regunt:
562 851 678 913 delecta
699 869 736 911 ex
757 852 792 911 iis
813 860 842 912 et
863 851 1031 913 consociata
1052 851 1095 910 rei
1120 869 1171 929 pu·

166 940 261 1000 blicac
286 940 377 1000 forma
398 932 509 999 laudari
533 936 649 998 facilius
670 953 754 1016 quarn
776 938 911 1013 evenire,
940 935 988 997 vel
1019 936 1044 995 si
1063 935 1169 1010 evenit,

166 1023 242 1086 baud
259 1022 389 1084 diuturna
405 1039 471 1082 esse
488 1029 595 1100 potest.
626 1019 713 1098 igitur
737 1028 767 1079 ut
789 1020 856 1080 olim
878 1019 966 1101 plebe
991 1018 1099 1096 ualida,
1123 1018 1168 1078 uel

32 1130 36 1137 ’
144 1126 234 1172 scum
251 1115 349 1187 patres
364 1105 520 1186 pollerent,
536 1103 684 1166 noscenda
701 1102 781 1182 uulgi
801 1115 902 1168 natura
917 1114 946 1166 et
961 1101 1171 1184 quibusmodis

166 1199 364 1270 temperanter
389 1188 559 1267 haberetur,
589 1197 765 1267 senatusque
790 1197 819 1249 et
850 1191 1026 1269 optimatium
1056 1189 1172 1267 ingenia

166 1277 215 1354 qui
243 1276 366 1336 maxime
395 1271 625 1354 perdidicerant,
656 1271 752 1333 callidi
776 1280 938 1355 temporum
965 1283 995 1334 et
1024 1274 1172 1353 sapientes

167 1358 370 1436 credebantur,
389 1359 434 1418 sic
449 1375 594 1419 converso
612 1365 798 1435 statuaeque
817 1358 872 1419 alia
888 1377 921 1419 rc
935 1357 1066 1418 Romana
1087 1375 1172 1436 quam

166 1443 190 1502 si
205 1461 277 1504 uuus
292 1443 447 1522 imperitet,
463 1441 538 1504 baec
556 1442 687 1521 conquiri
703 1440 835 1520 tradique
850 1443 878 1502 in
893 1461 955 1503 reru
979 1441 1081 1518 luerit,
1106 1443 1173 1519 quia

132 1544 156 1587 ro
167 1528 251 1607 pauci
268 1526 420 1605 prudentia
434 1525 558 1587 honesta
576 1526 613 1588 ab
630 1525 840 1604 detentoribus,
858 1527 938 1587 utilia
950 1525 986 1586 ab
1002 1527 1098 1586 noxiis
1113 1525 1171 1585 dis·

166 1619 302 1686 cernunt,
324 1611 425 1690 plures
445 1609 566 1670 aliorum
587 1611 700 1672 eventis
718 1609 869 1676 docentur.
907 1619 1036 1671 ceterum
1057 1619 1086 1670 ut
1103 1627 1173 1688 pro·

153 1695 267 1772 ¹laturre,
279 1695 319 1755 ita
331 1694 473 1755 minimum
486 1693 692 1756 oblectationis
703 1693 846 1756 adierunt.
873 1713 937 1756 nam
948 1697 1022 1754 situs
1034 1695 1172 1772 gentium,

165 1778 320 1837 varietates
338 1777 531 1857 proeliorum,
556 1779 628 1839 clari
644 1779 746 1839 ducum
763 1780 857 1840 exitus
872 1780 1005 1841 retinent
1019 1796 1054 1839 ac
1076 1778 1170 1840 redin-

164 1869 280 1938 tegrant
296 1860 454 1939 legentium
471 1863 607 1923 animum:
624 1881 678 1924 nos
694 1881 782 1924 saeua
796 1865 892 1941 iussn,
919 1864 1067 1924 continuas
1085 1881 1169 1924 accu-

130 1962 155 2005 re
164 1943 308 2021 sationes,
332 1943 453 2006 fallaces
480 1947 637 2024 amicitias,
660 1947 819 2026 perniciem
840 1950 1035 2010 innocentium
1058 1957 1088 2008 et
1108 1965 1171 2008 eas·

164 2027 229 2087 dem
251 2029 329 2088 exitu
351 2047 455 2090 causas
478 2031 691 2109 coniungimus,
717 2031 804 2094 obvia
826 2051 922 2095 rerum
938 2031 1121 2092 similitudine
1142 2041 1173 2092 et

164 2113 306 2173 satietate.
340 2121 397 2172 tum
414 2115 491 2193 quod
513 2115 636 2195 antiquis
657 2115 852 2194 scriptoribus
873 2135 956 2179 rarus
978 2117 1171 2193 obtrectator,

162 2214 258 2274 neque
285 2195 379 2257 relert
409 2200 576 2278 cuiusquam
603 2200 726 2261 Punicas
746 2201 930 2262 Romanasne
958 2203 1038 2262 acies
1068 2200 1173 2262 laetius

164 2280 321 2342 extuleris:
337 2290 366 2342 at
381 2281 548 2360 multorum,
566 2284 614 2362 qui
631 2283 749 2347 'liberio
766 2295 890 2364 regente
912 2303 1036 2366 poenam
1060 2285 1108 2346 vel
1129 2285 1172 2344 in·

129 2364 265 2427 colamias
287 2364 419 2444 subiere,
450 2369 561 2446 posteri
581 2379 704 2430 manent.
744 2378 832 2449 utque
859 2369 986 2432 familiae
1010 2371 1095 2448 ipsae
1116 2370 1173 2430 iam
1268 2373 1269 2400 ³

163 2449 310 2509 extinctae
331 2448 403 2526 sint,
429 2453 561 2531 reperias
583 2455 631 2531 qui
653 2453 691 2514 ob
711 2453 921 2516 similitudinem
943 2471 1054 2516 morum
1075 2454 1172 2515 aliena

162 2531 317 2593 malefacta
333 2533 389 2592 sibi
403 2533 544 2596 obiectari
562 2546 671 2616 putent.
703 2539 788 2600 etiam
802 2539 898 2617 gloria
917 2558 951 2601 ac
972 2540 1061 2600 virtus
1077 2537 1171 2598 inlen-

161 2631 212 2674 sos
230 2615 333 2694 babet,
358 2627 387 2678 ut
408 2618 492 2679 nimis
516 2639 552 2680 ex
575 2623 739 2702 propinquo
763 2622 878 2684 diversa
900 2642 1035 2702 arguens.
1066 2621 1119 2683 sed
1134 2621 1171 2683 ad

161 2699 307 2777 inceptum
326 2701 428 2763 redeo.
1110 2731 1116 2739 ·

26 2773 30 2786 ’
108 2783 274 2848 „sadda
298 2783 436 2848 Cornelio
463 2786 557 2849 Cosso
578 2789 681 2852 Asinio
704 2791 839 2872 Agrippa
862 2795 1030 2855 consulibus
1053 2793 1170 2856 (iremu-

160 2867 216 2926 tius
234 2865 348 2929 Gordus
364 2872 537 2950 postulatur,
554 2891 633 2934 novo
651 2893 687 2935 ac
706 2884 773 2936 tunc
789 2877 910 2956 primum
925 2879 1022 2941 audito
1039 2880 1168 2953 crimine,

161 2951 240 3029 quod
262 2953 346 3014 editis
368 2955 518 3017 annalibus
541 2957 715 3039 laudatoque
735 2960 774 3022 n.
795 2961 884 3022 Bruto
906 2962 939 3024 G.
964 2962 1092 3026 Cassium
1107 2962 1167 3023 Ro·

160 3052 307 3098 manorum
324 3039 451 3100 ultimum
466 3040 598 3104 dixisset.
633 3045 810 3106 accusabant
833 3047 943 3110 Satrius
966 3047 1115 3110 Secundus
1139 3054 1170 3108 et

133 3117 291 3182 tPinarius
305 3121 401 3203 Natta,
417 3126 515 3188 Seiani
533 3127 666 3189 clientes.
696 3129 725 3190 id
741 3131 935 3210 perniciabile
955 3151 1027 3211 reo,
1050 3131 1170 3194 atilae·
1267 3207 1268 3210 Ἴ

161 3221 209 3262 sar
228 3207 301 3266 truci
318 3207 397 3286 uultu
411 3208 613 3276 defensionem
624 3214 784 3294 accipiens,
801 3235 884 3296 quam
896 3216 1069 3297 Cremutius,
1081 3218 1171 3279 relin-
1267 3217 1268 3224 '

161 3288 293 3362 quendae
308 3292 389 3351 sitae
402 3304 516 3372 certus,
538 3299 567 3358 in
587 3297 664 3358 bunc
684 3298 798 3360 modum
820 3320 944 3365 exorsus
966 3312 1027 3366 est:
1057 3300 1172 3363 ‘verba

158 3385 239 3446 mea,
257 3381 356 3450 patres
379 3381 552 3458 conscripti,
573 3391 745 3461 arguuntur:
767 3383 841 3446 adeo
861 3386 1005 3450 laetorum
1027 3389 1171 3449 innocens
1222 3413 1237 3461 χ

79 3463 86 3478 ·
160 3468 231 3511 sum.
261 3456 315 3518 sed
331 3476 425 3538 neque
446 3461 520 3525 haec
541 3467 568 3524 in
591 3468 751 3547 principem
775 3478 823 3530 aut
844 3472 984 3554 principis
1005 3480 1171 3554 parentem,
