2596 3872
401 174 506 222 urens
517 175 594 223 x111.
612 176 687 224 cnr.
700 175 820 230 ιιι-ιι.
884 169 886 173 ’
1050 164 1118 228 239·

108 333 157 413 qui
172 338 345 392 testamento
360 331 534 391 manumissi
551 331 604 391 snb
620 331 723 392 eedem
740 342 816 394 tecto
833 335 1021 411 mansissent,
1039 334 1113 394 inter

107 432 214 477 servos
241 413 385 495 supplicia
413 413 584 492 penderent.
623 415 753 477 redditur
782 418 874 479 ordini
894 417 995 479 Lurius
1018 419 1113 479 Varus

107 498 287 574 consularis,
304 497 441 560 avaritiae
457 499 620 560 criminibus
636 500 704 562 olim
719 503 881 582 perculsus
913 511 942 562 et
952 501 1135 582 Pomponiae

107 584 273 647 Graecina'
265 584 388 660 insignis
400 581 564 660 seminari.
572 574 698 660 Plautio,
711 601 795 661 quem
804 583 952 645 crassedo
968 585 1111 646 Britannis

105 666 219 742 rettuli,
248 675 345 764 nupta
366 683 401 726 ac
419 665 633 766 superstitionis
654 676 791 729 externae
806 687 873 747 rea,
896 670 988 730 mariti
1005 669 1110 737 iudicio

108 753 260 833 permissa.
298 751 393 828 isque
399 751 499 829 prisco
518 750 645 811 instituto
661 753 833 831 propinquis
849 771 947 814 coram
964 753 1000 814 de
1017 757 1112 834 capite

87 832 91 838 ’
107 837 240 914 famaque
250 838 383 912 coniugis
393 835 719 915 cognovitetinsontem
727 837 932 914 pronuntiarit.
951 834 1111 912 longabuic

109 919 285 997 Pomponiae
305 927 386 980 aetas
407 927 435 979 et
452 921 588 980 continua
609 921 723 983 tristitia
740 921 802 983 init
845 941 910 984 nam
927 931 994 1002 post
1007 921 1109 983 Iuliam
1118 936 1141 979 ιι

106 1003 193 1065 Drusi
205 1003 290 1063 liliam
300 1003 368 1064 dolo
378 1002 551 1065 Messalinae
562 1005 743 1067 interiectam
754 1025 809 1086 per
818 1007 1007 1086 quadraginta
1019 1024 1111 1068 annos

107 1105 167 1149 non
182 1086 259 1148 cultu
274 1088 328 1147 nisa
321 1087 474 1166 lugubri,
494 1105 552 1148 non
568 1090 659 1150 animo
678 1091 733 1151 nisi
750 1101 861 1152 maesto
877 1093 951 1170 egit;
968 1090 1053 1170 idque
1070 1091 1111 1152 illi

106 1171 290 1251 imperitante
309 1169 456 1233 Claudio*
447 1190 570 1252 mpune,
587 1191 655 1234 mox
671 1174 707 1236 ad
723 1175 847 1253 gloriam
861 1177 958 1237 uertit.

168 1257 219 1319 33.
238 1255 318 1316 Idem
333 1275 423 1317 annus
444 1257 543 1335 plures
564 1274 633 1318 reos
650 1258 764 1338 habuit,
789 1260 957 1338 quorumP.
976 1259 1111 1320 Celerem

105 1349 262 1404 accusante
278 1339 366 1418 Asia,
384 1341 450 1419 quia
463 1340 620 1404 absolvere
635 1343 772 1424 nequibat
793 1343 917 1423 Caesar,
940 1345 1042 1422 traxit,
1065 1363 1110 1404 se·

105 1435 191 1488 necta
208 1425 303 1487 donec
316 1433 438 1486 mortem
453 1424 564 1497 obiret;
583 1444 648 1488 nam
666 1425 755 1488 Celer
769 1429 942 1506 interfecto,
958 1436 988 1488 ut
1003 1446 1110 1488 memo·

106 1512 182 1589 ravi,
204 1509 304 1571 Silano
323 1527 377 1588 pro
396 1510 517 1571 consule
531 1510 726 1589 magnitudine
744 1512 868 1572 sceleris
885 1521 984 1572 cetera
1002 1511 1111 1588 flagitia

74 1663 77 1668 ,
106 1594 275 1674 obtegebat.
311 1591 510 1654 Cossutianum
526 1593 697 1674 Capitonem
714 1593 822 1656 Cilices
839 1595 1000 1656 detulerant
1014 1612 1135 1655 maon-u

106 1681 200 1740 losum
222 1677 397 1757 foedumque
420 1687 449 1738 et
473 1679 547 1740 idem
568 1680 612 1740 ius
635 1681 773 1741 audaciae
798 1681 827 1739 in
847 1680 998 1760 provincia
1019 1688 1110 1740 ratum

106 1763 185 1844 quod
199 1765 227 1823 in
243 1761 314 1824 urbe
328 1772 513 1832 exercuerat;
530 1762 582 1824 sed
597 1765 745 1843 pervicaci
762 1766 948 1826 accusatione
963 1763 1110 1826 condicta·

85 1857 152 1909 ,tus
168 1855 318 1927 postremo
333 1845 533 1908 defensionem
548 1849 643 1909 omisit
661 1867 696 1910 ac
713 1849 782 1928 lege
798 1849 1019 1927 repetundarum
1035 1847 1109 1908 dam·

105 1940 188 1993 natus
206 1939 260 1992 est.
291 1948 344 2010 pro
362 1930 454 2010 Eprio
468 1931 628 2011 Marcello,
652 1951 669 1994 a
685 1951 743 2013 qno
759 1933 840 2008 Lycii
857 1951 907 1993 res
926 1932 1110 2012 repetebant,

106 2035 142 2079 ιο
157 2033 249 2094 usque
264 2015 385 2076 ambitus
399 2015 570 2094 praevaluit,
583 2025 614 2076 ut
628 2016 742 2096 quidam
757 2026 957 2078 accusatorum
972 2018 1034 2078 eius
1050 2018 1109 2077 exi·
1120 2030 1145 2072 ιι

106 2101 145 2162 lic
163 2099 362 2178 multarentur,
380 2108 522 2179 tamqnam
539 2103 643 2162 insonti
658 2100 819 2181 pericnlum
834 2102 983 2162 iecissent.

169 2185 220 2248 34.
242 2183 362 2245 Nerone
384 2185 498 2244 tertium
522 2183 641 2245 consule
663 2185 746 2245 simul
769 2185 830 2245 iniit
853 2185 1029 2246 consulatum
1052 2186 1109 2246 Va·

107 2270 196 2331 lerius
216 2268 371 2346 Messalla,
395 2269 475 2330 cuius
499 2286 653 2348 proauum,
678 2279 823 2330 oratorem
846 2266 1018 2346 Corvinum,
1043 2268 1109 2328 diuo

105 2355 257 2455 Augusto,
279 2352 373 2414 abavo
387 2350 514 2413 Neronis
523 2353 708 2432 ,collegam
723 2354 752 2413 in
774 2370 809 2414 ec
823 2355 1000 2431 magistratu
1019 2353 1110 2413 inisse

106 2439 191 2520 pauci
203 2440 258 2499 iam
270 2455 369 2498 senum
380 2437 577 2498 meminerant.
603 2437 656 2499 scd
667 2436 758 2498 nobili
769 2437 894 2498 familiae
905 2437 998 2498 bonor
1010 2445 1110 2498 auctus

107 2533 152 2585 est
168 2522 297 2583 oblatis
288 2540 317 2581 m
332 2520 464 2599 singulos
477 2539 568 2582 annos
580 2523 732 2601 quingenis
746 2523 900 2598 sestertiis,
919 2515 1133 2615 quibuslicet

106 2607 178 2670 salla
194 2606 417 2688 paupertatem
409 2607 552 2666 innoxiam
568 2614 751 2668 sustentaret.
777 2604 899 2666 Aurelio
913 2611 1029 2705 quoquc
1043 2604 1109 2666 Got-

106 2703 154 2754 tae
176 2701 206 2751 et
219 2691 340 2752 Haterio
356 2689 503 2750 Antonino
524 2708 642 2751 annuam
663 2691 815 2770 pecuniam
840 2691 937 2751 statuit
962 2690 1109 2770 princeps,

107 2778 237 2857 quamvis
253 2794 307 2856 per
322 2775 419 2836 luxum
433 2775 524 2835 avitas
540 2792 614 2854 opes
630 2775 829 2854 dissipassent.

171 2860 241 2920 Eius
269 2861 334 2921 anni
366 2859 509 2938 principio
535 2858 672 2919 mollibus
703 2857 797 2920 adhuc
823 2858 911 2918 initiis
937 2858 1111 2938 prolatatum

11 2975 12 2982 ι
106 2949 181 3006 inter
209 2944 331 3006 Parthos
355 2944 574 3023 Romanosque.
595 2942 631 3003 de
661 2942 816 3003 obtinenda
837 2941 974 3003 Armenia
1002 2940 1145 3004 bellumao

11 3033 15 3048 '
107 3031 214 3090 acriter
223 3031 391 3106 resumitur,
399 3030 465 3107 quia
476 3045 533 3089 nec
547 3027 716 3105 Vologeses
738 3027 850 3088 sinebat
868 3028 986 3088 fratrem
1002 3026 1110 3088 Tirida·

14 3112 21 3122 ”
105 3124 156 3175 ten
179 3113 274 3176 datia
298 3131 331 3184 se
351 3113 436 3190 regni
459 3122 611 3192 expertem
630 3131 698 3174 esse
721 3121 769 3172 aut
790 3111 901 3172 alienae
918 3110 947 3171 id
963 3113 1111 3190 potentiae

108 3198 214 3259 donum
235 3196 362 3274 babere,
385 3205 415 3256 ct
431 3195 560 3258 Corbulo
583 3198 700 3276 dignum
719 3195 914 3275 magnitudine
932 3194 1034 3275 populi
1052 3196 1111 3256 Ro-

106 3283 183 3343 mani
197 3283 316 3344 rebatur
334 3291 415 3361 parta
432 3282 499 3343 olim
514 3301 531 3342 a
547 3281 668 3343 Lucullo
683 3281 882 3360 Pompeioque
897 3281 1042 3359 recipcre.
1075 3277 1111 3338 ad

107 3369 165 3429 hoc
191 3366 320 3428 Armenii
346 3366 485 3444 ambigua
511 3366 571 3426 fide
593 3375 714 3445 utraque
746 3381 824 3426 ιιιιι
850 3362 1024 3438 inuitabant,
1058 3363 1145 3422 situs·

109 3462 264 3532 terrarum,
285 3451 467 3514 similitudine
485 3468 595 3512 morum
608 3451 721 3540 Parthis
744 3449 900 3528 propiores
923 3445 1112 3525 conubiisque
