2540 3874
404 196 508 244 ursus
528 197 566 244 11.
586 197 662 246 osr.
684 196 816 251 ιιι-32.
1074 197 1113 258 53

109 351 194 412 iores
216 352 314 411 curiae
337 353 503 431 innisusque
523 353 603 412 iratri
625 360 774 414 etmarias
797 372 832 414 ac
852 359 1001 437 supplices
1024 381 1115 426 rocos

109 433 146 495 ad
161 431 311 496 Tiberium
323 435 443 495 tendens
461 433 576 496 immoto
588 437 654 496 eius
670 437 749 497 uultu
765 440 918 519 excipitur.
949 459 1016 504 mox
1031 447 1114 508 libel-

108 520 156 578 los
179 527 209 578 et
231 527 368 580 auctores
388 515 614 580 recitntssaeaar
633 517 854 600 scanciarum,
877 515 1023 588 'lenire
1038 548 1113 592 uere

108 615 252 682 asperare
269 603 386 663 crimina
402 602 556 664 videretur.

170 687 221 748 30.
245 685 443 747 Accesserant
462 697 578 766 praeter
596 683 731 748 Trionem
752 699 780 749 et
803 689 904 752 datum
926 706 1112 760 accusatores

105 771 248 832 Fonteius
268 771 402 850 Agrippa
426 778 456 830 et
477 769 511 831 (i.
532 771 648 850 Vibius,
671 773 877 854 certabantque
901 779 946 837 cui
966 781 1010 840 ius
1027 799 1112 860 pero·

104 854 188 916 randi
209 855 240 913 in
263 869 343 914 reum
358 855 489 931 daretur,
511 855 605 916 donec
617 855 735 933 Vibius,
762 859 826 937 quia
843 873 898 920 nec
912 863 969 940 ipsi
990 865 1064 924 inter
1079 884 1113 927 se

106 937 307 1008 concederent
328 947 356 998 et
379 938 450 998 Libo
473 941 535 998 sine
560 949 682 1018 patrono
703 943 868 1021 introisset,
892 946 1057 1023 singiliatim
1078 967 1111 1010 se

105 1023 227 1084 erimina
257 1021 436 1082 obiecturum
463 1023 631 1102 professus,
659 1025 778 1104 protulit
806 1025 924 1088 libellos
950 1033 1136 1094 vaecordess

103 1107 197 1184 adeo,
228 1115 259 1166 ut
286 1105 492 1166 consultaverit
510 1107 598 1184 Libo,
626 1125 661 1168 au
681 1107 829 1170 habiturus
856 1113 934 1173 foret
953 1129 1029 1195 opes
1048 1120 1111 1194 quis

102 1193 182 1252 mam
203 1191 330 1270 Appiam
355 1190 535 1251 Brundisium
555 1205 646 1270 usque
669 1195 792 1271 pecunia
812 1196 952 1272 operiret.
1000 1197 1112 1260 inerant

103 1286 133 1336 et
148 1271 207 1335 alia
222 1271 342 1334 huiusce
357 1274 433 1334 modi
448 1274 553 1336 stolida
568 1291 656 1352 rana,
673 1277 697 1334 ei
713 1277 827 1336 mollius
843 1281 1012 1360 acciperes,
1026 1285 1110 1342 mise·

104 1357 205 1419 reuda.
246 1357 294 1434 uui
314 1366 407 1418 tamen
424 1359 524 1418 libello
542 1375 625 1419 manu
643 1357 761 1420 Libonis
778 1363 938 1423 nominibus
954 1363 1110 1426 (laesarum

106 1453 153 1504 aut
173 1451 342 1503 senatorum
365 1442 474 1503 additas
495 1449 612 1502 atroces
630 1443 678 1503 rel
699 1444 831 1505 occultas
854 1455 940 1506 notas
956 1441 1144 1511 accusatorri

107 1527 259 1605 arguebat.
289 1535 414 1604 negante
428 1541 480 1586 reo
495 1525 709 1604 adgnoscentes
724 1543 828 1588 servos
844 1543 898 1607 par
912 1538 1054 1593 tormenta
1069 1534 1110 1592 iu·

105 1609 252 1688 terrogari
276 1609 392 1689 placuit.
428 1618 457 1670 et
476 1611 540 1690 quia
564 1617 665 1671 vetere
686 1620 802 1672 senatum
823 1613 956 1674 consulto
978 1617 1110 1694 quaestio

104 1698 132 1755 in
149 1704 238 1774 capnt
252 1691 358 1754 domini
372 1693 596 1773 prohibebatur,
621 1694 742 1755 callidus
756 1705 786 1756 et
800 1697 868 1756 noni
882 1698 953 1758 iuris
974 1709 1110 1777 reperior

103 1777 240 1839 liberius
261 1779 419 1857 mancipari
436 1776 681 1855 singulos'aotori
695 1778 813 1858 publico
828 1781 924 1858 iubet,
947 1783 1059 1843 scilicet
1080 1793 1109 1843 ut

103 1863 132 1922 iu
153 1861 293 1924 Libonem
320 1881 359 1922 ex
388 1863 481 1922 sertis
507 1861 589 1923 salvo
613 1864 884 1924 senatusconsulto
906 1875 1141 1945 quaerereturu

103 1947 143 2006 ob
173 1963 247 2026 quae
274 1951 423 2025 postorum
450 1945 526 2005 diem
552 1962 619 2006 reus
646 1948 746 2025 petivit
767 1947 939 2028 domumque
959 1950 1108 2027 digressus

103 2039 250 2091 summas
278 2045 385 2109 preces
411 2029 442 2090 Ρ.
465 2030 596 2104 Quirinio
624 2032 789 2110 propinquo
812 2051 864 2092 suo
888 2033 923 2092 ad
946 2035 1107 2113 principem

104 2113 259 2178 mandavit.

169 2197 219 2258 31.
241 2198 424 2276 Responsum
446 2205 491 2256 est
510 2207 540 2256 ut
559 2207 687 2257 seratum
711 2208 840 2276 rogaret.
881 2199 1050 2278 cingebatur
1066 2203 1107 2260 in-

103 2283 190 2344 terim
205 2279 295 2341 milite
313 2281 426 2359 domus,
443 2282 611 2360 strepebant
629 2287 719 2344 eniam
739 2281 941 2359 investibulo,
963 2293 993 2344 ut
1007 2284 1107 2360 audiri,

102 2375 134 2427 ut
154 2366 248 2445 aspici
275 2372 413 2443 possent,
437 2383 500 2424 cum
514 2365 585 2424 Libo
608 2367 680 2445 ipsis
698 2369 811 2446 quasin
827 2367 1010 2427 novissimam
1026 2366 1107 2428 ιοΙιι-Ι

104 2458 214 2530 ptatem
244 2447 412 2509 adhibuerat
436 2449 737 2531 epulisexcruciatus
756 2467 865 2510 vocare
893 2467 1107 2530 percussorem,

105 2549 246 2612 prensare
270 2545 419 2592 servorum
441 2533 573 2610 dextras,
601 2535 731 2594 inserere
751 2534 887 2611 gladium.
930 2543 1017 2613 atquc
1038 2535 1131 2612 illis,⁵

104 2617 170 2678 dum
198 2614 362 2696 trepidant,
390 2615 455 2676 dum
481 2617 642 2695 refugiunt,
672 2618 868 2682 evertentibus
888 2617 1049 2696 adpositum
1074 2619 1108 2680 io

103 2716 204 2762 mensa
223 2701 334 2778 lumen,
363 2701 503 2762 feralibus
525 2703 579 2761 iam
599 2701 654 2761 sibi
676 2701 804 2762 tenebris
826 2701 898 2762 duos
915 2705 990 2762 ictus
1009 2704 1038 2763 iu
1065 2706 1106 2762 vi·

104 2803 190 2846 scere
209 2783 334 2846 derexit.
370 2785 405 2846 ad
426 2786 561 2862 gemitum
581 2785 760 2846 conlabentis
773 2785 928 2846 adcurrere
943 2786 1056 2865 liberti,
1078 2796 1107 2846 et

106 2869 197 2931 caede
210 2871 275 2929 visa
290 2869 378 2944 miles
389 2869 508 2930 abstitit.
544 2871 691 2930 accusatio
705 2879 799 2931 tamen
813 2869 888 2949 apud
905 2879 1004 2948 patres
1022 2869 1104 2931 adse-

106 2955 255 3014 veratione
270 2953 371 3013 eadem
387 2961 522 3032 peracta,
539 2955 699 3033 iuravitque
710 2954 844 3014 Tiberias
855 2956 1008 3034 petiturum
1020 2973 1052 3014 se
1064 2956 1104 3014 vi·
1116 2973 1140 3014 ιι

106 3047 158 3098 tam
174 3039 306 3116 quamvis
319 3039 453 3114 nocenti,
474 3037 530 3096 nisi
540 3037 730 3098 voluntariam
741 3047 863 3098 mortem
876 3041 1105 3118 properavisset.

163 3121 214 3182 32.
232 3119 314 3182 Bnua
328 3121 402 3182 inter
415 3129 603 3182 accusatores
618 3121 795 3200 dividuntur,
811 3130 841 3182 et
855 3132 1009 3202 praeturae
1026 3133 1107 3182 extra

112 3205 235 3266 ordinem
264 3204 347 3266 datae
377 3207 413 3265 iis
434 3205 483 3284 qul
504 3205 644 3265 senatorii
663 3205 771 3266 ordinis
797 3215 888 3266 crant.
931 3217 998 3268 tunc
1022 3205 1106 3264 (lotia

109 3286 292 3366 liessalinus,
319 3308 357 3349 ne
378 3291 474 3366 imago
497 3287 614 3349 Libonis
635 3291 791 3368 exsequias
813 3298 997 3370 posterorum
1020 3288 1105 3346 comi-

111 3381 228 3452 taretur,
255 3375 383 3451 censuit,
409 3370 461 3432 On.
482 3372 633 3450 Lentulus,
662 3388 700 3433 ue
721 3375 784 3453 quis
805 3372 974 3434 Scribonius
994 3387 1103 3446 coguo-

111 3467 228 3535 nentnm
254 3457 340 3518 Drusi
368 3457 540 3530 adsumeret.
582 3456 824 3536 supplicationum
856 3455 919 3515 dies
955 3451 1130 3530 Pomponiic
