<?xml version="1.0" encoding="UTF-8"?>
<!DOCTYPE html PUBLIC "-//W3C//DTD XHTML 1.0 Transitional//EN"
    "http://www.w3.org/TR/xhtml1/DTD/xhtml1-transitional.dtd">
<html xmlns="http://www.w3.org/1999/xhtml" xml:lang="en" lang="en">
 <head>
  <title>
</title>
<meta http-equiv="Content-Type" content="text/html;charset=utf-8" />
  <meta name='ocr-system' content='tesseract 3.04.00' />
  <meta name='ocr-capabilities' content='ocr_page ocr_carea ocr_par ocr_line ocrx_word'/>
</head>
<body>
  <div class='ocr_page' id='page_1' title='image "./libriquisupersu02tacigoog/libriquisupersu02tacigoog_0265.png"; bbox 0 0 2570 3878; ppageno 0'>
   <div class='ocr_carea' id='block_1_1' title="bbox 170 209 1006 273">
    <p class='ocr_par' dir='ltr' id='par_1_1' title="bbox 170 209 1006 273">
     <span class='ocr_line' id='line_1_1' title="bbox 170 209 1006 273; baseline -0.006 0"><span class='ocrx_word' id='word_1_1' title='bbox 170 209 232 273; x_wconf 80' lang='lat'><strong>206</strong></span> <span class='ocrx_word' id='word_1_2' title='bbox 414 218 578 269; x_wconf 83' lang='lat' dir='ltr'><strong>counsuu</strong></span> <span class='ocrx_word' id='word_1_3' title='bbox 595 219 712 267; x_wconf 82' lang='lat' dir='ltr'><strong>uncum</strong></span> <span class='ocrx_word' id='word_1_4' title='bbox 728 219 911 268; x_wconf 71' lang='lat' dir='ltr'><strong>muncrum</strong></span> <span class='ocrx_word' id='word_1_5' title='bbox 1002 243 1006 253; x_wconf 90' lang='lat'>·</span> 
     </span>
    </p>
   </div>
   <div class='ocr_carea' id='block_1_2' title="bbox 69 375 1200 1802">
    <p class='ocr_par' dir='ltr' id='par_1_2' title="bbox 170 375 1200 708">
     <span class='ocr_line' id='line_1_2' title="bbox 233 375 1167 455; baseline -0.002 -16"><span class='ocrx_word' id='word_1_6' title='bbox 233 377 282 439; x_wconf 78' lang='lat'><strong>24.</strong></span> <span class='ocrx_word' id='word_1_7' title='bbox 305 377 417 454; x_wconf 78' lang='lat' dir='ltr'><strong>llcgum</strong></span> <span class='ocrx_word' id='word_1_8' title='bbox 439 375 468 435; x_wconf 94' lang='lat' dir='ltr'><strong>in</strong></span> <span class='ocrx_word' id='word_1_9' title='bbox 489 393 524 436; x_wconf 90' lang='lat' dir='ltr'><strong>eo</strong></span> <span class='ocrx_word' id='word_1_10' title='bbox 547 375 663 437; x_wconf 79' lang='lat' dir='ltr'><strong>ambitio</strong></span> <span class='ocrx_word' id='word_1_11' title='bbox 688 375 735 436; x_wconf 85' lang='lat' dir='ltr'><strong>vel</strong></span> <span class='ocrx_word' id='word_1_12' title='bbox 751 375 846 454; x_wconf 84' lang='lat' dir='ltr'><strong>gloria</strong></span> <span class='ocrx_word' id='word_1_13' title='bbox 862 379 944 438; x_wconf 85' lang='lat' dir='ltr'><strong>varie</strong></span> <span class='ocrx_word' id='word_1_14' title='bbox 960 377 1093 455; x_wconf 78' lang='lat' dir='ltr'><strong>vulgata:</strong></span> <span class='ocrx_word' id='word_1_15' title='bbox 1118 376 1167 439; x_wconf 91' lang='lat' dir='ltr'><strong>sed</strong></span> 
     </span>
     <span class='ocr_line' id='line_1_3' title="bbox 171 459 1167 542; baseline -0.001 -20"><span class='ocrx_word' id='word_1_16' title='bbox 171 461 278 522; x_wconf 90' lang='lat' dir='ltr'><strong>initium</strong></span> <span class='ocrx_word' id='word_1_17' title='bbox 294 459 452 538; x_wconf 87' lang='lat' dir='ltr'><strong>condendi,</strong></span> <span class='ocrx_word' id='word_1_18' title='bbox 476 468 505 520; x_wconf 90' lang='lat' dir='ltr'><strong>et</strong></span> <span class='ocrx_word' id='word_1_19' title='bbox 525 460 602 539; x_wconf 86' lang='lat' dir='ltr'><strong>quod</strong></span> <span class='ocrx_word' id='word_1_20' title='bbox 618 461 779 539; x_wconf 86' lang='lat' dir='ltr'><strong>pomerium</strong></span> <span class='ocrx_word' id='word_1_21' title='bbox 793 461 933 523; x_wconf 75' lang='lat' dir='ltr'>Romulus</span> <span class='ocrx_word' id='word_1_22' title='bbox 948 463 1094 542; x_wconf 77' lang='lat' dir='ltr'>posuerit,</span> <span class='ocrx_word' id='word_1_23' title='bbox 1119 479 1167 522; x_wconf 89' lang='lat' dir='ltr'><strong>no·</strong></span> 
     </span>
     <span class='ocr_line' id='line_1_4' title="bbox 170 543 1169 624; baseline -0.003 -17"><span class='ocrx_word' id='word_1_24' title='bbox 170 565 255 608; x_wconf 88' lang='lat' dir='ltr'><strong>scere</strong></span> <span class='ocrx_word' id='word_1_25' title='bbox 270 544 345 605; x_wconf 88' lang='lat' dir='ltr'><strong>haud</strong></span> <span class='ocrx_word' id='word_1_26' title='bbox 360 543 513 605; x_wconf 87' lang='lat' dir='ltr'><strong>absurdum</strong></span> <span class='ocrx_word' id='word_1_27' title='bbox 528 562 605 604; x_wconf 89' lang='lat' dir='ltr'><strong>reor.</strong></span> <span class='ocrx_word' id='word_1_28' title='bbox 635 547 723 622; x_wconf 82' lang='lat' dir='ltr'><strong>igitur</strong></span> <span class='ocrx_word' id='word_1_29' title='bbox 738 563 754 606; x_wconf 91' lang='lat' dir='ltr'><strong>a</strong></span> <span class='ocrx_word' id='word_1_30' title='bbox 769 546 836 607; x_wconf 86' lang='lat' dir='ltr'><strong>loro</strong></span> <span class='ocrx_word' id='word_1_31' title='bbox 852 544 971 624; x_wconf 88' lang='lat' dir='ltr'><strong>boario,</strong></span> <span class='ocrx_word' id='word_1_32' title='bbox 990 546 1038 607; x_wconf 91' lang='lat' dir='ltr'><strong>ubi</strong></span> <span class='ocrx_word' id='word_1_33' title='bbox 1055 563 1169 608; x_wconf 88' lang='lat' dir='ltr'><strong>aereum</strong></span> 
     </span>
     <span class='ocr_line' id='line_1_5' title="bbox 171 628 1200 708; baseline -0.004 -16"><span class='ocrx_word' id='word_1_34' title='bbox 171 631 243 692; x_wconf 90' lang='lat' dir='ltr'><strong>tauri</strong></span> <span class='ocrx_word' id='word_1_35' title='bbox 259 629 439 689; x_wconf 82' lang='lat' dir='ltr'><strong>simulacrum</strong></span> <span class='ocrx_word' id='word_1_36' title='bbox 457 629 626 706; x_wconf 78' lang='lat' dir='ltr'><strong>aspicimus,</strong></span> <span class='ocrx_word' id='word_1_37' title='bbox 649 629 715 708; x_wconf 87' lang='lat' dir='ltr'><strong>quia</strong></span> <span class='ocrx_word' id='word_1_38' title='bbox 730 628 758 690; x_wconf 92' lang='lat' dir='ltr'><strong>id</strong></span> <span class='ocrx_word' id='word_1_39' title='bbox 782 647 875 708; x_wconf 69' lang='lat' dir='ltr'><strong>genus</strong></span> <span class='ocrx_word' id='word_1_40' title='bbox 897 630 1057 693; x_wconf 85' lang='lat' dir='ltr'><strong>animaliulh</strong></span> <span class='ocrx_word' id='word_1_41' title='bbox 1075 641 1169 691; x_wconf 88' lang='lat' dir='ltr'><strong>aratro</strong></span> <span class='ocrx_word' id='word_1_42' title='bbox 1195 687 1200 696; x_wconf 79' lang='grc'><em>,</em></span> 
     </span>
    </p>

    <p class='ocr_par' dir='ltr' id='par_1_3' title="bbox 69 712 1176 1802">
     <span class='ocr_line' id='line_1_6' title="bbox 147 712 1168 794; baseline -0.005 -17"><span class='ocrx_word' id='word_1_43' title='bbox 147 714 314 792; x_wconf 68' lang='lat' dir='ltr'><strong>rsubditur,</strong></span> <span class='ocrx_word' id='word_1_44' title='bbox 332 712 431 776; x_wconf 91' lang='lat' dir='ltr'><strong>sulcus</strong></span> <span class='ocrx_word' id='word_1_45' title='bbox 448 712 616 790; x_wconf 75' lang='lat' dir='ltr'><strong>designandi</strong></span> <span class='ocrx_word' id='word_1_46' title='bbox 634 713 733 792; x_wconf 84' lang='lat' dir='ltr'><strong>oppidi</strong></span> <span class='ocrx_word' id='word_1_47' title='bbox 751 723 889 793; x_wconf 88' lang='lat' dir='ltr'><strong>coeptus,</strong></span> <span class='ocrx_word' id='word_1_48' title='bbox 906 725 937 776; x_wconf 92' lang='lat' dir='ltr'><strong>ut</strong></span> <span class='ocrx_word' id='word_1_49' title='bbox 952 733 1083 794; x_wconf 82' lang='lat' dir='ltr'><strong>maguam</strong></span> <span class='ocrx_word' id='word_1_50' title='bbox 1098 713 1168 774; x_wconf 84' lang='lat' dir='ltr'><strong>ller-</strong></span> 
     </span>
     <span class='ocr_line' id='line_1_7' title="bbox 170 796 1170 878; baseline -0.004 -18"><span class='ocrx_word' id='word_1_51' title='bbox 170 799 242 860; x_wconf 90' lang='lat' dir='ltr'><strong>culis</strong></span> <span class='ocrx_word' id='word_1_52' title='bbox 258 816 335 859; x_wconf 88' lang='lat' dir='ltr'><strong>aram</strong></span> <span class='ocrx_word' id='word_1_53' title='bbox 350 796 590 876; x_wconf 86' lang='lat' dir='ltr'><strong>amplecteretur;</strong></span> <span class='ocrx_word' id='word_1_54' title='bbox 607 796 671 859; x_wconf 90' lang='lat' dir='ltr'><strong>inde</strong></span> <span class='ocrx_word' id='word_1_55' title='bbox 687 800 775 858; x_wconf 86' lang='lat' dir='ltr'><strong>certis</strong></span> <span class='ocrx_word' id='word_1_56' title='bbox 788 799 888 877; x_wconf 90' lang='lat' dir='ltr'><strong>spatiis</strong></span> <span class='ocrx_word' id='word_1_57' title='bbox 903 800 1045 860; x_wconf 88' lang='lat' dir='ltr'><strong>interiecti</strong></span> <span class='ocrx_word' id='word_1_58' title='bbox 1057 798 1170 878; x_wconf 83' lang='lat' dir='ltr'><strong>lapides</strong></span> 
     </span>
     <span class='ocr_line' id='line_1_8' title="bbox 169 879 1171 964; baseline -0.003 -20"><span class='ocrx_word' id='word_1_59' title='bbox 169 902 223 964; x_wconf 91' lang='lat' dir='ltr'><strong>per</strong></span> <span class='ocrx_word' id='word_1_60' title='bbox 237 884 293 943; x_wconf 91' lang='lat' dir='ltr'><strong>ima</strong></span> <span class='ocrx_word' id='word_1_61' title='bbox 313 882 418 942; x_wconf 90' lang='lat' dir='ltr'><strong>montis</strong></span> <span class='ocrx_word' id='word_1_62' title='bbox 432 879 552 941; x_wconf 81' lang='lat' dir='ltr'><strong>Palatini</strong></span> <span class='ocrx_word' id='word_1_63' title='bbox 570 881 604 941; x_wconf 89' lang='lat' dir='ltr'><strong>ad</strong></span> <span class='ocrx_word' id='word_1_64' title='bbox 624 899 701 942; x_wconf 89' lang='lat' dir='ltr'><strong>aram</strong></span> <span class='ocrx_word' id='word_1_65' title='bbox 719 880 823 960; x_wconf 81' lang='lat' dir='ltr'><strong>Consi,</strong></span> <span class='ocrx_word' id='word_1_66' title='bbox 846 900 914 945; x_wconf 86' lang='lat' dir='ltr'><strong>mox</strong></span> <span class='ocrx_word' id='word_1_67' title='bbox 932 885 1025 944; x_wconf 89' lang='lat' dir='ltr'><strong>curias</strong></span> <span class='ocrx_word' id='word_1_68' title='bbox 1040 892 1171 958; x_wconf 86' lang='lat' dir='ltr'><strong>veteres,</strong></span> 
     </span>
     <span class='ocr_line' id='line_1_9' title="bbox 177 965 1165 1045; baseline -0.002 -17"><span class='ocrx_word' id='word_1_69' title='bbox 177 981 234 1030; x_wconf 87' lang='lat' dir='ltr'><strong>tum</strong></span> <span class='ocrx_word' id='word_1_70' title='bbox 243 970 278 1028; x_wconf 92' lang='lat' dir='ltr'><strong>ad</strong></span> <span class='ocrx_word' id='word_1_71' title='bbox 287 968 426 1029; x_wconf 86' lang='lat' dir='ltr'><strong>sacellum</strong></span> <span class='ocrx_word' id='word_1_72' title='bbox 435 965 548 1041; x_wconf 87' lang='lat' dir='ltr'><strong>Larum,</strong></span> <span class='ocrx_word' id='word_1_73' title='bbox 558 965 725 1026; x_wconf 91' lang='lat' dir='ltr'><strong>indeicrum</strong></span> <span class='ocrx_word' id='word_1_74' title='bbox 732 965 902 1036; x_wconf 70' lang='lat' dir='ltr'><strong>Romanum:</strong></span> <span class='ocrx_word' id='word_1_75' title='bbox 915 967 1066 1045; x_wconf 89' lang='lat' dir='ltr'><strong>lorumque</strong></span> <span class='ocrx_word' id='word_1_76' title='bbox 1075 976 1104 1027; x_wconf 91' lang='lat' dir='ltr'><strong>et</strong></span> <span class='ocrx_word' id='word_1_77' title='bbox 1113 969 1165 1027; x_wconf 82' lang='lat' dir='ltr'><strong>Ga-</strong></span> 
     </span>
     <span class='ocr_line' id='line_1_10' title="bbox 177 1047 1163 1131; baseline -0.004 -19"><span class='ocrx_word' id='word_1_78' title='bbox 177 1053 308 1131; x_wconf 88' lang='lat' dir='ltr'><strong>pitolium</strong></span> <span class='ocrx_word' id='word_1_79' title='bbox 317 1049 538 1125; x_wconf 80' lang='lat' dir='ltr'><strong>nonullomulo,</strong></span> <span class='ocrx_word' id='word_1_80' title='bbox 552 1047 920 1110; x_wconf 75' lang='lat' dir='ltr'><strong>sedal’itc&#39;latioudditnm</strong></span> <span class='ocrx_word' id='word_1_81' title='bbox 930 1052 992 1112; x_wconf 92' lang='lat' dir='ltr'><strong>urbi</strong></span> <span class='ocrx_word' id='word_1_82' title='bbox 1001 1050 1163 1110; x_wconf 81' lang='lat' dir='ltr'><strong>credidere.</strong></span> 
     </span>
     <span class='ocr_line' id='line_1_11' title="bbox 138 1132 1166 1213; baseline -0.002 -18"><span class='ocrx_word' id='word_1_83' title='bbox 138 1162 162 1204; x_wconf 68' lang='grc' dir='ltr'><strong>ιι</strong></span> <span class='ocrx_word' id='word_1_84' title='bbox 177 1133 720 1213; x_wconf 82' lang='lat' dir='ltr'><strong>moxprolortunapcmeriumauctum.</strong></span> <span class='ocrx_word' id='word_1_85' title='bbox 737 1140 767 1194; x_wconf 89' lang='lat' dir='ltr'><strong>et</strong></span> <span class='ocrx_word' id='word_1_86' title='bbox 780 1141 919 1212; x_wconf 83' lang='lat' dir='ltr'><strong>questum</strong></span> <span class='ocrx_word' id='word_1_87' title='bbox 927 1132 1166 1195; x_wconf 77' lang='lat' dir='ltr'><strong>Claudiusterrni-</strong></span> 
     </span>
     <span class='ocr_line' id='line_1_12' title="bbox 171 1215 1160 1362; baseline -0.001 -1"><span class='ocrx_word' id='word_1_88' title='bbox 171 1215 492 1361; x_wconf 55' lang='lat' dir='ltr'><strong>Ptltt&#39;liltl</strong></span> <span class='ocrx_word' id='word_1_89' title='bbox 506 1217 671 1360; x_wconf 57' lang='lat' dir='ltr'><strong>libili</strong></span> <span class='ocrx_word' id='word_1_90' title='bbox 686 1215 1160 1362; x_wconf 55' lang='lat' dir='ltr'><strong>tilltittlfttttil“tan</strong></span> 
     </span>
     <span class='ocr_line' id='line_1_13' title="bbox 69 1319 1173 1466; baseline -0.004 -19"><span class='ocrx_word' id='word_1_91' title='bbox 69 1391 73 1398; x_wconf 92' lang='lat'>&#39;</span> <span class='ocrx_word' id='word_1_92' title='bbox 112 1355 139 1377; x_wconf 31' lang='lat' dir='ltr'><strong>‘a</strong></span> <span class='ocrx_word' id='word_1_93' title='bbox 171 1387 239 1447; x_wconf 92' lang='lat' dir='ltr'><strong>tium</strong></span> <span class='ocrx_word' id='word_1_94' title='bbox 260 1385 429 1447; x_wconf 81' lang='lat' dir='ltr'><strong>auctoritate</strong></span> <span class='ocrx_word' id='word_1_95' title='bbox 448 1381 585 1444; x_wconf 90' lang='lat' dir='ltr'><strong>Pallantis</strong></span> <span class='ocrx_word' id='word_1_96' title='bbox 602 1384 768 1462; x_wconf 80' lang='lat' dir='ltr'><strong>festinatur,</strong></span> <span class='ocrx_word' id='word_1_97' title='bbox 790 1385 839 1464; x_wconf 79' lang='lat' dir='ltr'><strong>qui</strong></span> <span class='ocrx_word' id='word_1_98' title='bbox 857 1319 1014 1446; x_wconf 55' lang='lat' dir='ltr'><strong>obsurdatos</strong></span> <span class='ocrx_word' id='word_1_99' title='bbox 1027 1385 1173 1466; x_wconf 76' lang='lat' dir='ltr'><strong>¹Agrippi·</strong></span> 
     </span>
     <span class='ocr_line' id='line_1_14' title="bbox 171 1467 1174 1548; baseline -0.005 -16"><span class='ocrx_word' id='word_1_100' title='bbox 171 1487 226 1532; x_wconf 88' lang='lat' dir='ltr'><strong>uae</strong></span> <span class='ocrx_word' id='word_1_101' title='bbox 238 1477 268 1530; x_wconf 92' lang='lat' dir='ltr'><strong>ut</strong></span> <span class='ocrx_word' id='word_1_102' title='bbox 284 1468 455 1529; x_wconf 86' lang='lat' dir='ltr'><strong>conciliator</strong></span> <span class='ocrx_word' id='word_1_103' title='bbox 465 1467 625 1546; x_wconf 77' lang='lat' dir='ltr'><strong>nuptiarum</strong></span> <span class='ocrx_word' id='word_1_104' title='bbox 643 1479 671 1528; x_wconf 88' lang='lat' dir='ltr'><strong>et</strong></span> <span class='ocrx_word' id='word_1_105' title='bbox 686 1486 753 1529; x_wconf 86' lang='lat' dir='ltr'><strong>mox</strong></span> <span class='ocrx_word' id='word_1_106' title='bbox 769 1478 869 1548; x_wconf 89' lang='lat' dir='ltr'><strong>stupro</strong></span> <span class='ocrx_word' id='word_1_107' title='bbox 885 1473 948 1530; x_wconf 90' lang='lat' dir='ltr'><strong>eius</strong></span> <span class='ocrx_word' id='word_1_108' title='bbox 964 1469 1110 1548; x_wconf 77' lang='lat' dir='ltr'><strong>inligatus,</strong></span> <span class='ocrx_word' id='word_1_109' title='bbox 1126 1470 1174 1528; x_wconf 87' lang='lat' dir='ltr'><strong>sti·</strong></span> 
     </span>
     <span class='ocr_line' id='line_1_15' title="bbox 171 1550 1175 1633; baseline -0.004 -19"><span class='ocrx_word' id='word_1_110' title='bbox 171 1552 296 1615; x_wconf 89' lang='lat' dir='ltr'><strong>mulabat</strong></span> <span class='ocrx_word' id='word_1_111' title='bbox 306 1550 455 1616; x_wconf 79' lang='lat' dir='ltr'><strong>Glaudium</strong></span> <span class='ocrx_word' id='word_1_112' title='bbox 467 1552 635 1614; x_wconf 87' lang='lat' dir='ltr'><strong>consuleret</strong></span> <span class='ocrx_word' id='word_1_113' title='bbox 646 1555 689 1614; x_wconf 91' lang='lat' dir='ltr'><strong>rei</strong></span> <span class='ocrx_word' id='word_1_114' title='bbox 701 1552 847 1632; x_wconf 89' lang='lat' dir='ltr'><strong>publicae,</strong></span> <span class='ocrx_word' id='word_1_115' title='bbox 857 1553 1012 1615; x_wconf 85' lang='lat' dir='ltr'><strong>Britannici</strong></span> <span class='ocrx_word' id='word_1_116' title='bbox 1023 1554 1175 1633; x_wconf 90' lang='lat' dir='ltr'><strong>pueritiam</strong></span> 
     </span>
     <span class='ocr_line' id='line_1_16' title="bbox 147 1635 1176 1716; baseline -0.004 -16"><span class='ocrx_word' id='word_1_117' title='bbox 147 1635 281 1700; x_wconf 76' lang='lat' dir='ltr'><strong>erobore</strong></span> <span class='ocrx_word' id='word_1_118' title='bbox 302 1636 506 1698; x_wconf 80' lang='lat' dir='ltr'><strong>circumdaret:</strong></span> <span class='ocrx_word' id='word_1_119' title='bbox 529 1637 572 1697; x_wconf 89' lang='lat' dir='ltr'><strong>sic</strong></span> <span class='ocrx_word' id='word_1_120' title='bbox 592 1637 668 1716; x_wconf 92' lang='lat' dir='ltr'><strong>apud</strong></span> <span class='ocrx_word' id='word_1_121' title='bbox 692 1637 788 1699; x_wconf 90' lang='lat' dir='ltr'><strong>diuum</strong></span> <span class='ocrx_word' id='word_1_122' title='bbox 804 1637 984 1716; x_wconf 80' lang='lat' dir='ltr'><strong>Augustum,</strong></span> <span class='ocrx_word' id='word_1_123' title='bbox 1006 1653 1176 1716; x_wconf 83' lang='lat' dir='ltr'><strong>quamquam</strong></span> 
     </span>
     <span class='ocr_line' id='line_1_17' title="bbox 171 1719 1175 1802; baseline -0.004 -18"><span class='ocrx_word' id='word_1_124' title='bbox 171 1721 326 1802; x_wconf 88' lang='lat' dir='ltr'><strong>nepotibus</strong></span> <span class='ocrx_word' id='word_1_125' title='bbox 342 1719 501 1798; x_wconf 86' lang='lat' dir='ltr'><strong>subnixum,</strong></span> <span class='ocrx_word' id='word_1_126' title='bbox 517 1721 648 1797; x_wconf 75' lang='lat' dir='ltr'><strong>uiguisse</strong></span> <span class='ocrx_word' id='word_1_127' title='bbox 662 1722 828 1800; x_wconf 65' lang='lat' dir='ltr'><strong>privignum</strong></span> <span class='ocrx_word' id='word_1_128' title='bbox 845 1722 991 1783; x_wconf 78' lang='lat' dir='ltr'><strong>aliberio</strong></span> <span class='ocrx_word' id='word_1_129' title='bbox 1004 1739 1092 1800; x_wconf 90' lang='lat' dir='ltr'><strong>super</strong></span> <span class='ocrx_word' id='word_1_130' title='bbox 1106 1737 1175 1800; x_wconf 90' lang='lat' dir='ltr'><strong>prc-</strong></span> 
     </span>
    </p>
   </div>
   <div class='ocr_carea' id='block_1_3' title="bbox 172 1804 1267 1888">
    <p class='ocr_par' dir='ltr' id='par_1_4' title="bbox 172 1804 1267 1888">
     <span class='ocr_line' id='line_1_18' title="bbox 172 1804 1267 1888; baseline -0.004 -22"><span class='ocrx_word' id='word_1_131' title='bbox 172 1807 262 1886; x_wconf 91' lang='lat' dir='ltr'><strong>priam</strong></span> <span class='ocrx_word' id='word_1_132' title='bbox 280 1805 399 1883; x_wconf 86' lang='lat' dir='ltr'><strong>stirpem</strong></span> <span class='ocrx_word' id='word_1_133' title='bbox 411 1804 611 1865; x_wconf 85' lang='lat' dir='ltr'><strong>Germanicum</strong></span> <span class='ocrx_word' id='word_1_134' title='bbox 623 1804 817 1884; x_wconf 82' lang='lat' dir='ltr'><strong>adsumptum:</strong></span> <span class='ocrx_word' id='word_1_135' title='bbox 833 1824 867 1867; x_wconf 91' lang='lat' dir='ltr'><strong>se</strong></span> <span class='ocrx_word' id='word_1_136' title='bbox 879 1823 995 1888; x_wconf 84' lang='lat' dir='ltr'><strong>quoque</strong></span> <span class='ocrx_word' id='word_1_137' title='bbox 1007 1807 1176 1883; x_wconf 73' lang='lat' dir='ltr'><strong>accingeret</strong></span> <span class='ocrx_word' id='word_1_138' title='bbox 1266 1833 1267 1846; x_wconf 47' lang='grc' dir='ltr'>ι</span> 
     </span>
    </p>
   </div>
   <div class='ocr_carea' id='block_1_4' title="bbox 171 1889 1177 2054">
    <p class='ocr_par' dir='ltr' id='par_1_5' title="bbox 171 1889 1177 2054">
     <span class='ocr_line' id='line_1_19' title="bbox 171 1889 1176 1968; baseline -0.002 -18"><span class='ocrx_word' id='word_1_139' title='bbox 171 1893 277 1950; x_wconf 88' lang='lat' dir='ltr'><strong>iuvene</strong></span> <span class='ocrx_word' id='word_1_140' title='bbox 290 1896 401 1967; x_wconf 92' lang='lat' dir='ltr'><strong>partem</strong></span> <span class='ocrx_word' id='word_1_141' title='bbox 418 1901 547 1949; x_wconf 88' lang='lat' dir='ltr'><strong>curarum</strong></span> <span class='ocrx_word' id='word_1_142' title='bbox 564 1891 755 1968; x_wconf 89' lang='lat' dir='ltr'><strong>capessituro.</strong></span> <span class='ocrx_word' id='word_1_143' title='bbox 791 1890 835 1951; x_wconf 88' lang='lat' dir='ltr'><strong>bis</strong></span> <span class='ocrx_word' id='word_1_144' title='bbox 854 1892 964 1960; x_wconf 88' lang='lat' dir='ltr'><strong>evictus</strong></span> <span class='ocrx_word' id='word_1_145' title='bbox 985 1889 1100 1950; x_wconf 92' lang='lat' dir='ltr'><strong>biennio</strong></span> <span class='ocrx_word' id='word_1_146' title='bbox 1119 1907 1176 1948; x_wconf 90' lang='lat' dir='ltr'><strong>ma-</strong></span> 
     </span>
     <span class='ocr_line' id='line_1_20' title="bbox 172 1971 1177 2054; baseline -0.003 -21"><span class='ocrx_word' id='word_1_147' title='bbox 172 1977 263 2035; x_wconf 90' lang='lat' dir='ltr'><strong>iorem</strong></span> <span class='ocrx_word' id='word_1_148' title='bbox 287 1981 353 2033; x_wconf 94' lang='lat' dir='ltr'><strong>natu</strong></span> <span class='ocrx_word' id='word_1_149' title='bbox 374 1972 528 2034; x_wconf 87' lang='lat' dir='ltr'><strong>Domitium</strong></span> <span class='ocrx_word' id='word_1_150' title='bbox 550 1971 800 2052; x_wconf 83' lang='lat' dir='ltr'><strong>lilicanteponit,</strong></span> <span class='ocrx_word' id='word_1_151' title='bbox 828 1974 925 2036; x_wconf 89' lang='lat' dir='ltr'><strong>habita</strong></span> <span class='ocrx_word' id='word_1_152' title='bbox 950 1972 1025 2054; x_wconf 89' lang='lat' dir='ltr'><strong>apud</strong></span> <span class='ocrx_word' id='word_1_153' title='bbox 1047 1982 1177 2034; x_wconf 88' lang='lat' dir='ltr'><strong>senatum</strong></span> 
     </span>
    </p>
   </div>
   <div class='ocr_carea' id='block_1_5' title="bbox 140 2057 1266 2138">
    <p class='ocr_par' dir='ltr' id='par_1_6' title="bbox 140 2057 1266 2138">
     <span class='ocr_line' id='line_1_21' title="bbox 140 2057 1266 2138; baseline -0.004 -15"><span class='ocrx_word' id='word_1_154' title='bbox 140 2081 163 2122; x_wconf 85' lang='grc' dir='ltr'><strong>ιι</strong></span> <span class='ocrx_word' id='word_1_155' title='bbox 173 2059 306 2118; x_wconf 87' lang='lat' dir='ltr'><strong>oratione</strong></span> <span class='ocrx_word' id='word_1_156' title='bbox 320 2057 442 2118; x_wconf 87' lang='lat' dir='ltr'><strong>eundem</strong></span> <span class='ocrx_word' id='word_1_157' title='bbox 457 2057 486 2116; x_wconf 92' lang='lat' dir='ltr'><strong>in</strong></span> <span class='ocrx_word' id='word_1_158' title='bbox 502 2074 587 2136; x_wconf 84' lang='lat' dir='ltr'><strong>quem</strong></span> <span class='ocrx_word' id='word_1_159' title='bbox 607 2075 623 2118; x_wconf 91' lang='lat' dir='ltr'><strong>a</strong></span> <span class='ocrx_word' id='word_1_160' title='bbox 638 2057 744 2120; x_wconf 90' lang='lat' dir='ltr'><strong>liberto</strong></span> <span class='ocrx_word' id='word_1_161' title='bbox 759 2068 917 2138; x_wconf 84' lang='lat' dir='ltr'><strong>acceperat</strong></span> <span class='ocrx_word' id='word_1_162' title='bbox 930 2057 1054 2119; x_wconf 90' lang='lat' dir='ltr'><strong>modom.</strong></span> <span class='ocrx_word' id='word_1_163' title='bbox 1088 2057 1177 2117; x_wconf 86' lang='lat' dir='ltr'><strong>adno-</strong></span> <span class='ocrx_word' id='word_1_164' title='bbox 1265 2085 1266 2118; x_wconf 72' lang='lat' dir='ltr'><strong>i</strong></span> 
     </span>
    </p>
   </div>
   <div class='ocr_carea' id='block_1_6' title="bbox 172 2139 1265 2643">
    <p class='ocr_par' dir='ltr' id='par_1_7' title="bbox 172 2139 1265 2643">
     <span class='ocr_line' id='line_1_22' title="bbox 173 2139 1177 2222; baseline -0.002 -20"><span class='ocrx_word' id='word_1_165' title='bbox 173 2141 270 2203; x_wconf 88' lang='lat' dir='ltr'><strong>tabant</strong></span> <span class='ocrx_word' id='word_1_166' title='bbox 285 2141 371 2221; x_wconf 90' lang='lat' dir='ltr'><strong>periti</strong></span> <span class='ocrx_word' id='word_1_167' title='bbox 392 2140 498 2202; x_wconf 86' lang='lat' dir='ltr'><strong>nullam</strong></span> <span class='ocrx_word' id='word_1_168' title='bbox 513 2141 635 2204; x_wconf 88' lang='lat' dir='ltr'><strong>antebac</strong></span> <span class='ocrx_word' id='word_1_169' title='bbox 648 2141 835 2222; x_wconf 86' lang='lat' dir='ltr'><strong>adoptionem</strong></span> <span class='ocrx_word' id='word_1_170' title='bbox 851 2145 926 2204; x_wconf 91' lang='lat' dir='ltr'><strong>inter</strong></span> <span class='ocrx_word' id='word_1_171' title='bbox 942 2143 1079 2222; x_wconf 87' lang='lat' dir='ltr'><strong>patricios</strong></span> <span class='ocrx_word' id='word_1_172' title='bbox 1093 2139 1177 2202; x_wconf 85' lang='lat' dir='ltr'><strong>Glau-</strong></span> 
     </span>
     <span class='ocr_line' id='line_1_23' title="bbox 174 2224 1136 2306; baseline -0.001 -20"><span class='ocrx_word' id='word_1_173' title='bbox 174 2227 237 2287; x_wconf 86' lang='lat' dir='ltr'><strong>‹iics</strong></span> <span class='ocrx_word' id='word_1_174' title='bbox 251 2227 393 2306; x_wconf 91' lang='lat' dir='ltr'><strong>reperiri,</strong></span> <span class='ocrx_word' id='word_1_175' title='bbox 413 2243 525 2305; x_wconf 83' lang='lat' dir='ltr'><strong>eosque</strong></span> <span class='ocrx_word' id='word_1_176' title='bbox 541 2224 577 2287; x_wconf 91' lang='lat' dir='ltr'><strong>ab</strong></span> <span class='ocrx_word' id='word_1_177' title='bbox 594 2225 663 2286; x_wconf 86' lang='lat' dir='ltr'><strong>litto</strong></span> <span class='ocrx_word' id='word_1_178' title='bbox 679 2226 788 2288; x_wconf 80' lang='lat' dir='ltr'><strong>Clauso</strong></span> <span class='ocrx_word' id='word_1_179' title='bbox 807 2229 960 2288; x_wconf 91' lang='lat' dir='ltr'><strong>continuos</strong></span> <span class='ocrx_word' id='word_1_180' title='bbox 975 2225 1136 2288; x_wconf 83' lang='lat' dir='ltr'><strong>duravisse.</strong></span> 
     </span>
     <span class='ocr_line' id='line_1_24' title="bbox 235 2309 1177 2391; baseline -0.002 -21"><span class='ocrx_word' id='word_1_181' title='bbox 235 2310 287 2374; x_wconf 80' lang='lat'><strong>26.</strong></span> <span class='ocrx_word' id='word_1_182' title='bbox 312 2309 448 2372; x_wconf 84' lang='lat' dir='ltr'><strong>Ceterum</strong></span> <span class='ocrx_word' id='word_1_183' title='bbox 464 2319 547 2370; x_wconf 88' lang='lat' dir='ltr'><strong>actae</strong></span> <span class='ocrx_word' id='word_1_184' title='bbox 563 2311 686 2391; x_wconf 85' lang='lat' dir='ltr'><strong>principi</strong></span> <span class='ocrx_word' id='word_1_185' title='bbox 703 2321 818 2389; x_wconf 75' lang='lat' dir='ltr'><strong>grates,</strong></span> <span class='ocrx_word' id='word_1_186' title='bbox 842 2312 1018 2390; x_wconf 83' lang='lat' dir='ltr'><strong>quaesitiore</strong></span> <span class='ocrx_word' id='word_1_187' title='bbox 1036 2311 1065 2370; x_wconf 91' lang='lat' dir='ltr'><strong>in</strong></span> <span class='ocrx_word' id='word_1_188' title='bbox 1079 2309 1177 2370; x_wconf 86' lang='lat' dir='ltr'><strong>Domi·</strong></span> 
     </span>
     <span class='ocr_line' id='line_1_25' title="bbox 172 2393 1180 2475; baseline -0.004 -19"><span class='ocrx_word' id='word_1_189' title='bbox 172 2398 240 2456; x_wconf 90' lang='lat' dir='ltr'><strong>tium</strong></span> <span class='ocrx_word' id='word_1_190' title='bbox 257 2394 435 2463; x_wconf 72' lang='lat' dir='ltr'><strong>adulatione:</strong></span> <span class='ocrx_word' id='word_1_191' title='bbox 460 2403 622 2474; x_wconf 77' lang='lat' dir='ltr'><strong>rogataque</strong></span> <span class='ocrx_word' id='word_1_192' title='bbox 642 2395 692 2455; x_wconf 86' lang='lat' dir='ltr'><strong>lert</strong></span> <span class='ocrx_word' id='word_1_193' title='bbox 708 2393 764 2475; x_wconf 81' lang='lat' dir='ltr'><strong>qua</strong></span> <span class='ocrx_word' id='word_1_194' title='bbox 785 2398 813 2455; x_wconf 92' lang='lat' dir='ltr'><strong>in</strong></span> <span class='ocrx_word' id='word_1_195' title='bbox 834 2396 969 2457; x_wconf 80' lang='lat' dir='ltr'><strong>familiam</strong></span> <span class='ocrx_word' id='word_1_196' title='bbox 985 2393 1134 2456; x_wconf 73' lang='lat' dir='ltr'><strong>Claudiam</strong></span> <span class='ocrx_word' id='word_1_197' title='bbox 1150 2400 1180 2452; x_wconf 88' lang='lat' dir='ltr'><strong>et</strong></span> 
     </span>
     <span class='ocr_line' id='line_1_26' title="bbox 172 2477 1265 2559; baseline -0.004 -19"><span class='ocrx_word' id='word_1_198' title='bbox 172 2497 278 2540; x_wconf 89' lang='lat' dir='ltr'><strong>numen</strong></span> <span class='ocrx_word' id='word_1_199' title='bbox 292 2477 418 2538; x_wconf 89' lang='lat' dir='ltr'><strong>Neronis</strong></span> <span class='ocrx_word' id='word_1_200' title='bbox 440 2480 584 2539; x_wconf 86' lang='lat' dir='ltr'><strong>transiret.</strong></span> <span class='ocrx_word' id='word_1_201' title='bbox 619 2488 741 2557; x_wconf 74' lang='lat' dir='ltr'><strong>augetur</strong></span> <span class='ocrx_word' id='word_1_202' title='bbox 758 2489 787 2540; x_wconf 90' lang='lat' dir='ltr'><strong>et</strong></span> <span class='ocrx_word' id='word_1_203' title='bbox 802 2479 966 2559; x_wconf 76' lang='lat' dir='ltr'><strong>Agrippina</strong></span> <span class='ocrx_word' id='word_1_204' title='bbox 982 2485 1179 2556; x_wconf 77' lang='lat' dir='ltr'><strong>cognomento</strong></span> <span class='ocrx_word' id='word_1_205' title='bbox 1264 2495 1265 2524; x_wconf 82' lang='lat'>1</span> 
     </span>
     <span class='ocr_line' id='line_1_27' title="bbox 173 2558 1180 2643; baseline -0.004 -19"><span class='ocrx_word' id='word_1_206' title='bbox 173 2558 332 2641; x_wconf 76' lang='lat' dir='ltr'><strong>Augustae.</strong></span> <span class='ocrx_word' id='word_1_207' title='bbox 371 2561 475 2640; x_wconf 90' lang='lat' dir='ltr'><strong>quibus</strong></span> <span class='ocrx_word' id='word_1_208' title='bbox 497 2564 619 2640; x_wconf 89' lang='lat' dir='ltr'><strong>patratis</strong></span> <span class='ocrx_word' id='word_1_209' title='bbox 635 2580 720 2625; x_wconf 90' lang='lat' dir='ltr'><strong>nemo</strong></span> <span class='ocrx_word' id='word_1_210' title='bbox 738 2564 813 2625; x_wconf 88' lang='lat' dir='ltr'><strong>adeo</strong></span> <span class='ocrx_word' id='word_1_211' title='bbox 835 2581 943 2643; x_wconf 84' lang='lat' dir='ltr'><strong>expers</strong></span> <span class='ocrx_word' id='word_1_212' title='bbox 960 2561 1180 2623; x_wconf 85' lang='lat' dir='ltr'><strong>misericordiae</strong></span> 
     </span>
    </p>
   </div>
   <div class='ocr_carea' id='block_1_7' title="bbox 147 2645 1264 2726">
    <p class='ocr_par' dir='ltr' id='par_1_8' title="bbox 147 2645 1264 2726">
     <span class='ocr_line' id='line_1_28' title="bbox 147 2645 1264 2726; baseline -0.004 -17"><span class='ocrx_word' id='word_1_213' title='bbox 147 2648 241 2724; x_wconf 87' lang='lat' dir='ltr'><strong>sluit,</strong></span> <span class='ocrx_word' id='word_1_214' title='bbox 259 2665 345 2726; x_wconf 87' lang='lat' dir='ltr'><strong>quem</strong></span> <span class='ocrx_word' id='word_1_215' title='bbox 359 2663 417 2707; x_wconf 93' lang='lat' dir='ltr'><strong>nou</strong></span> <span class='ocrx_word' id='word_1_216' title='bbox 430 2645 586 2706; x_wconf 86' lang='lat' dir='ltr'><strong>Britannici</strong></span> <span class='ocrx_word' id='word_1_217' title='bbox 602 2646 716 2708; x_wconf 91' lang='lat' dir='ltr'><strong>iortuna</strong></span> <span class='ocrx_word' id='word_1_218' title='bbox 731 2666 865 2709; x_wconf 90' lang='lat' dir='ltr'><strong>maerore</strong></span> <span class='ocrx_word' id='word_1_219' title='bbox 881 2648 1030 2708; x_wconf 89' lang='lat' dir='ltr'><strong>adiiceret.</strong></span> <span class='ocrx_word' id='word_1_220' title='bbox 1064 2645 1179 2707; x_wconf 88' lang='lat' dir='ltr'><strong>desola-</strong></span> <span class='ocrx_word' id='word_1_221' title='bbox 1263 2703 1264 2716; x_wconf 64' lang='grc'>,</span> 
     </span>
    </p>
   </div>
   <div class='ocr_carea' id='block_1_8' title="bbox 80 2725 1264 3566">
    <p class='ocr_par' dir='ltr' id='par_1_9' title="bbox 80 2725 1264 3566">
     <span class='ocr_line' id='line_1_29' title="bbox 172 2725 1264 2810; baseline -0.004 -18"><span class='ocrx_word' id='word_1_222' title='bbox 172 2741 217 2792; x_wconf 89' lang='lat' dir='ltr'><strong>tus</strong></span> <span class='ocrx_word' id='word_1_223' title='bbox 236 2730 370 2810; x_wconf 87' lang='lat' dir='ltr'><strong>paulatim</strong></span> <span class='ocrx_word' id='word_1_224' title='bbox 388 2732 473 2790; x_wconf 89' lang='lat' dir='ltr'><strong>etiam</strong></span> <span class='ocrx_word' id='word_1_225' title='bbox 496 2729 652 2790; x_wconf 88' lang='lat' dir='ltr'><strong>seruilibus</strong></span> <span class='ocrx_word' id='word_1_226' title='bbox 661 2731 827 2790; x_wconf 88' lang='lat' dir='ltr'><strong>ministeriis</strong></span> <span class='ocrx_word' id='word_1_227' title='bbox 835 2728 1120 2809; x_wconf 88' lang='lat' dir='ltr'><strong>pueriutempestiva</strong></span> <span class='ocrx_word' id='word_1_228' title='bbox 1128 2746 1178 2788; x_wconf 90' lang='lat' dir='ltr'><strong>nc·</strong></span> <span class='ocrx_word' id='word_1_229' title='bbox 1263 2725 1264 2734; x_wconf 75' lang='grc'>’</span> 
     </span>
     <span class='ocr_line' id='line_1_30' title="bbox 172 2813 1181 2894; baseline -0.003 -19"><span class='ocrx_word' id='word_1_230' title='bbox 172 2833 280 2877; x_wconf 88' lang='lat' dir='ltr'><strong>vercae</strong></span> <span class='ocrx_word' id='word_1_231' title='bbox 296 2815 394 2876; x_wconf 88' lang='lat' dir='ltr'><strong>oiiicia</strong></span> <span class='ocrx_word' id='word_1_232' title='bbox 408 2815 437 2875; x_wconf 90' lang='lat' dir='ltr'><strong>in</strong></span> <span class='ocrx_word' id='word_1_233' title='bbox 452 2813 603 2874; x_wconf 90' lang='lat' dir='ltr'><strong>ludibrium</strong></span> <span class='ocrx_word' id='word_1_234' title='bbox 617 2816 767 2894; x_wconf 85' lang='lat' dir='ltr'><strong>uertebat,</strong></span> <span class='ocrx_word' id='word_1_235' title='bbox 782 2815 959 2893; x_wconf 75' lang='lat' dir='ltr'><strong>intellegens</strong></span> <span class='ocrx_word' id='word_1_236' title='bbox 974 2815 1051 2875; x_wconf 88' lang='lat' dir='ltr'><strong>ialsi.</strong></span> <span class='ocrx_word' id='word_1_237' title='bbox 1084 2831 1181 2892; x_wconf 89' lang='lat' dir='ltr'><strong>neque</strong></span> 
     </span>
     <span class='ocr_line' id='line_1_31' title="bbox 173 2897 1263 2978; baseline -0.005 -19"><span class='ocrx_word' id='word_1_238' title='bbox 173 2900 248 2960; x_wconf 89' lang='lat' dir='ltr'><strong>enim</strong></span> <span class='ocrx_word' id='word_1_239' title='bbox 262 2915 384 2977; x_wconf 74' lang='lat' dir='ltr'><strong>segnem</strong></span> <span class='ocrx_word' id='word_1_240' title='bbox 401 2899 427 2958; x_wconf 83' lang='lat' dir='ltr'><strong>ei</strong></span> <span class='ocrx_word' id='word_1_241' title='bbox 443 2897 534 2958; x_wconf 87' lang='lat' dir='ltr'><strong>luisse</strong></span> <span class='ocrx_word' id='word_1_242' title='bbox 549 2897 676 2958; x_wconf 84' lang='lat' dir='ltr'><strong>indolem</strong></span> <span class='ocrx_word' id='word_1_243' title='bbox 690 2899 801 2978; x_wconf 88' lang='lat' dir='ltr'><strong>ierunt,</strong></span> <span class='ocrx_word' id='word_1_244' title='bbox 824 2900 886 2960; x_wconf 87' lang='lat' dir='ltr'><strong>sive</strong></span> <span class='ocrx_word' id='word_1_245' title='bbox 901 2917 1017 2976; x_wconf 86' lang='lat' dir='ltr'><strong>uerum,</strong></span> <span class='ocrx_word' id='word_1_246' title='bbox 1037 2913 1089 2957; x_wconf 89' lang='lat' dir='ltr'><strong>seu</strong></span> <span class='ocrx_word' id='word_1_247' title='bbox 1103 2898 1181 2976; x_wconf 89' lang='lat' dir='ltr'><strong>peri·</strong></span> <span class='ocrx_word' id='word_1_248' title='bbox 1262 2963 1263 2966; x_wconf 8' lang='grc' dir='ltr'><strong>Ἴ</strong></span> 
     </span>
     <span class='ocr_line' id='line_1_32' title="bbox 174 2981 1035 3062; baseline -0.002 -19"><span class='ocrx_word' id='word_1_249' title='bbox 174 2983 247 3044; x_wconf 87' lang='lat' dir='ltr'><strong>culis</strong></span> <span class='ocrx_word' id='word_1_250' title='bbox 264 2981 479 3042; x_wconf 88' lang='lat' dir='ltr'><strong>commendatus</strong></span> <span class='ocrx_word' id='word_1_251' title='bbox 493 2981 609 3042; x_wconf 86' lang='lat' dir='ltr'><strong>retinuit</strong></span> <span class='ocrx_word' id='word_1_252' title='bbox 622 2983 727 3044; x_wconf 85' lang='lat' dir='ltr'><strong>lamam</strong></span> <span class='ocrx_word' id='word_1_253' title='bbox 745 2985 808 3044; x_wconf 91' lang='lat' dir='ltr'><strong>sine</strong></span> <span class='ocrx_word' id='word_1_254' title='bbox 823 2983 1035 3062; x_wconf 85' lang='lat' dir='ltr'><strong>experimento.</strong></span> 
     </span>
     <span class='ocr_line' id='line_1_33' title="bbox 235 3065 1180 3148; baseline -0.006 -21"><span class='ocrx_word' id='word_1_255' title='bbox 235 3065 285 3127; x_wconf 80' lang='lat'><strong>27.</strong></span> <span class='ocrx_word' id='word_1_256' title='bbox 309 3067 367 3127; x_wconf 86' lang='lat' dir='ltr'><strong>Sed</strong></span> <span class='ocrx_word' id='word_1_257' title='bbox 383 3065 546 3144; x_wconf 75' lang='lat' dir='ltr'><strong>Agrippina</strong></span> <span class='ocrx_word' id='word_1_258' title='bbox 565 3082 622 3144; x_wconf 82' lang='lat' dir='ltr'><strong>quo</strong></span> <span class='ocrx_word' id='word_1_259' title='bbox 636 3069 693 3125; x_wconf 85' lang='lat' dir='ltr'><strong>uim</strong></span> <span class='ocrx_word' id='word_1_260' title='bbox 718 3085 797 3128; x_wconf 88' lang='lat' dir='ltr'><strong>suam</strong></span> <span class='ocrx_word' id='word_1_261' title='bbox 816 3068 904 3129; x_wconf 88' lang='lat' dir='ltr'><strong>suciis</strong></span> <span class='ocrx_word' id='word_1_262' title='bbox 927 3083 1045 3148; x_wconf 84' lang='lat' dir='ltr'><strong>quoque</strong></span> <span class='ocrx_word' id='word_1_263' title='bbox 1060 3065 1180 3124; x_wconf 85' lang='lat' dir='ltr'><strong>nationi-</strong></span> 
     </span>
     <span class='ocr_line' id='line_1_34' title="bbox 80 3145 1181 3231; baseline -0.005 -20"><span class='ocrx_word' id='word_1_264' title='bbox 80 3145 85 3154; x_wconf 82' lang='lat'>&#39;</span> <span class='ocrx_word' id='word_1_265' title='bbox 173 3152 227 3211; x_wconf 90' lang='lat' dir='ltr'><strong>bus</strong></span> <span class='ocrx_word' id='word_1_266' title='bbox 246 3159 420 3226; x_wconf 88' lang='lat' dir='ltr'><strong>ostentaret,</strong></span> <span class='ocrx_word' id='word_1_267' title='bbox 437 3149 466 3209; x_wconf 92' lang='lat' dir='ltr'><strong>iu</strong></span> <span class='ocrx_word' id='word_1_268' title='bbox 481 3150 616 3228; x_wconf 91' lang='lat' dir='ltr'><strong>oppidum</strong></span> <span class='ocrx_word' id='word_1_269' title='bbox 631 3149 790 3229; x_wconf 86' lang='lat' dir='ltr'><strong>Ubiorum,</strong></span> <span class='ocrx_word' id='word_1_270' title='bbox 806 3152 834 3210; x_wconf 91' lang='lat' dir='ltr'><strong>in</strong></span> <span class='ocrx_word' id='word_1_271' title='bbox 849 3168 907 3231; x_wconf 85' lang='lat' dir='ltr'><strong>quo</strong></span> <span class='ocrx_word' id='word_1_272' title='bbox 922 3151 1020 3229; x_wconf 74' lang='lat' dir='ltr'><strong>genita</strong></span> <span class='ocrx_word' id='word_1_273' title='bbox 1035 3157 1115 3224; x_wconf 91' lang='lat' dir='ltr'><strong>erat,</strong></span> <span class='ocrx_word' id='word_1_274' title='bbox 1130 3165 1181 3207; x_wconf 85' lang='lat' dir='ltr'><strong>ve·</strong></span> 
     </span>
     <span class='ocr_line' id='line_1_35' title="bbox 172 3232 1262 3314; baseline -0.006 -18"><span class='ocrx_word' id='word_1_275' title='bbox 172 3245 292 3297; x_wconf 77' lang='lat' dir='ltr'><strong>tetanos</strong></span> <span class='ocrx_word' id='word_1_276' title='bbox 315 3234 517 3312; x_wconf 85' lang='lat' dir='ltr'><strong>coloniamque</strong></span> <span class='ocrx_word' id='word_1_277' title='bbox 541 3232 644 3295; x_wconf 87' lang='lat' dir='ltr'><strong>deduci</strong></span> <span class='ocrx_word' id='word_1_278' title='bbox 663 3235 811 3314; x_wconf 88' lang='lat' dir='ltr'><strong>impetrat,</strong></span> <span class='ocrx_word' id='word_1_279' title='bbox 833 3237 878 3296; x_wconf 92' lang='lat' dir='ltr'><strong>cni</strong></span> <span class='ocrx_word' id='word_1_280' title='bbox 898 3252 1003 3296; x_wconf 89' lang='lat' dir='ltr'><strong>nomen</strong></span> <span class='ocrx_word' id='word_1_281' title='bbox 1025 3232 1143 3293; x_wconf 88' lang='lat' dir='ltr'><strong>inditum</strong></span> <span class='ocrx_word' id='word_1_282' title='bbox 1166 3250 1183 3290; x_wconf 91' lang='lat' dir='ltr'><strong>e</strong></span> <span class='ocrx_word' id='word_1_283' title='bbox 1261 3289 1262 3304; x_wconf 18' lang='grc' dir='ltr'>ἶ</span> 
     </span>
     <span class='ocr_line' id='line_1_36' title="bbox 172 3313 1262 3397; baseline -0.004 -19"><span class='ocrx_word' id='word_1_284' title='bbox 172 3318 318 3380; x_wconf 87' lang='lat' dir='ltr'><strong>vocabolo</strong></span> <span class='ocrx_word' id='word_1_285' title='bbox 341 3319 441 3397; x_wconf 88' lang='lat' dir='ltr'><strong>ipsius.</strong></span> <span class='ocrx_word' id='word_1_286' title='bbox 482 3335 518 3378; x_wconf 84' lang='lat' dir='ltr'><strong>ac</strong></span> <span class='ocrx_word' id='word_1_287' title='bbox 539 3317 615 3378; x_wconf 89' lang='lat' dir='ltr'><strong>iorte</strong></span> <span class='ocrx_word' id='word_1_288' title='bbox 635 3317 781 3380; x_wconf 86' lang='lat' dir='ltr'><strong>acciderat</strong></span> <span class='ocrx_word' id='word_1_289' title='bbox 804 3328 833 3378; x_wconf 90' lang='lat' dir='ltr'><strong>ut</strong></span> <span class='ocrx_word' id='word_1_290' title='bbox 856 3337 919 3379; x_wconf 86' lang='lat' dir='ltr'><strong>eum</strong></span> <span class='ocrx_word' id='word_1_291' title='bbox 942 3327 1059 3396; x_wconf 76' lang='lat' dir='ltr'><strong>gentem</strong></span> <span class='ocrx_word' id='word_1_292' title='bbox 1078 3313 1182 3376; x_wconf 83' lang='lat' dir='ltr'><strong>libero</strong></span> <span class='ocrx_word' id='word_1_293' title='bbox 1261 3319 1262 3392; x_wconf 65' lang='lat'><strong>,</strong></span> 
     </span>
     <span class='ocr_line' id='line_1_37' title="bbox 154 3395 1262 3482; baseline 0.005 -24"><span class='ocrx_word' id='word_1_294' title='bbox 154 3409 386 3482; x_wconf 75' lang='lat' dir='ltr'><strong>stransgressam</strong></span> <span class='ocrx_word' id='word_1_295' title='bbox 402 3419 473 3464; x_wconf 79' lang='lat' dir='ltr'><strong>avus</strong></span> <span class='ocrx_word' id='word_1_296' title='bbox 488 3400 622 3481; x_wconf 80' lang='lat' dir='ltr'><strong>Agrippa</strong></span> <span class='ocrx_word' id='word_1_297' title='bbox 639 3403 669 3477; x_wconf 83' lang='lat' dir='ltr'><strong>in</strong></span> <span class='ocrx_word' id='word_1_298' title='bbox 686 3401 771 3463; x_wconf 90' lang='lat' dir='ltr'><strong>irdem</strong></span> <span class='ocrx_word' id='word_1_299' title='bbox 787 3404 946 3482; x_wconf 88' lang='lat' dir='ltr'><strong>acciperet.</strong></span> <span class='ocrx_word' id='word_1_300' title='bbox 1261 3395 1262 3404; x_wconf 69' lang='grc'>’</span> 
     </span>
     <span class='ocr_line' id='line_1_38' title="bbox 236 3479 1261 3566; baseline -0.001 -24"><span class='ocrx_word' id='word_1_301' title='bbox 236 3483 330 3544; x_wconf 91' lang='lat' dir='ltr'><strong>isdem</strong></span> <span class='ocrx_word' id='word_1_302' title='bbox 351 3483 529 3565; x_wconf 87' lang='lat' dir='ltr'><strong>temporibus</strong></span> <span class='ocrx_word' id='word_1_303' title='bbox 550 3485 579 3543; x_wconf 90' lang='lat' dir='ltr'><strong>in</strong></span> <span class='ocrx_word' id='word_1_304' title='bbox 602 3487 755 3565; x_wconf 84' lang='lat' dir='ltr'><strong>superiore</strong></span> <span class='ocrx_word' id='word_1_305' title='bbox 770 3486 921 3550; x_wconf 82' lang='lat' dir='ltr'><strong>Germania</strong></span> <span class='ocrx_word' id='word_1_306' title='bbox 942 3484 1112 3566; x_wconf 89' lang='lat' dir='ltr'><strong>trepidatum</strong></span> <span class='ocrx_word' id='word_1_307' title='bbox 1130 3479 1180 3542; x_wconf 86' lang='lat' dir='ltr'><strong>ad·</strong></span> <span class='ocrx_word' id='word_1_308' title='bbox 1260 3547 1261 3552; x_wconf 9' lang='grc' dir='ltr'>η</span> 
     </span>
    </p>
   </div>
   <div class='ocr_carea' id='block_1_9' title="bbox 0 0 1312 3878">
    <p class='ocr_par' dir='ltr' id='par_1_10' title="bbox 0 0 1312 3878">
     <span class='ocr_line' id='line_1_39' title="bbox 0 0 1312 3878; baseline 0 0"><span class='ocrx_word' id='word_1_309' title='bbox 0 0 1312 3878; x_wconf 95' lang='lat' dir='ltr'><strong> </strong></span> 
     </span>
    </p>
   </div>
  </div>
 </body>
</html>
