2596 3872
147 165 209 228 266
405 177 899 226 conunnnracrrrannnnuuar

121 332 256 396 abellam
279 333 438 411 proterret,
461 342 554 394 morte
576 333 736 412 prohibitus
756 341 815 410 est,
835 350 956 411 magna,
977 333 1042 394 dum
1065 333 1148 411 vixit,

147 418 311 478 severitatis
326 416 419 494 lama,
436 418 579 497 supremis
593 420 755 478 testamenti
768 416 867 479 verbis
883 417 1046 479 ambitionis
1060 417 1148 478 mani·

146 502 255 562 festus:
283 501 391 580 quippe
418 500 505 562 multa
531 504 560 563 in
586 501 734 563 Neronem
759 501 923 563 adulatione
947 501 1054 562 addidit
1081 500 1148 562 sub·

130 587 287 646 ‘lecturum
305 587 332 645 el
350 586 529 664 prouinciam
549 586 656 665 inisse,
680 587 705 647 si
728 585 844 647 biennio
864 587 999 666 proximo
1014 585 1148 646 uixisset.

146 669 199 730 sed
224 677 282 729 tum
307 669 442 730 Paulinus
469 670 624 732 Suetonius
653 669 802 732 obtinebat
825 669 995 749 britannos,
1026 670 1148 730 scientia

113 753 264 814 rumilitiae
286 763 315 814 et
334 771 449 815 rumore
462 754 590 835 populi,
618 755 665 834 qui
686 755 828 815 neminem
850 755 912 814 sine
936 753 1048 815 aemulo
1070 754 1148 830 sinit,

146 835 321 899 Corbulonis
333 847 528 916 concertator,
544 847 741 920 receptaeque
753 837 908 899 Armeniae
921 836 1010 900 decus
1022 855 1149 917 aequare

145 921 259 982 domitis
275 920 474 1000 perduellibus
491 924 621 1002 cupiens.
653 924 739 1002 igitur
754 922 868 984 blonam
884 923 1019 1000 insulam,
1042 921 1148 982 incolis

146 1004 267 1065 validam
283 1013 313 1065 et
326 1006 544 1085 receptaculum
563 1007 765 1086 perfugarum,
786 1006 906 1085 adgredi
924 1016 1021 1087 parat,
1043 1023 1147 1066 naves·

146 1107 202 1169 que
216 1088 374 1149 fabricatur
394 1089 482 1168 plano
503 1090 589 1152 alveo
606 1089 745 1152 adversus
761 1089 852 1151 breve
869 1100 898 1151 et
918 1092 1068 1151 incertum.
1104 1091 1147 1150 sic

111 1191 134 1232 ru
147 1171 252 1252 pedes;
274 1172 387 1251 equites
403 1173 477 1234 rado
494 1175 586 1235 secuti
605 1184 652 1236 aut
669 1175 787 1236 altiores
809 1175 884 1236 inter
901 1174 990 1236 undas
1008 1173 1148 1236 adnantes

145 1257 227 1336 equis
242 1257 403 1317 tramisere.
1044 1264 1047 1268 '

208 1341 260 1404 30.
282 1340 383 1402 Stabat
404 1359 459 1420 pro
481 1343 566 1404 litore
589 1343 705 1405 diversa
727 1344 822 1419 acies,
846 1342 936 1403 densa
957 1343 1042 1402 armis
1065 1343 1147 1402 uiris·

145 1443 216 1505 que,
249 1426 508 1488 intercursantibus
533 1428 661 1498 lerninis:
696 1429 724 1487 in
748 1426 862 1488 modum
889 1425 1038 1486 Furiarum
1063 1435 1146 1486 ueste

144 1508 243 1587 ferali,
263 1508 390 1571 crinibus
409 1510 532 1572 deiectis
550 1512 633 1574 iaces
649 1510 868 1591 praelerebaut3
889 1509 1075 1588 Druidaeque
1093 1511 1147 1570 cir·

145 1611 224 1668 cum,
255 1611 363 1672 preces
387 1593 464 1656 diras
489 1595 610 1658 sublatis
634 1594 670 1656 ad
692 1596 804 1657 caelum
828 1592 957 1654 manibus
984 1591 1146 1670 laudentes,

123 1677 274 1736 sauvitate
297 1686 434 1757 aspectus
457 1679 613 1759 perculere
634 1679 769 1758 militem,
796 1689 826 1740 ut
853 1679 940 1758 quasi
960 1675 1146 1738 haerentibus

144 1759 280 1818 membris
301 1760 438 1821 inmobile
462 1780 570 1842 corpus
590 1762 757 1824 vulneribus
782 1762 965 1842 praeberent.
1008 1761 1073 1821 dein
1097 1777 1146 1821 co·

144 1843 353 1902 hortationibus
378 1843 459 1904 ducis
484 1855 513 1906 et
538 1864 571 1907 se
598 1847 653 1928 ipsi
679 1845 870 1923 stimulantes,
895 1863 931 1904 ne
953 1843 1093 1904 muliebre
1117 1853 1147 1905 et

143 1925 297 1986 fanaticum
322 1945 427 2004 agmen
457 1939 666 2008 pavescerent,
697 1930 822 1991 inierunt
851 1930 934 2006 signa
957 1936 1147 2008 sternuntque

144 2009 248 2070 obvios
266 2020 296 2070 et
311 2010 371 2087 igni
387 2029 440 2073 suo
454 2013 614 2075 involvunt.
650 2013 824 2093 praesidium
846 2012 968 2093 posthac
989 2013 1146 2091 inpositum
1168 2037 1170 2042 ·

108 2106 135 2149 ru
146 2095 232 2153 victis
243 2095 394 2174 excisique
409 2095 467 2157 luci
481 2098 578 2159 saevis
592 2098 844 2177 superstitionibus
857 2095 946 2156 sacri:
964 2115 1027 2158 naun
1040 2114 1146 2158 cruore

145 2179 261 2256 captivo
280 2177 400 2240 adolere
421 2199 487 2241 arus
511 2191 540 2242 et
561 2180 707 2243 hominum
727 2181 808 2243 tibris
829 2179 983 2242 consulere
1007 2179 1079 2242 deos
1100 2180 1146 2241 ias

142 2259 297 2322 habebant.
326 2261 399 2324 haec
410 2266 508 2342 agenti
520 2264 659 2327 Suetonio
674 2268 824 2346 repentina
839 2263 965 2327 deiectio
975 2265 1144 2344 prouinciae

141 2346 293 2406 nuntiatur.

204 2427 257 2489 31.
280 2430 346 2491 llex
366 2428 519 2492 Icenorum
540 2432 729 2512 Prasutagus,
751 2433 840 2512 longa
867 2433 1015 2513 opulentia
1038 2432 1145 2510 clarus,

143 2511 299 2574 Gaesarem
321 2512 459 2576 heredem
480 2515 607 2596 duasque
629 2517 702 2578 iulias
723 2519 897 2596 scripserat,
927 2517 976 2577 tali
1001 2515 1144 2594 obsequio

140 2604 219 2656 ratus
233 2615 413 2678 regnumque
436 2608 464 2659 et
478 2599 591 2660 domurn
614 2619 692 2662 suam
714 2600 816 2680 procul
836 2594 1036 2664 iniuria'lore.
1066 2599 1145 2680 quod

143 2688 244 2740 contra
261 2683 362 2760 vertit,
385 2682 459 2743 adeo
476 2693 505 2743 nt
525 2702 647 2761 regnum
669 2703 723 2765 per
749 2686 948 2761 centuriones,
972 2685 1073 2745 domus
1090 2703 1145 2762 per

117 2781 247 2826 sservos
265 2765 344 2826 velut
367 2775 452 2846 capta
466 2777 658 2829 vastarentur.
693 2769 751 2829 iam
765 2769 885 2848 primum
903 2787 977 2830 uxor
992 2771 1054 2829 eius
1069 2767 1144 2828 Bou·

142 2847 225 2908 dicca
240 2849 412 2912 uerberibus
428 2849 543 2912 adiecta
560 2861 589 2913 et
605 2852 683 2914 liliae
698 2861 799 2931 stupro
815 2852 942 2914 violatae
959 2861 1038 2915 sunt:
1059 2869 1144 2933 prae·

143 2933 219 3010 cipni
234 2935 340 3013 quique
353 2933 523 3012 Icenorum,
545 2937 627 3015 quusi
648 2946 782 2997 cunctam
800 2938 951 3014 regionem
966 2937 1077 2998 muneri
1095 2953 1145 2996 ac·

143 3017 305 3096 cepissent,
336 3018 420 3079 avitis
441 3018 526 3080 bonis
550 3029 705 3097 exuuntur,
732 3030 761 3081 et
785 3022 940 3100 propinqui
961 3021 1042 3099 regis
1069 3021 1145 3079 inter

142 3101 285 3178 mancipia
304 3100 492 3162 habebantur.
530 3122 584 3183 qua
611 3104 783 3165 contumelia
808 3113 838 3164 et
859 3113 937 3166 metu
964 3106 1150 3183 graviorum,-

109 3199 132 3242 ιο
143 3182 257 3262 quaudo
272 3185 301 3244 in
317 3186 438 3246 iormam
455 3189 623 3264 provinciae
639 3196 805 3266 cesserant,
823 3191 937 3269 rapiunt
953 3206 1048 3265 arma,
1066 3204 1142 3250 com·

142 3267 226 3327 motis
251 3268 287 3329 ad
314 3269 534 3332 rebellationem
559 3271 783 3334 Trinobantibus
810 3283 840 3334 et
867 3274 915 3353 qui
945 3273 993 3334 alii
1017 3271 1143 3334 nondum

142 3351 263 3410 servitio
284 3351 368 3413 lracti
390 3371 538 3416 resumere
564 3355 725 3418 libertatem
748 3357 871 3419 occultis
896 3354 1143 3419 coniurationibus

143 3431 328 3513 pepigerant,
347 3438 489 3500 acerrimo
506 3441 535 3500 in
550 3449 704 3501 ueteranos
719 3441 796 3502 odio.
830 3443 938 3524 quippe
954 3443 982 3502 in
998 3440 1141 3503 coloniam
