2540 3874
391 189 496 236 oroun
511 189 547 238 u.
572 187 645 236 cas.
667 183 782 240 o-tr.
1051 177 1092 238 tn

111 348 251 407 transiere:
270 354 443 427 postremum
464 344 633 405 auxiliorum
657 361 762 422 agonen
780 344 939 424 bataviqoe
958 347 987 407 in
1010 333 1096 428 parte

110 449 153 507 ea,
174 431 234 492 dum
258 429 391 490 insultant
410 429 492 508 aquis
512 437 661 508 artemque
685 427 770 490 nandi
797 438 958 509 ostentant,
986 432 1091 494 turbati

109 525 134 574 et
148 515 251 594 quidam
266 513 357 575 bausti
372 522 445 573 sunt.
477 514 594 573 metanti
609 521 704 574 eastra
719 511 838 574 Caesari
852 512 1091 591 Angrivariorum

108 598 220 659 defectio
234 608 348 676 atergo
364 597 521 658 nuntiator:
544 599 648 660 missus
662 596 731 656 ilioo
747 598 899 658 Stertinius
914 617 978 660 oum
993 601 1091 680 equite

108 692 132 742 et
148 693 280 744 armatura
296 681 355 742 levi
370 683 437 759 igue
454 690 483 742 et
500 680 638 742 caedibus
654 680 803 760 perfidiam
816 681 892 742 ultus
907 693 962 744 est.
1100 707 1126 748 rs

160 767 186 828 9.
201 767 318 828 flumen
331 765 467 844 Visurgis
487 765 637 827 Romanos
655 763 880 845 Cherusoosque
899 767 1089 830 interfluebat.

106 851 158 911 eius
170 854 197 911 in
209 853 271 930 ripa
286 869 350 911 eum
366 851 474 911 ueteris
488 849 670 930 primoribus
677 849 821 910 Arminius
837 850 960 931 adstitit,
977 855 1089 932 quaesi·

106 945 180 1014 toque
191 953 225 996 an
236 934 346 996 Caesar
358 935 504 1011 venisset,
518 943 671 1014 postquam
683 933 787 994 adesse
796 951 969 1014 responsum
982 946 1042 1013 est,
1062 946 1091 997 ut

105 1017 192 1080 liceret
205 1037 267 1080 eom
282 1019 372 1079 fratre
389 1018 526 1096 uooloqol
542 1019 644 1080 oravit.
675 1027 737 1079 erat
752 1018 777 1077 is
791 1019 819 1078 in
834 1022 964 1080 exercitu
980 1038 1089 1099 eogno-

104 1114 184 1164 nento
194 1104 318 1181 Flavus,
333 1103 454 1180 insignis
472 1100 528 1163 ilde
541 1111 571 1162 et
584 1103 690 1164 amisso
704 1120 758 1181 per
768 1102 871 1164 volnus
883 1104 971 1165 oeulo
989 1107 1090 1184 paneis
1103 1120 1115 1157 ⁵
1135 1143 1139 1152 ·

104 1197 157 1248 ante
169 1190 245 1249 annis
260 1187 337 1248 duee
349 1187 478 1249 l'iberio.
503 1195 560 1247 tum
569 1187 711 1266 permissu
724 1187 756 1227 **
769 1204 1003 1268 progressusque
1015 1189 1090 1249 salu·

105 1281 164 1331 tatur
176 1272 209 1332 ab
224 1271 373 1340 Arminio:
389 1272 436 1352 qui
451 1273 554 1333 amotis
569 1270 773 1350 stipatoribus,
790 1279 820 1332 ut
835 1273 976 1351 sagittarii
990 1281 1090 1334 nostra

107 1373 147 1433 pro
158 1359 218 1437 ripa
232 1356 369 1436 dispositi
386 1355 579 1418 abscederent
590 1354 729 1436 postulat,
745 1364 775 1415 et
786 1365 938 1436 postquam
953 1357 1089 1435 digressi,

107 1440 161 1500 node
174 1460 207 1502 ea
219 1441 391 1502 deformitas
404 1441 463 1500 oris
474 1442 634 1518 interrogat
646 1439 773 1510 fratrem.
792 1439 844 1499 illo
857 1441 951 1501 looum
964 1451 1089 1521 etproe·

110 1521 156 1584 lion
168 1525 335 1604 referente,
352 1523 495 1603 quodnam
511 1525 670 1605 praemium
682 1525 848 1602 recepisset
860 1525 995 1604 exquirit.
1024 1523 1088 1586 Fla·
1101 1538 1125 1578 ιο
1224 1506 1229 1515 ’

105 1627 143 1668 rus
158 1620 239 1672 aneta
260 1609 581 1690 stipendio,'torqnem
603 1617 632 1668 et
654 1624 792 1667 eoronam
815 1606 929 1688 aliaque
956 1600 1090 1670 militaria

103 1691 163 1754 dona
175 1702 335 1770 memorat,
350 1693 491 1754 inridente
506 1693 635 1754 Arminio
650 1691 717 1752 vilia
733 1691 845 1751 servitii
859 1693 961 1771 pretio.

154 1779 197 1841 ro.
219 1778 307 1851 lirim
322 1777 430 1850 diversi
443 1777 605 1853 ordiuntur,
621 1775 669 1838 bio
683 1774 905 1852 magnitudinem
919 1776 1088 1854 Romanam,

99 1873 161 1940 opes
177 1861 315 1924 Caesaris
330 1868 360 1922 et
372 1862 457 1923 vietis
470 1879 578 1941 graves
591 1877 718 1940 poenas,
735 1860 763 1919 ln
778 1858 952 1942 deditionem
962 1860 1090 1922 venienti

98 1955 211 2016 paratam
234 1947 435 2017 elementiam
462 1963 557 2026 oeque
583 1945 737 2021 coniugem
759 1951 788 2002 et
809 1943 896 2004 illium
916 1945 979 2005 eius
1000 1945 1089 2006 bosti-

97 2025 152 2089 titer
170 2030 286 2092 baberi:
312 2030 362 2090 ille
382 2031 426 2091 fas
447 2032 573 2111 patriae,
594 2029 756 2090 libertatem
782 2029 902 2105 avitam,
930 2029 1089 2108 penetralis

36 2151 37 2154 =
98 2111 254 2176 Carmaniae
272 2114 363 2191 deos,
386 2123 504 2176 matrem
522 2131 641 2194 preoum
658 2115 782 2180 soniam:
808 2128 845 2172 ne
860 2114 1114 2192 propinquorums

36 2251 38 2258 .
97 2198 278 2277 etadbnium,
299 2199 424 2278 denique
447 2200 543 2277 gentis
564 2215 634 2258 snae
654 2197 789 2256 desertor
811 2204 841 2256 et
856 2196 988 2275 proditor
1004 2215 1089 2276 quam

96 2283 239 2362 inperator
259 2301 327 2344 esse
341 2282 449 2344 mallet.
477 2282 621 2365 paulatim
636 2279 702 2340 inde
718 2280 753 2340 ad
768 2280 861 2357 iurgia
880 2280 1013 2360 prolapsi
1030 2297 1088 2360 quo

95 2367 174 2428 ninus
192 2386 322 2449 pugnam
344 2375 533 2428 consererent
552 2384 590 2427 ne
607 2365 723 2426 domine
740 2363 855 2509 qoffem
869 2366 1023 2426 interieoto
1040 2383 1088 2425 oo·
1136 2431 1140 2440 ,

95 2449 271 2531 bibebantur,
291 2452 321 2512 ni
336 2451 487 2513 Stertinius
508 2450 665 2512 adonrreos
686 2448 774 2528 pleno
822 2449 884 2510 irae
906 2467 1042 2529 armaque
1060 2456 1089 2508 et

95 2551 187 2615 equum
204 2545 378 2617 poscentem
392 2535 511 2597 Flauum
526 2533 702 2597 adtinuisset.
737 2531 910 2594 cernebatur
924 2542 1024 2594 eontra
1038 2533 1088 2594 mi·
1099 2545 1123 2592 tt

94 2619 256 2682 uitabundus
280 2619 424 2681 Arminius
447 2619 647 2700 proeliumque
662 2617 848 2687 denuntians;
869 2634 932 2679 narn
947 2618 1089 2699 pleraque

95 2701 181 2766 latino
193 2711 331 2767 sermone
343 2703 559 2780 interiaolebat‚
573 2712 605 2764 ut
616 2703 664 2782 qui
674 2701 813 2763 Romanis
826 2703 855 2762 in
868 2702 971 2762 eastris
986 2700 1089 2763 duotor

95 2789 269 2869 popularium
284 2790 447 2852 meruisset.

152 2873 199 2934 ll.
217 2875 342 2935 Postero
360 2873 410 2935 die
426 2872 631 2934 Germanorum
646 2873 725 2932 eoies
740 2879 819 2932 trans
834 2871 984 2948 Visurgim
1000 2873 1087 2933 stetit.

94 2954 194 3018 Caesar
214 2959 272 3019 oisl
293 2957 429 3038 pontibus
450 2955 663 3038 praesidiisque
683 2956 817 3035 inpositis
838 2955 908 3017 dore
931 2956 959 3015 iu
985 2955 1087 3017 disori·

95 3057 148 3101 nen
172 3043 310 3120 legiones
333 3041 408 3104 band
429 3041 644 3122 imperatorium
669 3048 762 3118 ranas,
786 3040 912 3120 equitem
935 3039 1010 3101 rado
1032 3049 1087 3100 tra-

96 3124 174 3187 nittit.
201 3125 358 3205 praefuere
373 3127 524 3203 Stertinius
542 3133 571 3186 et
588 3143 605 3185 e
621 3142 741 3186 numero
756 3123 974 3206 primipilarium
992 3122 1088 3184 Aemi-

98 3205 154 3287 lus,
183 3210 354 3272 distantibus
376 3212 448 3272 locis
470 3211 591 3287 in'reoti,
620 3217 651 3269 ut
672 3208 785 3270 bostem
807 3208 987 3269 diduoerent.
1033 3223 1113 3287 quas

97 3294 256 3356 celerrimos
279 3297 383 3368 amuis,
407 3293 599 3357 Chariovalda
620 3293 677 3354 dux
691 3292 863 3354 Batavorum
885 3293 987 3370 erupit.
1024 3306 1088 3350 eum

97 3374 229 3439 Clernsei
243 3379 341 3458 fugam
356 3381 521 3441 simulantes
539 3380 568 3440 in
582 3379 729 3458 planitiem
743 3377 863 3438 saltibus
876 3373 1088 3435 oiroomieetem

96 3465 222 3524 traxere:
243 3461 309 3526 dein
324 3467 425 3542 ,ooorti
447 3463 616 3543 standique
633 3461 717 3522 effusi
734 3459 848 3522 madunt
864 3456 1022 3532 adversos,
1048 3456 1087 3513 in·
