2540 3874
151 183 210 246 118
400 193 565 242 ooanunu
583 193 700 244 uscrrn
716 195 900 244 munerun

149 354 260 415 animos
283 350 454 414 audientium
476 350 663 431 impleuerat:
687 348 723 412 ad
739 368 813 413 uana
834 358 863 412 et
878 353 986 414 totiens
1001 352 1089 416 inrisa
1106 372 1152 416 re-

148 438 274 514 volutus,
292 436 329 497 de
343 435 490 498 reddenda
502 453 535 496 re
546 435 763 517 publicatoque
780 435 917 498 eonsules
933 454 986 498 seu
1000 439 1066 517 quis
1080 439 1153 500 alins

123 523 279 602 aregimeu
293 523 495 602 susciperent,
511 537 586 580 vero
599 536 716 601 quoque
732 528 762 580 et
775 518 900 582 honesto
915 521 1002 584 iidem
1019 520 1152 602 dempsit.

147 609 303 668 memoriae
325 606 413 668 Drusi
441 604 543 667 eadem
571 623 645 684 quae
672 605 702 664 iu
723 603 923 670 Germanicum
951 605 1154 685 decernuntur,

148 691 298 772 plerisque
322 690 441 770 additis,
465 698 495 752 ut
514 689 606 751 ferme
629 698 705 751 amat
728 691 877 770 posterior
901 690 1039 753 adulatio.
1070 690 1155 752 iunus

147 777 302 854 imaginum
318 793 427 856 pompa
441 774 565 836 maxime
579 773 701 836 inlustre
715 774 777 854 tuit,
794 791 858 836 conr
873 777 959 854 origo
974 774 1066 836 iuliae
1082 793 1154 854 gen·

147 863 184 920 tis
201 861 319 924 Aeneas
335 877 495 940 omnesque
509 857 689 920 Albanorum
703 877 794 937 reges
809 867 839 920 et
854 859 988 922 eonditor
1000 859 1082 920 urbis
1095 861 1147 922 Ro«

115 944 250 1023 romulus,
268 954 335 1025 post
349 943 456 1006 Sabine
470 940 619 1023 nobilitas,
637 943 723 1004 Attus
741 941 865 1005 clausus
880 952 1057 1024 oeteraeque
1068 942 1150 1004 Gian-

149 1028 260 1090 diorurn
275 1029 392 1108 eidgies
406 1027 498 1108 longo
515 1027 616 1088 ordine
634 1035 846 1110 spectarentur.

184 1157 188 1164 ,
210 1116 257 1177 10.
284 1112 317 1175 Ιιι
339 1112 479 1174 tradenda
502 1120 596 1173 morte
611 1111 698 1174 Drusi
722 1112 943 1193 quaepiuriruis
956 1115 1152 1190 maximaeque

147 1197 215 1260 iidei
239 1197 406 1260 auotorihus
434 1205 592 1260 memorata
610 1205 685 1258 sunt
710 1196 824 1259 rettuli:
853 1205 899 1257 set
925 1212 983 1256 nou
1009 1195 1153 1280 omiserim

146 1281 304 1344 eorundem
320 1288 486 1362 temporum
496 1299 654 1361 rumorem,
669 1279 794 1342 validum
809 1280 883 1342 adeo
899 1288 930 1342 ut
943 1277 1068 1341 noudum
1083 1297 1153 1341 exo·

145 1369 248 1429 lesoat.
276 1375 412 1446 oormpta
434 1365 471 1428 ad
487 1365 586 1427 scelus
599 1365 680 1428 Liria
695 1366 831 1428 Seianum
844 1365 937 1444 Lygdi
953 1381 1071 1444 quoque
1088 1382 1153 1445 spa·

123 1451 229 1514 edonis
252 1453 374 1513 animum
398 1459 500 1532 stupro
522 1452 670 1529 vinxisse,
689 1449 767 1532 quod
787 1451 814 1511 is
835 1457 931 1512 aetate
952 1459 1041 1530 atque
1061 1450 1154 1511 forma

147 1554 232 1598 uaros
247 1534 363 1602 domiuo
380 1537 514 1616 interque
530 1537 674 1615 primores
689 1535 836 1598 ministros
851 1543 928 1606 erst;
951 1533 1058 1596 deinde
1077 1535 1154 1596 inter

147 1621 285 1684 oousoios
306 1620 354 1682 uhi
375 1620 459 1683 loeus
480 1621 614 1682 ueneficii
638 1629 809 1702 tempusque
835 1620 990 1700 oouposita
1015 1620 1089 1698 siut,
1116 1636 1153 1681 eo

145 1705 284 1768 audaoiae
304 1714 491 1785 proveetum,
513 1713 544 1765 ut
565 1713 695 1768 uerteret
718 1714 748 1766 et
767 1705 885 1766 oooulto
906 1703 1014 1764 indicio
1030 1703 1153 1765 Drusum

146 1787 251 1850 veneni
266 1789 295 1850 in
312 1798 424 1870 patrem
439 1807 566 1868 argaeus
581 1798 714 1850 moneret
725 1787 881 1867 Tiberium,
898 1787 1043 1850 vitandam
1056 1790 1151 1868 potio·

112 1890 212 1937 sonem
226 1890 300 1953 quae
315 1875 407 1953 prima
421 1873 449 1934 ei
468 1873 543 1953 apud
561 1873 650 1935 tilium
666 1872 794 1954 epulanti
809 1871 972 1935 offerretur.
1001 1890 1037 1934 ea
1051 1871 1153 1934 fraudo

147 1965 263 2037 captum
277 1974 388 2036 senem,
404 1967 559 2038 postquam
574 1957 738 2019 oonriunm
754 1958 874 2035 inierat,
892 1965 1048 2036 exeeptum
1063 1974 1152 2036 poen·

145 2043 203 2103 inm
214 2040 309 2103 Druso
321 2042 490 2112 tradidisse;
506 2051 594 2122 atque
608 2042 660 2104 illo
672 2044 775 2121 ignaro
786 2051 815 2102 et
826 2042 991 2102 iuveniliter
1003 2040 1152 2103 hauriente

145 2135 258 2190 auotam
276 2127 488 2205 suspicionem,
509 2135 653 2208 tamquam
673 2134 795 2190 metuet
816 2125 930 2207 pudore
946 2124 1062 2187 sibimet
1076 2129 1152 2187 iuro-

143 2220 230 2292 garet
243 2221 365 2274 mortem
382 2229 466 2292 quarn
484 2213 558 2292 patri
576 2221 730 2274 struxerat.

211 2299 260 2360 11.
284 2296 365 2358 idaeo
386 2297 477 2376 uolgo
501 2298 621 2377 iactata,
652 2315 741 2377 super
765 2294 795 2358 id
824 2295 903 2376 qnod
930 2294 1011 2357 nullo
1034 2305 1152 2358 auctore

145 2389 227 2442 oerto
256 2381 416 2460 firmantur,
445 2391 580 2463 prompte
603 2381 787 2444 refutaveris.
828 2381 893 2460 quis
914 2380 989 2441 enim
1013 2378 1153 2441 mediocri

143 2462 308 2545 prudentia,
318 2465 423 2527 nedum
433 2464 569 2528 Tiberius
581 2468 667 2530 tantis
678 2465 766 2527 rebus
779 2466 936 2549 exereitus,
952 2461 1077 2524 inaudito
1088 2463 1151 2525 filio

144 2549 262 2610 exitium
277 2549 409 2628 offerret,
425 2550 512 2631 idque
529 2569 580 2612 sua
595 2568 679 2612 mann
694 2559 723 2612 et
739 2547 817 2611 nullo
833 2548 870 2611 ad
885 2545 1089 2632 paenitendum
1104 2567 1152 2610 re·

121 2631 273 2710 egressui
289 2636 358 2714 quin
374 2636 470 2715 potins
484 2637 642 2698 ministrum
656 2635 762 2696 ueneni
779 2638 982 2712 excruciaret,
1001 2643 1153 2697 auotorem

145 2717 329 2796 exquireret,
351 2720 436 2782 insita
452 2719 578 2801 denique
596 2721 681 2796 etiam
698 2719 727 2782 iu
742 2726 899 2782 extraneos
921 2719 1106 2781 ouuotatioue
1123 2728 1154 2780 et

141 2817 223 2863 mora
239 2801 393 2865 aduersum
407 2806 521 2866 unioum
537 2813 566 2866 et
582 2805 688 2866 nullius
706 2815 772 2866 ante
788 2804 890 2883 flagitii
903 2812 1075 2884 conpertum
1089 2813 1152 2865 nte·

141 2884 243 2970 rotari
269 2887 323 2949 sed
344 2890 412 2974 quia
432 2889 554 2952 Seianus
574 2890 735 2950 iaoiuorurn
756 2890 880 2951 omnium
900 2899 1039 2970 repertor
1062 2888 1150 2951 habe·

141 2969 242 3049 hutur,
270 2989 310 3034 ex
329 2974 415 3034 nimia
438 2975 558 3035 caritate
586 2975 615 3034 iu
639 2993 704 3036 eum
726 2972 863 3036 Caesaris
885 2984 914 3037 et
936 2984 1099 3037 ceterorum
1121 2974 1150 3032 iu

108 3062 292 3137 annuumque
320 3056 388 3118 odio
415 3059 545 3138 quamuis
567 3057 701 3128 fabulosa
732 3068 762 3120 et
787 3061 919 3122 immania
946 3057 1151 3132 credebantur,

141 3141 288 3202 atrooiore
309 3159 427 3222 semper
447 3143 522 3205 furna
543 3161 614 3222 erga
631 3143 835 3206 dominantium
853 3145 958 3208 exitus.
990 3143 1063 3205 ordo
1079 3142 1150 3204 alio·

140 3225 189 3304 qui
205 3225 327 3290 seeleris
343 3245 398 3308 per
413 3227 566 3308 Apioatam
582 3229 679 3294 Seiani
698 3227 846 3310 proditus,
862 3229 1014 3292 tormentis
1028 3227 1155 3289 Eudemi

139 3326 175 3368 ao
198 3308 291 3388 Lygdi
314 3313 477 3391 patefactus
502 3323 556 3376 est.
589 3333 685 3396 neque
707 3316 857 3396 quisquam
880 3316 1007 3394 scriptor
1031 3321 1088 3374 tam
1111 3313 1155 3372 in·

138 3391 241 3454 densus
255 3397 365 3474 extitit,
380 3405 411 3458 ut
427 3395 546 3461 Tiberio
565 3399 743 3478 obiectaret,
763 3418 826 3462 oum
846 3399 940 3474 onmia
955 3397 1011 3462 alia
1030 3397 1155 3476 conqui-

105 3485 241 3538 ssrereut
263 3479 515 3566 intenderentque.
551 3485 620 3546 mihi
643 3484 774 3548 tradendi
803 3483 1003 3564 arguendique
1024 3481 1155 3542 rumoris
