<?xml version="1.0" encoding="UTF-8"?>
<!DOCTYPE html PUBLIC "-//W3C//DTD XHTML 1.0 Transitional//EN"
    "http://www.w3.org/TR/xhtml1/DTD/xhtml1-transitional.dtd">
<html xmlns="http://www.w3.org/1999/xhtml" xml:lang="en" lang="en">
 <head>
  <title>
</title>
<meta http-equiv="Content-Type" content="text/html;charset=utf-8" />
  <meta name='ocr-system' content='tesseract 3.04.00' />
  <meta name='ocr-capabilities' content='ocr_page ocr_carea ocr_par ocr_line ocrx_word'/>
</head>
<body>
  <div class='ocr_page' id='page_1' title='image "./libriquisupersu02tacigoog/libriquisupersu02tacigoog_0596.png"; bbox 0 0 2536 3870; ppageno 0'>
   <div class='ocr_carea' id='block_1_1' title="bbox 415 161 1201 224">
    <p class='ocr_par' dir='ltr' id='par_1_1' title="bbox 415 161 1201 224">
     <span class='ocr_line' id='line_1_1' title="bbox 415 161 1201 224; baseline 0.017 -12"><span class='ocrx_word' id='word_1_1' title='bbox 415 165 520 214; x_wconf 80' lang='lat' dir='ltr'><strong>urana</strong></span> <span class='ocrx_word' id='word_1_2' title='bbox 534 167 580 214; x_wconf 87' lang='lat' dir='ltr'><strong>ru.</strong></span> <span class='ocrx_word' id='word_1_3' title='bbox 606 167 680 215; x_wconf 79' lang='lat' dir='ltr'><strong>ose.</strong></span> <span class='ocrx_word' id='word_1_4' title='bbox 696 167 815 222; x_wconf 56' lang='lat' dir='ltr'><strong>ut—eao.</strong></span> <span class='ocrx_word' id='word_1_5' title='bbox 1044 161 1104 224; x_wconf 78' lang='lat'><strong>151</strong></span> <span class='ocrx_word' id='word_1_6' title='bbox 1197 208 1201 218; x_wconf 92' lang='lat'><em>.</em></span> 
     </span>
    </p>
   </div>
   <div class='ocr_carea' id='block_1_2' title="bbox 104 319 1107 405">
    <p class='ocr_par' dir='ltr' id='par_1_2' title="bbox 104 319 1107 405">
     <span class='ocr_line' id='line_1_2' title="bbox 104 319 1107 405; baseline 0.005 -24"><span class='ocrx_word' id='word_1_7' title='bbox 104 319 238 381; x_wconf 87' lang='lat' dir='ltr'><strong>omnibus</strong></span> <span class='ocrx_word' id='word_1_8' title='bbox 254 319 346 398; x_wconf 92' lang='lat' dir='ltr'><strong>portis</strong></span> <span class='ocrx_word' id='word_1_9' title='bbox 363 329 562 400; x_wconf 90' lang='lat' dir='ltr'><strong>prorumpunt.</strong></span> <span class='ocrx_word' id='word_1_10' title='bbox 588 340 623 382; x_wconf 88' lang='lat' dir='ltr'><strong>ae</strong></span> <span class='ocrx_word' id='word_1_11' title='bbox 643 323 719 382; x_wconf 91' lang='lat' dir='ltr'><strong>lorte</strong></span> <span class='ocrx_word' id='word_1_12' title='bbox 738 321 839 383; x_wconf 79' lang='lat' dir='ltr'><strong>Civilis</strong></span> <span class='ocrx_word' id='word_1_13' title='bbox 855 323 938 403; x_wconf 91' lang='lat' dir='ltr'><strong>lapsu</strong></span> <span class='ocrx_word' id='word_1_14' title='bbox 953 327 1019 404; x_wconf 89' lang='lat' dir='ltr'><strong>equi</strong></span> <span class='ocrx_word' id='word_1_15' title='bbox 1036 345 1107 405; x_wconf 90' lang='lat' dir='ltr'><strong>pro·</strong></span> 
     </span>
    </p>
   </div>
   <div class='ocr_carea' id='block_1_3' title="bbox 2 399 1108 483">
    <p class='ocr_par' dir='ltr' id='par_1_3' title="bbox 2 399 1108 483">
     <span class='ocr_line' id='line_1_3' title="bbox 2 399 1108 483; baseline 0.011 -25"><span class='ocrx_word' id='word_1_16' title='bbox 2 434 4 458; x_wconf 75' lang='lat'>1</span> <span class='ocrx_word' id='word_1_17' title='bbox 104 412 221 481; x_wconf 88' lang='lat' dir='ltr'><strong>stratus,</strong></span> <span class='ocrx_word' id='word_1_18' title='bbox 239 399 349 463; x_wconf 87' lang='lat' dir='ltr'><strong>eredita</strong></span> <span class='ocrx_word' id='word_1_19' title='bbox 362 420 415 481; x_wconf 93' lang='lat' dir='ltr'><strong>per</strong></span> <span class='ocrx_word' id='word_1_20' title='bbox 431 411 583 483; x_wconf 92' lang='lat' dir='ltr'><strong>utrumque</strong></span> <span class='ocrx_word' id='word_1_21' title='bbox 598 406 758 466; x_wconf 86' lang='lat' dir='ltr'><strong>exereitum</strong></span> <span class='ocrx_word' id='word_1_22' title='bbox 771 408 846 469; x_wconf 87' lang='lat' dir='ltr'><strong>lama</strong></span> <span class='ocrx_word' id='word_1_23' title='bbox 860 408 1041 469; x_wconf 75' lang='lat' dir='ltr'><strong>volneratum</strong></span> <span class='ocrx_word' id='word_1_24' title='bbox 1058 419 1108 470; x_wconf 90' lang='lat' dir='ltr'><strong>aut</strong></span> 
     </span>
    </p>
   </div>
   <div class='ocr_carea' id='block_1_4' title="bbox 102 488 1212 736">
    <p class='ocr_par' dir='ltr' id='par_1_4' title="bbox 102 488 1212 736">
     <span class='ocr_line' id='line_1_4' title="bbox 103 488 1106 569; baseline 0.005 -21"><span class='ocrx_word' id='word_1_25' title='bbox 103 489 298 564; x_wconf 84' lang='lat' dir='ltr'><strong>interiectum,</strong></span> <span class='ocrx_word' id='word_1_26' title='bbox 313 488 426 546; x_wconf 80' lang='lat' dir='ltr'><strong>inmane</strong></span> <span class='ocrx_word' id='word_1_27' title='bbox 446 497 580 566; x_wconf 90' lang='lat' dir='ltr'><strong>quantum</strong></span> <span class='ocrx_word' id='word_1_28' title='bbox 598 491 657 549; x_wconf 91' lang='lat' dir='ltr'><strong>suis</strong></span> <span class='ocrx_word' id='word_1_29' title='bbox 672 489 790 569; x_wconf 87' lang='lat' dir='ltr'><strong>pavoris</strong></span> <span class='ocrx_word' id='word_1_30' title='bbox 807 500 837 551; x_wconf 91' lang='lat' dir='ltr'><strong>et</strong></span> <span class='ocrx_word' id='word_1_31' title='bbox 851 491 983 552; x_wconf 77' lang='lat' dir='ltr'><strong>hostibus</strong></span> <span class='ocrx_word' id='word_1_32' title='bbox 1002 492 1106 554; x_wconf 86' lang='lat' dir='ltr'><strong>alaeri-</strong></span> 
     </span>
     <span class='ocr_line' id='line_1_5' title="bbox 102 569 1106 653; baseline 0.007 -23"><span class='ocrx_word' id='word_1_33' title='bbox 102 572 171 630; x_wconf 90' lang='lat' dir='ltr'><strong>tatis</strong></span> <span class='ocrx_word' id='word_1_34' title='bbox 198 569 315 631; x_wconf 75' lang='lat' dir='ltr'><strong>indidit:</strong></span> <span class='ocrx_word' id='word_1_35' title='bbox 343 570 396 630; x_wconf 89' lang='lat' dir='ltr'><strong>sed</strong></span> <span class='ocrx_word' id='word_1_36' title='bbox 422 570 537 631; x_wconf 84' lang='lat' dir='ltr'>Vocula</span> <span class='ocrx_word' id='word_1_37' title='bbox 566 574 680 632; x_wconf 89' lang='lat' dir='ltr'><strong>omissis</strong></span> <span class='ocrx_word' id='word_1_38' title='bbox 701 574 872 651; x_wconf 78' lang='lat' dir='ltr'><strong>fugientium</strong></span> <span class='ocrx_word' id='word_1_39' title='bbox 887 577 978 653; x_wconf 79' lang='lat' dir='ltr'><strong>tergis</strong></span> <span class='ocrx_word' id='word_1_40' title='bbox 998 575 1106 636; x_wconf 89' lang='lat' dir='ltr'><strong>vallum</strong></span> 
     </span>
     <span class='ocr_line' id='line_1_6' title="bbox 102 654 1212 736; baseline 0.006 -22"><span class='ocrx_word' id='word_1_41' title='bbox 102 656 247 732; x_wconf 90' lang='lat' dir='ltr'><strong>turrisque</strong></span> <span class='ocrx_word' id='word_1_42' title='bbox 271 662 431 714; x_wconf 84' lang='lat' dir='ltr'><strong>castrorum</strong></span> <span class='ocrx_word' id='word_1_43' title='bbox 452 654 595 734; x_wconf 77' lang='lat' dir='ltr'>augebat,</span> <span class='ocrx_word' id='word_1_44' title='bbox 622 665 763 736; x_wconf 91' lang='lat' dir='ltr'><strong>tamquam</strong></span> <span class='ocrx_word' id='word_1_45' title='bbox 782 676 882 718; x_wconf 88' lang='lat' dir='ltr'><strong>rursus</strong></span> <span class='ocrx_word' id='word_1_46' title='bbox 897 659 1039 732; x_wconf 91' lang='lat' dir='ltr'><strong>obsidium</strong></span> <span class='ocrx_word' id='word_1_47' title='bbox 1053 659 1104 720; x_wconf 90' lang='lat' dir='ltr'><strong>im·</strong></span> <span class='ocrx_word' id='word_1_48' title='bbox 1113 665 1143 708; x_wconf 76' lang='lat'><strong>³⁰</strong></span> <span class='ocrx_word' id='word_1_49' title='bbox 1209 667 1212 676; x_wconf 77' lang='grc'>’</span> 
     </span>
    </p>
   </div>
   <div class='ocr_carea' id='block_1_5' title="bbox 2 739 1107 885">
    <p class='ocr_par' dir='ltr' id='par_1_5' title="bbox 2 739 1107 885">
     <span class='ocr_line' id='line_1_7' title="bbox 100 739 1107 881; baseline 0.005 -82.557"><span class='ocrx_word' id='word_1_50' title='bbox 100 739 248 881; x_wconf 69' lang='lat' dir='ltr'><strong>qnineretl‚l</strong></span> <span class='ocrx_word' id='word_1_51' title='bbox 264 745 402 817; x_wconf 79' lang='lat' dir='ltr'><strong>corrupta</strong></span> <span class='ocrx_word' id='word_1_52' title='bbox 424 740 531 830; x_wconf 85' lang='lat' dir='ltr'><strong>totiens</strong></span> <span class='ocrx_word' id='word_1_53' title='bbox 551 739 675 801; x_wconf 83' lang='lat' dir='ltr'><strong>viatoria</strong></span> <span class='ocrx_word' id='word_1_54' title='bbox 691 758 749 801; x_wconf 90' lang='lat' dir='ltr'><strong>non</strong></span> <span class='ocrx_word' id='word_1_55' title='bbox 771 741 846 802; x_wconf 85' lang='lat' dir='ltr'><strong>falso</strong></span> <span class='ocrx_word' id='word_1_56' title='bbox 864 753 1020 822; x_wconf 87' lang='lat' dir='ltr'><strong>suspectus</strong></span> <span class='ocrx_word' id='word_1_57' title='bbox 1043 743 1107 803; x_wconf 89' lang='lat' dir='ltr'><strong>bel·</strong></span> 
     </span>
     <span class='ocr_line' id='line_1_8' title="bbox 2 839 278 885; baseline 0.004 -6"><span class='ocrx_word' id='word_1_58' title='bbox 2 846 7 885; x_wconf 62' lang='lat' dir='ltr'><strong>s</strong></span> <span class='ocrx_word' id='word_1_59' title='bbox 112 839 158 881; x_wconf 92' lang='lat' dir='ltr'><strong>um</strong></span> <span class='ocrx_word' id='word_1_60' title='bbox 180 840 225 882; x_wconf 91' lang='lat' dir='ltr'><strong>ma</strong></span> <span class='ocrx_word' id='word_1_61' title='bbox 250 840 278 880; x_wconf 91' lang='lat' dir='ltr'><strong>e.</strong></span> 
     </span>
    </p>
   </div>
   <div class='ocr_carea' id='block_1_6' title="bbox 165 904 1109 989">
    <p class='ocr_par' dir='ltr' id='par_1_6' title="bbox 165 904 1109 989">
     <span class='ocr_line' id='line_1_9' title="bbox 165 904 1109 989; baseline 0.004 -23"><span class='ocrx_word' id='word_1_62' title='bbox 165 905 215 966; x_wconf 83' lang='lat'><strong>35.</strong></span> <span class='ocrx_word' id='word_1_63' title='bbox 236 904 316 966; x_wconf 88' lang='lat' dir='ltr'><strong>Nihil</strong></span> <span class='ocrx_word' id='word_1_64' title='bbox 332 922 425 984; x_wconf 88' lang='lat' dir='ltr'><strong>aeque</strong></span> <span class='ocrx_word' id='word_1_65' title='bbox 447 908 594 967; x_wconf 80' lang='lat' dir='ltr'><strong>exereitus</strong></span> <span class='ocrx_word' id='word_1_66' title='bbox 617 917 734 969; x_wconf 89' lang='lat' dir='ltr'><strong>nostros</strong></span> <span class='ocrx_word' id='word_1_67' title='bbox 750 927 847 989; x_wconf 91' lang='lat' dir='ltr'><strong>quam</strong></span> <span class='ocrx_word' id='word_1_68' title='bbox 869 920 987 988; x_wconf 81' lang='lat' dir='ltr'>egestas</span> <span class='ocrx_word' id='word_1_69' title='bbox 1007 911 1109 989; x_wconf 83' lang='lat' dir='ltr'><strong>eopia·</strong></span> 
     </span>
    </p>
   </div>
   <div class='ocr_carea' id='block_1_7' title="bbox 100 987 1107 1070">
    <p class='ocr_par' dir='ltr' id='par_1_7' title="bbox 3 987 1107 1070">
     <span class='ocr_line' id='line_1_10' title="bbox 100 987 1107 1070; baseline 0.007 -25.297"><span class='ocrx_word' id='word_1_70' title='bbox 100 1007 163 1047; x_wconf 94' lang='lat' dir='ltr'><strong>rum</strong></span> <span class='ocrx_word' id='word_1_71' title='bbox 178 987 329 1066; x_wconf 80' lang='lat' dir='ltr'><strong>fatigabat.</strong></span> <span class='ocrx_word' id='word_1_72' title='bbox 359 990 553 1070; x_wconf 91' lang='lat' dir='ltr'><strong>inpedimenta</strong></span> <span class='ocrx_word' id='word_1_73' title='bbox 569 991 717 1069; x_wconf 90' lang='lat' dir='ltr'><strong>legionum</strong></span> <span class='ocrx_word' id='word_1_74' title='bbox 734 1010 797 1052; x_wconf 89' lang='lat' dir='ltr'><strong>eum</strong></span> <span class='ocrx_word' id='word_1_75' title='bbox 819 994 918 1054; x_wconf 85' lang='lat' dir='ltr'><strong>inbelli</strong></span> <span class='ocrx_word' id='word_1_76' title='bbox 946 993 1029 1054; x_wconf 92' lang='lat' dir='ltr'><strong>turba</strong></span> <span class='ocrx_word' id='word_1_77' title='bbox 1044 993 1107 1053; x_wconf 91' lang='lat' dir='ltr'><strong>No·</strong></span> 
     </span>
    </p>
   </div>
   <div class='ocr_carea' id='block_1_8' title="bbox 101 1073 1105 1149">
    <p class='ocr_par' dir='ltr' id='par_1_8' title="bbox 101 1073 1105 1149">
     <span class='ocr_line' id='line_1_11' title="bbox 101 1073 1105 1149; baseline 0.006 -18"><span class='ocrx_word' id='word_1_78' title='bbox 101 1074 231 1132; x_wconf 85' lang='lat' dir='ltr'><strong>vaesium</strong></span> <span class='ocrx_word' id='word_1_79' title='bbox 250 1073 355 1149; x_wconf 90' lang='lat' dir='ltr'><strong>missa,</strong></span> <span class='ocrx_word' id='word_1_80' title='bbox 380 1083 411 1135; x_wconf 88' lang='lat' dir='ltr'><strong>ut</strong></span> <span class='ocrx_word' id='word_1_81' title='bbox 432 1075 498 1134; x_wconf 92' lang='lat' dir='ltr'><strong>inde</strong></span> <span class='ocrx_word' id='word_1_82' title='bbox 520 1078 653 1136; x_wconf 77' lang='lat' dir='ltr'>terrestri</span> <span class='ocrx_word' id='word_1_83' title='bbox 668 1079 770 1137; x_wconf 90' lang='lat' dir='ltr'><strong>itinere</strong></span> <span class='ocrx_word' id='word_1_84' title='bbox 788 1077 959 1138; x_wconf 79' lang='lat' dir='ltr'><strong>trumentum</strong></span> <span class='ocrx_word' id='word_1_85' title='bbox 976 1076 1105 1137; x_wconf 86' lang='lat' dir='ltr'><strong>advehe·</strong></span> 
     </span>
    </p>
   </div>
   <div class='ocr_carea' id='block_1_9' title="bbox 3 1143 1265 1322">
    <p class='ocr_par' dir='ltr' id='par_1_9' title="bbox 3 1143 1265 1322">
     <span class='ocr_line' id='line_1_12' title="bbox 3 1143 1265 1242; baseline 0.006 -27"><span class='ocrx_word' id='word_1_86' title='bbox 3 1182 7 1192; x_wconf 50' lang='lat'><em>*</em></span> <span class='ocrx_word' id='word_1_87' title='bbox 100 1165 180 1225; x_wconf 88' lang='lat' dir='ltr'><strong>rent;</strong></span> <span class='ocrx_word' id='word_1_88' title='bbox 197 1175 261 1216; x_wconf 91' lang='lat' dir='ltr'><strong>nam</strong></span> <span class='ocrx_word' id='word_1_89' title='bbox 281 1157 396 1218; x_wconf 88' lang='lat' dir='ltr'><strong>llumine</strong></span> <span class='ocrx_word' id='word_1_90' title='bbox 412 1157 512 1219; x_wconf 88' lang='lat' dir='ltr'><strong>hostes</strong></span> <span class='ocrx_word' id='word_1_91' title='bbox 529 1159 722 1240; x_wconf 89' lang='lat' dir='ltr'><strong>potiebantur.</strong></span> <span class='ocrx_word' id='word_1_92' title='bbox 755 1161 875 1242; x_wconf 92' lang='lat' dir='ltr'><strong>primum</strong></span> <span class='ocrx_word' id='word_1_93' title='bbox 897 1179 1001 1239; x_wconf 84' lang='lat' dir='ltr'>agmen</span> <span class='ocrx_word' id='word_1_94' title='bbox 1021 1177 1106 1221; x_wconf 87' lang='lat' dir='ltr'><strong>seou-</strong></span> <span class='ocrx_word' id='word_1_95' title='bbox 1212 1164 1216 1168; x_wconf 84' lang='grc'><strong>’</strong></span> <span class='ocrx_word' id='word_1_96' title='bbox 1264 1143 1265 1146; x_wconf 19' lang='lat'>¹</span> 
     </span>
     <span class='ocr_line' id='line_1_13' title="bbox 3 1242 1135 1322; baseline 0.005 -23"><span class='ocrx_word' id='word_1_97' title='bbox 3 1271 5 1308; x_wconf 58' lang='grc' dir='ltr'>ς</span> <span class='ocrx_word' id='word_1_98' title='bbox 100 1258 162 1300; x_wconf 93' lang='lat' dir='ltr'><strong>rum</strong></span> <span class='ocrx_word' id='word_1_99' title='bbox 178 1242 538 1318; x_wconf 89' lang='lat' dir='ltr'><strong>inoessit‚nondumsatis</strong></span> <span class='ocrx_word' id='word_1_100' title='bbox 555 1246 637 1304; x_wconf 89' lang='lat' dir='ltr'><strong>lirrno</strong></span> <span class='ocrx_word' id='word_1_101' title='bbox 653 1243 757 1304; x_wconf 80' lang='lat' dir='ltr'><strong>Givil&#39;e.</strong></span> <span class='ocrx_word' id='word_1_102' title='bbox 790 1244 1024 1322; x_wconf 90' lang='lat' dir='ltr'><strong>quiubirursum</strong></span> <span class='ocrx_word' id='word_1_103' title='bbox 1040 1246 1135 1305; x_wconf 75' lang='lat' dir='ltr'><strong>mis-⁸</strong></span> 
     </span>
    </p>
   </div>
   <div class='ocr_carea' id='block_1_10' title="bbox 100 1323 1189 1489">
    <p class='ocr_par' dir='ltr' id='par_1_10' title="bbox 100 1323 1189 1489">
     <span class='ocr_line' id='line_1_14' title="bbox 100 1323 1189 1406; baseline 0.005 -23"><span class='ocrx_word' id='word_1_104' title='bbox 100 1343 151 1384; x_wconf 89' lang='lat' dir='ltr'><strong>sos</strong></span> <span class='ocrx_word' id='word_1_105' title='bbox 169 1323 347 1386; x_wconf 85' lang='lat' dir='ltr'><strong>Novaesium</strong></span> <span class='ocrx_word' id='word_1_106' title='bbox 361 1327 585 1388; x_wconf 82' lang='lat' dir='ltr'>frumentatores</span> <span class='ocrx_word' id='word_1_107' title='bbox 599 1327 739 1406; x_wconf 91' lang='lat' dir='ltr'><strong>datasque</strong></span> <span class='ocrx_word' id='word_1_108' title='bbox 760 1329 789 1386; x_wconf 93' lang='lat' dir='ltr'><strong>in</strong></span> <span class='ocrx_word' id='word_1_109' title='bbox 810 1327 984 1406; x_wconf 88' lang='lat' dir='ltr'><strong>praesidium</strong></span> <span class='ocrx_word' id='word_1_110' title='bbox 1000 1329 1106 1388; x_wconf 86' lang='lat' dir='ltr'><strong>cohor·</strong></span> <span class='ocrx_word' id='word_1_111' title='bbox 1188 1351 1189 1358; x_wconf 51' lang='lat'>¹</span> 
     </span>
     <span class='ocr_line' id='line_1_15' title="bbox 100 1409 1106 1489; baseline 0.005 -23"><span class='ocrx_word' id='word_1_112' title='bbox 100 1419 146 1467; x_wconf 89' lang='lat' dir='ltr'><strong>tes</strong></span> <span class='ocrx_word' id='word_1_113' title='bbox 163 1409 241 1469; x_wconf 87' lang='lat' dir='ltr'><strong>velut</strong></span> <span class='ocrx_word' id='word_1_114' title='bbox 256 1409 344 1469; x_wconf 90' lang='lat' dir='ltr'><strong>multa</strong></span> <span class='ocrx_word' id='word_1_115' title='bbox 360 1427 436 1487; x_wconf 89' lang='lat' dir='ltr'><strong>paee</strong></span> <span class='ocrx_word' id='word_1_116' title='bbox 452 1411 564 1489; x_wconf 78' lang='lat' dir='ltr'><strong>ingredi</strong></span> <span class='ocrx_word' id='word_1_117' title='bbox 581 1415 712 1489; x_wconf 87' lang='lat' dir='ltr'><strong>aceepit,</strong></span> <span class='ocrx_word' id='word_1_118' title='bbox 728 1429 823 1470; x_wconf 90' lang='lat' dir='ltr'><strong>rarum</strong></span> <span class='ocrx_word' id='word_1_119' title='bbox 840 1410 915 1488; x_wconf 92' lang='lat' dir='ltr'><strong>apud</strong></span> <span class='ocrx_word' id='word_1_120' title='bbox 932 1413 1015 1488; x_wconf 84' lang='lat' dir='ltr'><strong>signa</strong></span> <span class='ocrx_word' id='word_1_121' title='bbox 1032 1411 1106 1471; x_wconf 91' lang='lat' dir='ltr'><strong>mili·</strong></span> 
     </span>
    </p>
   </div>
   <div class='ocr_carea' id='block_1_11' title="bbox 2 1493 1143 1991">
    <p class='ocr_par' dir='ltr' id='par_1_11' title="bbox 2 1493 1143 1991">
     <span class='ocr_line' id='line_1_16' title="bbox 3 1493 1107 1573; baseline 0.003 -22"><span class='ocrx_word' id='word_1_122' title='bbox 3 1537 5 1562; x_wconf 49' lang='grc'>;</span> <span class='ocrx_word' id='word_1_123' title='bbox 101 1501 175 1569; x_wconf 85' lang='lat' dir='ltr'><strong>tem,</strong></span> <span class='ocrx_word' id='word_1_124' title='bbox 191 1511 270 1553; x_wconf 90' lang='lat' dir='ltr'><strong>arma</strong></span> <span class='ocrx_word' id='word_1_125' title='bbox 286 1494 314 1552; x_wconf 94' lang='lat' dir='ltr'><strong>in</strong></span> <span class='ocrx_word' id='word_1_126' title='bbox 330 1493 489 1570; x_wconf 79' lang='lat' dir='ltr'><strong>vehiculis,</strong></span> <span class='ocrx_word' id='word_1_127' title='bbox 514 1505 634 1555; x_wconf 81' lang='lat' dir='ltr'><strong>cunctos</strong></span> <span class='ocrx_word' id='word_1_128' title='bbox 655 1494 774 1554; x_wconf 85' lang='lat' dir='ltr'><strong>lieentia</strong></span> <span class='ocrx_word' id='word_1_129' title='bbox 798 1512 908 1571; x_wconf 85' lang='lat' dir='ltr'><strong>uagos,</strong></span> <span class='ocrx_word' id='word_1_130' title='bbox 927 1496 1107 1573; x_wconf 81' lang='lat' dir='ltr'><strong>compositus</strong></span> 
     </span>
     <span class='ocr_line' id='line_1_17' title="bbox 2 1575 1106 1657; baseline 0.003 -23"><span class='ocrx_word' id='word_1_131' title='bbox 2 1614 6 1650; x_wconf 52' lang='lat' dir='ltr'><strong>q</strong></span> <span class='ocrx_word' id='word_1_132' title='bbox 101 1575 224 1653; x_wconf 74' lang='lat' dir='ltr'><strong>inuadit,</strong></span> <span class='ocrx_word' id='word_1_133' title='bbox 250 1579 419 1656; x_wconf 85' lang='lat' dir='ltr'>praemissis</span> <span class='ocrx_word' id='word_1_134' title='bbox 434 1580 483 1657; x_wconf 92' lang='lat' dir='ltr'><strong>qui</strong></span> <span class='ocrx_word' id='word_1_135' title='bbox 499 1588 603 1657; x_wconf 88' lang='lat' dir='ltr'><strong>pontes</strong></span> <span class='ocrx_word' id='word_1_136' title='bbox 627 1587 656 1638; x_wconf 91' lang='lat' dir='ltr'><strong>et</strong></span> <span class='ocrx_word' id='word_1_137' title='bbox 670 1580 780 1638; x_wconf 87' lang='lat' dir='ltr'><strong>uiarum</strong></span> <span class='ocrx_word' id='word_1_138' title='bbox 795 1587 916 1656; x_wconf 85' lang='lat' dir='ltr'><strong>angusta</strong></span> <span class='ocrx_word' id='word_1_139' title='bbox 936 1578 1106 1639; x_wconf 87' lang='lat' dir='ltr'><strong>insiderent.</strong></span> 
     </span>
     <span class='ocr_line' id='line_1_18' title="bbox 2 1659 1143 1742; baseline 0.004 -24"><span class='ocrx_word' id='word_1_140' title='bbox 2 1694 6 1726; x_wconf 49' lang='grc' dir='ltr'><strong>ι,</strong></span> <span class='ocrx_word' id='word_1_141' title='bbox 102 1669 259 1737; x_wconf 86' lang='lat' dir='ltr'><strong>pugnatum</strong></span> <span class='ocrx_word' id='word_1_142' title='bbox 284 1659 376 1738; x_wconf 91' lang='lat' dir='ltr'><strong>longo</strong></span> <span class='ocrx_word' id='word_1_143' title='bbox 404 1663 518 1738; x_wconf 83' lang='lat' dir='ltr'><strong>agmine</strong></span> <span class='ocrx_word' id='word_1_144' title='bbox 544 1671 573 1722; x_wconf 89' lang='lat' dir='ltr'><strong>et</strong></span> <span class='ocrx_word' id='word_1_145' title='bbox 598 1664 712 1721; x_wconf 86' lang='lat' dir='ltr'><strong>incerto</strong></span> <span class='ocrx_word' id='word_1_146' title='bbox 727 1661 830 1739; x_wconf 84' lang='lat' dir='ltr'><strong>Marte,</strong></span> <span class='ocrx_word' id='word_1_147' title='bbox 853 1663 949 1723; x_wconf 89' lang='lat' dir='ltr'><strong>donee</strong></span> <span class='ocrx_word' id='word_1_148' title='bbox 961 1662 1105 1742; x_wconf 91' lang='lat' dir='ltr'><strong>proelium</strong></span> <span class='ocrx_word' id='word_1_149' title='bbox 1115 1667 1143 1708; x_wconf 85' lang='lat'><strong>¹⁰</strong></span> 
     </span>
     <span class='ocr_line' id='line_1_19' title="bbox 3 1742 1108 1824; baseline 0.005 -23"><span class='ocrx_word' id='word_1_150' title='bbox 3 1775 8 1815; x_wconf 65' lang='grc' dir='ltr'><strong>,ι</strong></span> <span class='ocrx_word' id='word_1_151' title='bbox 100 1761 161 1804; x_wconf 85' lang='lat' dir='ltr'><strong>nox</strong></span> <span class='ocrx_word' id='word_1_152' title='bbox 177 1742 332 1804; x_wconf 88' lang='lat' dir='ltr'><strong>dirimeret.</strong></span> <span class='ocrx_word' id='word_1_153' title='bbox 350 1745 490 1805; x_wconf 80' lang='lat' dir='ltr'><strong>cohortes</strong></span> <span class='ocrx_word' id='word_1_154' title='bbox 504 1744 663 1810; x_wconf 81' lang='lat' dir='ltr'><strong>Geldubam</strong></span> <span class='ocrx_word' id='word_1_155' title='bbox 680 1763 852 1823; x_wconf 82' lang='lat' dir='ltr'><strong>perrexere,</strong></span> <span class='ocrx_word' id='word_1_156' title='bbox 866 1746 1059 1824; x_wconf 86' lang='lat' dir='ltr'><strong>manentibus,</strong></span> <span class='ocrx_word' id='word_1_157' title='bbox 1075 1755 1108 1806; x_wconf 93' lang='lat' dir='ltr'><strong>ut</strong></span> 
     </span>
     <span class='ocr_line' id='line_1_20' title="bbox 99 1828 1106 1908; baseline 0.002 -19.824"><span class='ocrx_word' id='word_1_158' title='bbox 99 1829 229 1905; x_wconf 88' lang='lat' dir='ltr'><strong>inerant,</strong></span> <span class='ocrx_word' id='word_1_159' title='bbox 253 1829 375 1904; x_wconf 86' lang='lat' dir='ltr'><strong>eastris,</strong></span> <span class='ocrx_word' id='word_1_160' title='bbox 398 1845 474 1906; x_wconf 91' lang='lat' dir='ltr'><strong>quae</strong></span> <span class='ocrx_word' id='word_1_161' title='bbox 491 1828 735 1902; x_wconf 82' lang='lat' dir='ltr'><strong>relictorumillio</strong></span> <span class='ocrx_word' id='word_1_162' title='bbox 751 1828 870 1890; x_wconf 91' lang='lat' dir='ltr'><strong>militum</strong></span> <span class='ocrx_word' id='word_1_163' title='bbox 895 1829 1049 1908; x_wconf 89' lang='lat' dir='ltr'><strong>praesidio·</strong></span> <span class='ocrx_word' id='word_1_164' title='bbox 1061 1839 1106 1890; x_wconf 89' lang='lat' dir='ltr'><strong>te·</strong></span> 
     </span>
     <span class='ocr_line' id='line_1_21' title="bbox 3 1910 1106 1991; baseline 0.005 -25"><span class='ocrx_word' id='word_1_165' title='bbox 3 1943 8 1966; x_wconf 68' lang='lat'><strong>‚⁶</strong></span> <span class='ocrx_word' id='word_1_166' title='bbox 99 1910 250 1972; x_wconf 88' lang='lat' dir='ltr'><strong>nebantur.</strong></span> <span class='ocrx_word' id='word_1_167' title='bbox 279 1929 337 1971; x_wconf 91' lang='lat' dir='ltr'><strong>non</strong></span> <span class='ocrx_word' id='word_1_168' title='bbox 360 1921 422 1972; x_wconf 92' lang='lat' dir='ltr'><strong>erat</strong></span> <span class='ocrx_word' id='word_1_169' title='bbox 445 1911 560 1972; x_wconf 93' lang='lat' dir='ltr'><strong>dubium</strong></span> <span class='ocrx_word' id='word_1_170' title='bbox 576 1922 710 1991; x_wconf 92' lang='lat' dir='ltr'><strong>quantum</strong></span> <span class='ocrx_word' id='word_1_171' title='bbox 726 1913 755 1971; x_wconf 93' lang='lat' dir='ltr'><strong>in</strong></span> <span class='ocrx_word' id='word_1_172' title='bbox 775 1931 915 1990; x_wconf 86' lang='lat' dir='ltr'><strong>regressu</strong></span> <span class='ocrx_word' id='word_1_173' title='bbox 932 1913 1106 1974; x_wconf 80' lang='lat' dir='ltr'><strong>discriminis</strong></span> 
     </span>
    </p>
   </div>
   <div class='ocr_carea' id='block_1_12' title="bbox 3 1976 1203 2075">
    <p class='ocr_par' dir='ltr' id='par_1_12' title="bbox 3 1976 1203 2075">
     <span class='ocr_line' id='line_1_22' title="bbox 3 1976 1203 2075; baseline 0.003 -20"><span class='ocrx_word' id='word_1_174' title='bbox 3 1976 8 2064; x_wconf 58' lang='lat' dir='ltr'><strong>t</strong></span> <span class='ocrx_word' id='word_1_175' title='bbox 99 1995 261 2056; x_wconf 91' lang='lat' dir='ltr'><strong>adeundum</strong></span> <span class='ocrx_word' id='word_1_176' title='bbox 279 1995 357 2055; x_wconf 89' lang='lat' dir='ltr'><strong>ioret</strong></span> <span class='ocrx_word' id='word_1_177' title='bbox 373 1995 628 2056; x_wconf 85' lang='lat' dir='ltr'><strong>frumentatoribus</strong></span> <span class='ocrx_word' id='word_1_178' title='bbox 651 1996 761 2056; x_wconf 88' lang='lat' dir='ltr'><strong>onustis</strong></span> <span class='ocrx_word' id='word_1_179' title='bbox 784 1994 996 2075; x_wconf 83' lang='lat' dir='ltr'><strong>perculsisque.</strong></span> <span class='ocrx_word' id='word_1_180' title='bbox 1026 1996 1106 2056; x_wconf 89' lang='lat' dir='ltr'><strong>addit</strong></span> <span class='ocrx_word' id='word_1_181' title='bbox 1201 2055 1203 2058; x_wconf 84' lang='lat'>.</span> 
     </span>
    </p>
   </div>
   <div class='ocr_carea' id='block_1_13' title="bbox 2 2078 1143 2659">
    <p class='ocr_par' dir='ltr' id='par_1_13' title="bbox 2 2078 1143 2241">
     <span class='ocr_line' id='line_1_23' title="bbox 100 2078 1143 2158; baseline 0.002 -19.828"><span class='ocrx_word' id='word_1_182' title='bbox 100 2081 242 2138; x_wconf 78' lang='lat' dir='ltr'><strong>exercitui</strong></span> <span class='ocrx_word' id='word_1_183' title='bbox 257 2078 431 2140; x_wconf 87' lang='lat' dir='ltr'><strong>snoVooula</strong></span> <span class='ocrx_word' id='word_1_184' title='bbox 444 2078 524 2139; x_wconf 89' lang='lat' dir='ltr'><strong>mille</strong></span> <span class='ocrx_word' id='word_1_185' title='bbox 535 2078 667 2139; x_wconf 91' lang='lat' dir='ltr'><strong>deleotos</strong></span> <span class='ocrx_word' id='word_1_186' title='bbox 685 2098 701 2138; x_wconf 90' lang='lat' dir='ltr'><strong>e</strong></span> <span class='ocrx_word' id='word_1_187' title='bbox 714 2081 811 2158; x_wconf 92' lang='lat' dir='ltr'><strong>quinta</strong></span> <span class='ocrx_word' id='word_1_188' title='bbox 828 2088 856 2138; x_wconf 91' lang='lat' dir='ltr'><strong>et</strong></span> <span class='ocrx_word' id='word_1_189' title='bbox 873 2079 971 2158; x_wconf 92' lang='lat' dir='ltr'><strong>quinta</strong></span> <span class='ocrx_word' id='word_1_190' title='bbox 982 2079 1143 2140; x_wconf 72' lang='lat' dir='ltr'><strong>decuma¹⁵</strong></span> 
     </span>
     <span class='ocr_line' id='line_1_24' title="bbox 2 2161 1105 2241; baseline -0.001 -19"><span class='ocrx_word' id='word_1_191' title='bbox 2 2192 8 2234; x_wconf 59' lang='lat' dir='ltr'><strong>a</strong></span> <span class='ocrx_word' id='word_1_192' title='bbox 99 2162 265 2239; x_wconf 87' lang='lat' dir='ltr'><strong>legionibus</strong></span> <span class='ocrx_word' id='word_1_193' title='bbox 283 2163 359 2241; x_wconf 89' lang='lat' dir='ltr'><strong>apud</strong></span> <span class='ocrx_word' id='word_1_194' title='bbox 374 2163 485 2224; x_wconf 83' lang='lat' dir='ltr'><strong>Vetera</strong></span> <span class='ocrx_word' id='word_1_195' title='bbox 500 2161 643 2239; x_wconf 87' lang='lat' dir='ltr'><strong>obsessis,</strong></span> <span class='ocrx_word' id='word_1_196' title='bbox 665 2163 831 2223; x_wconf 90' lang='lat' dir='ltr'><strong>indomitum</strong></span> <span class='ocrx_word' id='word_1_197' title='bbox 846 2163 965 2223; x_wconf 92' lang='lat' dir='ltr'><strong>militem</strong></span> <span class='ocrx_word' id='word_1_198' title='bbox 981 2173 1010 2223; x_wconf 89' lang='lat' dir='ltr'><strong>et</strong></span> <span class='ocrx_word' id='word_1_199' title='bbox 1025 2163 1105 2222; x_wconf 89' lang='lat' dir='ltr'><strong>duoi·</strong></span> 
     </span>
    </p>

    <p class='ocr_par' dir='ltr' id='par_1_14' title="bbox 3 2245 1107 2327">
     <span class='ocr_line' id='line_1_25' title="bbox 3 2245 1107 2327; baseline 0.001 -21"><span class='ocrx_word' id='word_1_200' title='bbox 3 2279 8 2314; x_wconf 54' lang='lat' dir='ltr'><strong>t</strong></span> <span class='ocrx_word' id='word_1_201' title='bbox 99 2245 153 2306; x_wconf 90' lang='lat' dir='ltr'><strong>bus</strong></span> <span class='ocrx_word' id='word_1_202' title='bbox 176 2247 328 2305; x_wconf 84' lang='lat' dir='ltr'><strong>infensum.</strong></span> <span class='ocrx_word' id='word_1_203' title='bbox 366 2246 466 2326; x_wconf 90' lang='lat' dir='ltr'><strong>plures</strong></span> <span class='ocrx_word' id='word_1_204' title='bbox 489 2263 573 2324; x_wconf 94' lang='lat' dir='ltr'><strong>quam</strong></span> <span class='ocrx_word' id='word_1_205' title='bbox 597 2247 705 2306; x_wconf 92' lang='lat' dir='ltr'><strong>iussum</strong></span> <span class='ocrx_word' id='word_1_206' title='bbox 730 2255 793 2306; x_wconf 90' lang='lat' dir='ltr'><strong>erat</strong></span> <span class='ocrx_word' id='word_1_207' title='bbox 813 2247 938 2326; x_wconf 83' lang='lat' dir='ltr'><strong>proiecti</strong></span> <span class='ocrx_word' id='word_1_208' title='bbox 960 2246 1054 2327; x_wconf 89' lang='lat' dir='ltr'><strong>palam</strong></span> <span class='ocrx_word' id='word_1_209' title='bbox 1074 2247 1107 2307; x_wconf 83' lang='lat' dir='ltr'><strong>in</strong></span> 
     </span>
    </p>

    <p class='ocr_par' dir='ltr' id='par_1_15' title="bbox 2 2329 1105 2408">
     <span class='ocr_line' id='line_1_26' title="bbox 2 2329 1105 2408; baseline -0.001 -18"><span class='ocrx_word' id='word_1_210' title='bbox 2 2363 8 2404; x_wconf 65' lang='lat'>3</span> <span class='ocrx_word' id='word_1_211' title='bbox 100 2331 214 2407; x_wconf 85' lang='lat' dir='ltr'><strong>agmine</strong></span> <span class='ocrx_word' id='word_1_212' title='bbox 235 2330 413 2407; x_wconf 84' lang='lat' dir='ltr'><strong>fremebant,</strong></span> <span class='ocrx_word' id='word_1_213' title='bbox 439 2347 496 2389; x_wconf 93' lang='lat' dir='ltr'><strong>non</strong></span> <span class='ocrx_word' id='word_1_214' title='bbox 520 2348 552 2389; x_wconf 85' lang='lat' dir='ltr'><strong>se</strong></span> <span class='ocrx_word' id='word_1_215' title='bbox 571 2329 647 2390; x_wconf 95' lang='lat' dir='ltr'><strong>ultra</strong></span> <span class='ocrx_word' id='word_1_216' title='bbox 662 2330 783 2408; x_wconf 81' lang='lat' dir='ltr'><strong>lamam,</strong></span> <span class='ocrx_word' id='word_1_217' title='bbox 805 2330 924 2390; x_wconf 90' lang='lat' dir='ltr'><strong>insidias</strong></span> <span class='ocrx_word' id='word_1_218' title='bbox 941 2329 1105 2408; x_wconf 91' lang='lat' dir='ltr'><strong>legatorum</strong></span> 
     </span>
    </p>

    <p class='ocr_par' dir='ltr' id='par_1_16' title="bbox 3 2412 1105 2492">
     <span class='ocr_line' id='line_1_27' title="bbox 3 2412 1105 2492; baseline 0.003 -21"><span class='ocrx_word' id='word_1_219' title='bbox 3 2449 7 2486; x_wconf 56' lang='lat' dir='ltr'><strong>q</strong></span> <span class='ocrx_word' id='word_1_220' title='bbox 99 2412 292 2474; x_wconf 90' lang='lat' dir='ltr'><strong>toleraturos:</strong></span> <span class='ocrx_word' id='word_1_221' title='bbox 318 2424 347 2473; x_wconf 90' lang='lat' dir='ltr'><strong>at</strong></span> <span class='ocrx_word' id='word_1_222' title='bbox 368 2413 424 2492; x_wconf 87' lang='lat' dir='ltr'><strong>qui</strong></span> <span class='ocrx_word' id='word_1_223' title='bbox 439 2423 652 2488; x_wconf 85' lang='lat' dir='ltr'><strong>remanserant,</strong></span> <span class='ocrx_word' id='word_1_224' title='bbox 675 2412 810 2473; x_wconf 88' lang='lat' dir='ltr'><strong>desertos</strong></span> <span class='ocrx_word' id='word_1_225' title='bbox 826 2431 859 2473; x_wconf 89' lang='lat' dir='ltr'><strong>se</strong></span> <span class='ocrx_word' id='word_1_226' title='bbox 880 2414 1003 2474; x_wconf 86' lang='lat' dir='ltr'><strong>abducta</strong></span> <span class='ocrx_word' id='word_1_227' title='bbox 1020 2423 1105 2492; x_wconf 91' lang='lat' dir='ltr'><strong>parte</strong></span> 
     </span>
    </p>

    <p class='ocr_par' dir='ltr' id='par_1_17' title="bbox 2 2496 1142 2659">
     <span class='ocr_line' id='line_1_28' title="bbox 2 2496 1142 2577; baseline 0.002 -22"><span class='ocrx_word' id='word_1_228' title='bbox 2 2529 8 2572; x_wconf 55' lang='grc' dir='ltr'><strong><em>ς</em></strong></span> <span class='ocrx_word' id='word_1_229' title='bbox 99 2497 246 2573; x_wconf 88' lang='lat' dir='ltr'><strong>legionum</strong></span> <span class='ocrx_word' id='word_1_230' title='bbox 265 2497 470 2577; x_wconf 89' lang='lat' dir='ltr'><strong>querebantur.</strong></span> <span class='ocrx_word' id='word_1_231' title='bbox 506 2496 615 2576; x_wconf 83' lang='lat' dir='ltr'><strong>dupler</strong></span> <span class='ocrx_word' id='word_1_232' title='bbox 630 2496 697 2558; x_wconf 88' lang='lat' dir='ltr'><strong>irino</strong></span> <span class='ocrx_word' id='word_1_233' title='bbox 713 2497 836 2574; x_wconf 86' lang='lat' dir='ltr'><strong>seditio,</strong></span> <span class='ocrx_word' id='word_1_234' title='bbox 857 2496 920 2558; x_wconf 90' lang='lat' dir='ltr'><strong>aliis</strong></span> <span class='ocrx_word' id='word_1_235' title='bbox 938 2499 1142 2572; x_wconf 64' lang='lat' dir='ltr'><strong>revocanti-3⁰</strong></span> 
     </span>
     <span class='ocr_line' id='line_1_29' title="bbox 3 2579 888 2659; baseline 0 -19"><span class='ocrx_word' id='word_1_236' title='bbox 3 2619 6 2652; x_wconf 50' lang='lat' dir='ltr'><strong>q</strong></span> <span class='ocrx_word' id='word_1_237' title='bbox 98 2579 152 2640; x_wconf 94' lang='lat' dir='ltr'><strong>bus</strong></span> <span class='ocrx_word' id='word_1_238' title='bbox 168 2581 321 2659; x_wconf 78' lang='lat' dir='ltr'><strong>Voculam,</strong></span> <span class='ocrx_word' id='word_1_239' title='bbox 339 2581 404 2642; x_wconf 90' lang='lat' dir='ltr'><strong>aliis</strong></span> <span class='ocrx_word' id='word_1_240' title='bbox 418 2580 515 2642; x_wconf 91' lang='lat' dir='ltr'><strong>redire</strong></span> <span class='ocrx_word' id='word_1_241' title='bbox 531 2583 560 2640; x_wconf 92' lang='lat' dir='ltr'><strong>in</strong></span> <span class='ocrx_word' id='word_1_242' title='bbox 578 2589 672 2641; x_wconf 87' lang='lat' dir='ltr'><strong>eastra</strong></span> <span class='ocrx_word' id='word_1_243' title='bbox 687 2580 888 2642; x_wconf 89' lang='lat' dir='ltr'><strong>abnuentibus.</strong></span> 
     </span>
    </p>
   </div>
   <div class='ocr_carea' id='block_1_14' title="bbox 3 2661 1139 3495">
    <p class='ocr_par' dir='ltr' id='par_1_18' title="bbox 3 2661 1139 3495">
     <span class='ocr_line' id='line_1_30' title="bbox 3 2661 1113 2744; baseline 0.001 -21"><span class='ocrx_word' id='word_1_244' title='bbox 3 2703 5 2738; x_wconf 72' lang='lat'><em>3</em></span> <span class='ocrx_word' id='word_1_245' title='bbox 133 2739 135 2744; x_wconf 23' lang='grc' dir='ltr'>Ι</span> <span class='ocrx_word' id='word_1_246' title='bbox 162 2663 213 2724; x_wconf 85' lang='grc'><strong>36.</strong></span> <span class='ocrx_word' id='word_1_247' title='bbox 237 2663 354 2725; x_wconf 89' lang='lat' dir='ltr'><strong>Interim</strong></span> <span class='ocrx_word' id='word_1_248' title='bbox 368 2662 469 2725; x_wconf 84' lang='lat' dir='ltr'><strong>Ciuilis</strong></span> <span class='ocrx_word' id='word_1_249' title='bbox 477 2665 588 2726; x_wconf 86' lang='lat' dir='ltr'><strong>Vetera</strong></span> <span class='ocrx_word' id='word_1_250' title='bbox 602 2664 803 2726; x_wconf 81' lang='lat' dir='ltr'><strong>circumsedit:</strong></span> <span class='ocrx_word' id='word_1_251' title='bbox 819 2665 933 2727; x_wconf 86' lang='lat' dir='ltr'><strong>Vocula</strong></span> <span class='ocrx_word' id='word_1_252' title='bbox 942 2661 1113 2726; x_wconf 81' lang='lat' dir='ltr'><strong>Geldubam</strong></span> 
     </span>
     <span class='ocr_line' id='line_1_31' title="bbox 98 2746 1103 2827; baseline 0.002 -21"><span class='ocrx_word' id='word_1_253' title='bbox 98 2757 185 2825; x_wconf 87' lang='lat' dir='ltr'><strong>atque</strong></span> <span class='ocrx_word' id='word_1_254' title='bbox 209 2749 275 2809; x_wconf 92' lang='lat' dir='ltr'><strong>inde</strong></span> <span class='ocrx_word' id='word_1_255' title='bbox 298 2747 474 2809; x_wconf 86' lang='lat' dir='ltr'><strong>Nouaesium</strong></span> <span class='ocrx_word' id='word_1_256' title='bbox 495 2751 651 2809; x_wconf 89' lang='lat' dir='ltr'><strong>oouoessit.</strong></span> <span class='ocrx_word' id='word_1_257' title='bbox 689 2746 791 2809; x_wconf 83' lang='lat' dir='ltr'><strong>Ciuilis</strong></span> <span class='ocrx_word' id='word_1_258' title='bbox 819 2749 898 2827; x_wconf 91' lang='lat' dir='ltr'><strong>oapit</strong></span> <span class='ocrx_word' id='word_1_259' title='bbox 925 2747 1103 2820; x_wconf 68' lang='lat' dir='ltr'><strong>Geldubam</strong></span> 
     </span>
     <span class='ocr_line' id='line_1_32' title="bbox 96 2829 1105 2911; baseline 0.004 -21"><span class='ocrx_word' id='word_1_260' title='bbox 96 2848 165 2890; x_wconf 89' lang='lat' dir='ltr'><strong>mox</strong></span> <span class='ocrx_word' id='word_1_261' title='bbox 203 2830 278 2891; x_wconf 90' lang='lat' dir='ltr'><strong>baud</strong></span> <span class='ocrx_word' id='word_1_262' title='bbox 313 2831 417 2910; x_wconf 87' lang='lat' dir='ltr'><strong>proeul</strong></span> <span class='ocrx_word' id='word_1_263' title='bbox 451 2829 602 2889; x_wconf 88' lang='lat' dir='ltr'><strong>Novaesio</strong></span> <span class='ocrx_word' id='word_1_264' title='bbox 638 2831 768 2907; x_wconf 89' lang='lat' dir='ltr'><strong>equestri</strong></span> <span class='ocrx_word' id='word_1_265' title='bbox 808 2832 924 2910; x_wconf 90' lang='lat' dir='ltr'><strong>proelio</strong></span> <span class='ocrx_word' id='word_1_266' title='bbox 955 2849 1105 2911; x_wconf 84' lang='lat' dir='ltr'><strong>prospere</strong></span> 
     </span>
     <span class='ocr_line' id='line_1_33' title="bbox 98 2915 1102 2996; baseline 0.002 -22"><span class='ocrx_word' id='word_1_267' title='bbox 98 2915 236 2976; x_wconf 83' lang='lat' dir='ltr'><strong>certavit:</strong></span> <span class='ocrx_word' id='word_1_268' title='bbox 258 2917 309 2976; x_wconf 89' lang='lat' dir='ltr'><strong>sed</strong></span> <span class='ocrx_word' id='word_1_269' title='bbox 330 2917 413 2976; x_wconf 89' lang='lat' dir='ltr'><strong>miles</strong></span> <span class='ocrx_word' id='word_1_270' title='bbox 434 2915 569 2976; x_wconf 81' lang='lat' dir='ltr'><strong>secundis</strong></span> <span class='ocrx_word' id='word_1_271' title='bbox 591 2915 780 2996; x_wconf 88' lang='lat' dir='ltr'><strong>aduersisque</strong></span> <span class='ocrx_word' id='word_1_272' title='bbox 795 2917 916 2995; x_wconf 82' lang='lat' dir='ltr'><strong>perinde</strong></span> <span class='ocrx_word' id='word_1_273' title='bbox 936 2917 966 2976; x_wconf 93' lang='lat' dir='ltr'><strong>in</strong></span> <span class='ocrx_word' id='word_1_274' title='bbox 981 2919 1102 2976; x_wconf 87' lang='lat' dir='ltr'><strong>exitium</strong></span> 
     </span>
     <span class='ocr_line' id='line_1_34' title="bbox 97 2998 1126 3080; baseline 0.005 -24"><span class='ocrx_word' id='word_1_275' title='bbox 97 2998 201 3056; x_wconf 88' lang='lat' dir='ltr'><strong>dueum</strong></span> <span class='ocrx_word' id='word_1_276' title='bbox 216 2999 439 3068; x_wconf 81' lang='lat' dir='ltr'><strong>accendebatur.</strong></span> <span class='ocrx_word' id='word_1_277' title='bbox 467 3009 496 3060; x_wconf 91' lang='lat' dir='ltr'><strong>et</strong></span> <span class='ocrx_word' id='word_1_278' title='bbox 512 3000 637 3060; x_wconf 82' lang='lat' dir='ltr'><strong>adventu</strong></span> <span class='ocrx_word' id='word_1_279' title='bbox 652 3001 851 3078; x_wconf 88' lang='lat' dir='ltr'><strong>quintanorum</strong></span> <span class='ocrx_word' id='word_1_280' title='bbox 866 2999 1126 3080; x_wconf 78' lang='lat' dir='ltr'><strong>quintadecuma·⁶</strong></span> 
     </span>
     <span class='ocr_line' id='line_1_35' title="bbox 97 3083 1101 3163; baseline 0.006 -25"><span class='ocrx_word' id='word_1_281' title='bbox 97 3096 258 3158; x_wconf 90' lang='lat' dir='ltr'><strong>norumque</strong></span> <span class='ocrx_word' id='word_1_282' title='bbox 283 3093 385 3142; x_wconf 86' lang='lat' dir='ltr'><strong>anetae</strong></span> <span class='ocrx_word' id='word_1_283' title='bbox 407 3083 542 3161; x_wconf 84' lang='lat' dir='ltr'><strong>legiones</strong></span> <span class='ocrx_word' id='word_1_284' title='bbox 565 3083 728 3143; x_wconf 89' lang='lat' dir='ltr'><strong>donatiuum</strong></span> <span class='ocrx_word' id='word_1_285' title='bbox 751 3093 930 3162; x_wconf 83' lang='lat' dir='ltr'><strong>exposcunt,</strong></span> <span class='ocrx_word' id='word_1_286' title='bbox 958 3093 1101 3163; x_wconf 88' lang='lat' dir='ltr'><strong>oonperto</strong></span> 
     </span>
     <span class='ocr_line' id='line_1_36' title="bbox 98 3163 1102 3242; baseline 0.009 -23"><span class='ocrx_word' id='word_1_287' title='bbox 98 3165 250 3242; x_wconf 87' lang='lat' dir='ltr'><strong>pecuniam</strong></span> <span class='ocrx_word' id='word_1_288' title='bbox 268 3183 284 3224; x_wconf 94' lang='lat' dir='ltr'><strong>a</strong></span> <span class='ocrx_word' id='word_1_289' title='bbox 304 3163 422 3226; x_wconf 84' lang='lat' dir='ltr'><strong>Vitellio</strong></span> <span class='ocrx_word' id='word_1_290' title='bbox 443 3170 569 3229; x_wconf 89' lang='lat' dir='ltr'><strong>missam.</strong></span> <span class='ocrx_word' id='word_1_291' title='bbox 605 3186 661 3226; x_wconf 89' lang='lat' dir='ltr'><strong>nee</strong></span> <span class='ocrx_word' id='word_1_292' title='bbox 682 3167 729 3227; x_wconf 91' lang='lat' dir='ltr'><strong>diu</strong></span> <span class='ocrx_word' id='word_1_293' title='bbox 752 3176 901 3228; x_wconf 81' lang='lat' dir='ltr'><strong>cunctatus</strong></span> <span class='ocrx_word' id='word_1_294' title='bbox 915 3167 1102 3228; x_wconf 88' lang='lat' dir='ltr'><strong>Hordeonius</strong></span> 
     </span>
     <span class='ocr_line' id='line_1_37' title="bbox 97 3245 1102 3330; baseline 0.005 -25"><span class='ocrx_word' id='word_1_295' title='bbox 97 3245 213 3306; x_wconf 92' lang='lat' dir='ltr'><strong>nomine</strong></span> <span class='ocrx_word' id='word_1_296' title='bbox 236 3248 411 3328; x_wconf 84' lang='lat' dir='ltr'><strong>Vespasiani</strong></span> <span class='ocrx_word' id='word_1_297' title='bbox 432 3249 526 3320; x_wconf 88' lang='lat' dir='ltr'><strong>dedit;</strong></span> <span class='ocrx_word' id='word_1_298' title='bbox 556 3252 642 3330; x_wconf 90' lang='lat' dir='ltr'><strong>idque</strong></span> <span class='ocrx_word' id='word_1_299' title='bbox 664 3251 850 3330; x_wconf 80' lang='lat' dir='ltr'><strong>praecipuum</strong></span> <span class='ocrx_word' id='word_1_300' title='bbox 872 3252 926 3312; x_wconf 87' lang='lat' dir='ltr'><strong>luit</strong></span> <span class='ocrx_word' id='word_1_301' title='bbox 950 3250 1102 3312; x_wconf 88' lang='lat' dir='ltr'><strong>seditionis</strong></span> 
     </span>
     <span class='ocr_line' id='line_1_38' title="bbox 97 3330 1100 3414; baseline 0.005 -25"><span class='ocrx_word' id='word_1_302' title='bbox 97 3330 270 3392; x_wconf 89' lang='lat' dir='ltr'><strong>alimentum.</strong></span> <span class='ocrx_word' id='word_1_303' title='bbox 296 3331 380 3392; x_wconf 90' lang='lat' dir='ltr'><strong>eiiusi</strong></span> <span class='ocrx_word' id='word_1_304' title='bbox 392 3333 421 3393; x_wconf 92' lang='lat' dir='ltr'><strong>in</strong></span> <span class='ocrx_word' id='word_1_305' title='bbox 435 3333 532 3393; x_wconf 85' lang='lat' dir='ltr'><strong>lunum</strong></span> <span class='ocrx_word' id='word_1_306' title='bbox 548 3343 578 3394; x_wconf 89' lang='lat' dir='ltr'><strong>et</strong></span> <span class='ocrx_word' id='word_1_307' title='bbox 596 3334 697 3414; x_wconf 89' lang='lat' dir='ltr'><strong>epulas</strong></span> <span class='ocrx_word' id='word_1_308' title='bbox 712 3345 742 3394; x_wconf 91' lang='lat' dir='ltr'><strong>et</strong></span> <span class='ocrx_word' id='word_1_309' title='bbox 758 3345 916 3396; x_wconf 85' lang='lat' dir='ltr'><strong>nocturnos</strong></span> <span class='ocrx_word' id='word_1_310' title='bbox 933 3343 1035 3396; x_wconf 90' lang='lat' dir='ltr'><strong>eoetus</strong></span> <span class='ocrx_word' id='word_1_311' title='bbox 1049 3353 1100 3394; x_wconf 88' lang='lat' dir='ltr'><strong>ve·</strong></span> 
     </span>
     <span class='ocr_line' id='line_1_39' title="bbox 97 3417 1139 3495; baseline -0.001 -19"><span class='ocrx_word' id='word_1_312' title='bbox 97 3425 189 3476; x_wconf 85' lang='lat' dir='ltr'><strong>terem</strong></span> <span class='ocrx_word' id='word_1_313' title='bbox 204 3417 232 3476; x_wconf 93' lang='lat' dir='ltr'><strong>in</strong></span> <span class='ocrx_word' id='word_1_314' title='bbox 244 3417 439 3478; x_wconf 89' lang='lat' dir='ltr'><strong>Hordeonium</strong></span> <span class='ocrx_word' id='word_1_315' title='bbox 454 3418 524 3478; x_wconf 92' lang='lat' dir='ltr'><strong>iram</strong></span> <span class='ocrx_word' id='word_1_316' title='bbox 538 3427 692 3495; x_wconf 89' lang='lat' dir='ltr'><strong>renovant,</strong></span> <span class='ocrx_word' id='word_1_317' title='bbox 713 3437 768 3478; x_wconf 88' lang='lat' dir='ltr'><strong>nee</strong></span> <span class='ocrx_word' id='word_1_318' title='bbox 788 3418 848 3478; x_wconf 93' lang='lat' dir='ltr'><strong>ullo</strong></span> <span class='ocrx_word' id='word_1_319' title='bbox 870 3419 1032 3494; x_wconf 83' lang='lat' dir='ltr'><strong>legatorum</strong></span> <span class='ocrx_word' id='word_1_320' title='bbox 1048 3419 1097 3476; x_wconf 88' lang='lat' dir='ltr'><strong>tri·</strong></span> <span class='ocrx_word' id='word_1_321' title='bbox 1110 3417 1139 3459; x_wconf 62' lang='grc' dir='ltr'><strong>’θ</strong></span> 
     </span>
    </p>
   </div>
   <div class='ocr_carea' id='block_1_15' title="bbox 0 0 1272 3870">
    <p class='ocr_par' dir='ltr' id='par_1_19' title="bbox 0 0 1272 3870">
     <span class='ocr_line' id='line_1_40' title="bbox 0 0 1272 3870; baseline 0 2"><span class='ocrx_word' id='word_1_322' title='bbox 0 0 1272 3870; x_wconf 95' lang='lat' dir='ltr'><strong> </strong></span> 
     </span>
    </p>
   </div>
  </div>
 </body>
</html>
