2568 3870
441 175 547 245 nunna
561 175 611 224 ιιι.
633 175 709 224 car.
727 173 846 228 37-41.
1090 167 1149 229 too

153 342 213 410 ret,
235 331 343 411 placuit
363 345 478 389 veneno
498 331 642 407 grassarir
663 330 771 392 addidit
788 330 913 393 facinori
930 329 1016 391 iidem
1029 332 1150 393 notabili

151 415 273 495 gaudio,
295 413 429 475 Blaesum
446 413 578 475 visendo.
613 415 681 494 quin
698 424 728 475 et
743 414 836 476 audita
854 423 899 474 est
915 416 1084 477 saevissima
1099 417 1149 478 vi·
1275 467 1276 470 ,

152 501 224 562 tellii
241 516 316 575 vox,
338 515 442 576 quase
459 499 539 577 (ipsa
554 499 629 558 eninr
645 499 735 559 verba
752 497 895 576 reieram)
911 499 1028 577 pavisse
1046 500 1176 560 oculosa
1274 505 1277 580 ζ

152 592 285 665 spectatu
307 583 412 642 inimici
427 590 521 643 morte
537 583 665 643 iactavit.
697 583 805 644 Blaeso
822 600 911 663 super
926 583 1085 644 claritatem
1100 602 1148 645 na·

151 669 248 729 talium
264 675 293 728 et
306 665 481 744 elegantiam
493 681 603 727 morum
615 666 682 728 iidei
694 666 849 728 obstinatio
860 666 921 727 fuit
944 667 1065 744 integris
1077 685 1149 746 quo·
1276 729 1277 748 ἶ

152 770 209 831 que
232 749 322 811 rebus
345 769 362 810 a
382 749 508 814 Caecina
529 759 559 811 et
580 752 753 830 primoribus
778 753 899 832 partium
922 752 977 811 iam
1001 751 1150 812 Vitellium
1265 753 1277 760 “’

150 834 374 914 aspernantibus
390 834 511 896 ambitus
527 834 655 896 abnuere
671 837 884 916 perseveravit.
915 845 1042 914 sanctas,
1061 837 1149 896 intur-

151 919 249 997 bidus,
269 917 374 978 nullius
389 919 533 999 repentini
549 920 683 999 honoris,
699 920 773 982 adeo
790 937 847 980 non
863 921 1042 1001 principatus
1058 937 1147 1000 appe·
1159 937 1183 980 ao
1277 927 1278 978 ξ

152 1011 232 1079 tens,
250 1020 350 1082 parnnr
366 1002 511 1081 effugerat
522 1022 559 1064 ne
579 1004 683 1083 dignus
700 1005 879 1066 crederetur.

217 1087 269 1148 40.
290 1085 396 1148 Fabius
416 1088 529 1148 interim
542 1089 654 1150 Valens
674 1090 763 1151 multo
781 1107 816 1151 ac
830 1089 911 1151 molli
927 1090 1151 1152 concubinarum

153 1171 369 1252 spadonumque
384 1173 498 1250 agmine
513 1174 631 1251 segnius
647 1193 730 1254 qnam
745 1175 782 1235 ad
796 1173 904 1235 beilum
916 1174 1067 1252 incedens,
1082 1193 1150 1254 pro·

153 1258 239 1318 diuam
260 1255 402 1318 abucilio
416 1255 508 1318 Basso
523 1259 720 1320 Ravennatem
743 1260 867 1321 classem
891 1258 1059 1340 pernicibus
1080 1277 1150 1321 nnn·

152 1343 199 1402 tiis
215 1343 340 1421 accepit.
368 1349 397 1401 et
411 1342 435 1402 si
451 1351 585 1422 coeptum
600 1344 656 1403 iter
670 1352 872 1423 properasset,
890 1351 1035 1403 nutantem
1048 1341 1149 1403 Caeci·

134 1476 136 1483 .
153 1443 217 1485 nam
236 1426 409 1504 praevenire
426 1433 473 1485 aut
491 1435 557 1486 ante
573 1426 729 1488 discrimen
745 1445 861 1508 pugnae
879 1426 1000 1505 adsequi
1015 1427 1173 1504 legionesr

152 1509 320 1589 potuisset:⁵
334 1526 390 1570 nec
411 1508 531 1570 deerant
551 1512 598 1589 qni
620 1521 788 1587 monerent,
809 1519 842 1571 ut
856 1528 920 1570 cum
935 1509 1079 1591 fidissimis
1097 1528 1151 1589 per

153 1593 287 1655 occultos
302 1593 534 1665 tramitesvitatn
544 1595 682 1656 Ravenna
692 1594 845 1656 Hostiliam
858 1593 1068 1655 Cremonamve
1084 1613 1149 1674 par·

153 1686 247 1756 geret.
282 1677 348 1738 aliis
370 1677 508 1758 placebat
529 1679 630 1740 accitis
652 1695 690 1740 ex
711 1678 782 1739 urbe
804 1679 959 1759 praetoriis
981 1677 1150 1740 cohortibus

153 1759 249 1822 valida
273 1780 358 1822 manu
382 1780 589 1842 perrumpere:
621 1765 686 1843 ipsc
714 1763 806 1823 inutili
834 1764 1017 1823 cunctatione
1045 1763 1151 1841 agendi

151 1855 284 1923 tempora
306 1845 495 1908 consultando
517 1849 709 1928 consumptor
735 1866 804 1908 mox
826 1857 977 1926 utmmqne
998 1848 1150 1909 consilium
1163 1859 1186 1902 tt

152 1938 340 2010 aspernatus,
363 1928 442 2011 qnod
456 1931 531 1991 inter
543 1932 679 2012 ancipitia
698 1931 881 1992 deterrimum
896 1940 956 2009 ost,
978 1931 1042 1991 dum
1058 1931 1151 1994 media

153 2015 297 2092 seqnitur,
313 2031 369 2074 nec
384 2032 471 2075 ausus
487 2025 533 2075 est
546 2017 616 2076 satis
631 2034 687 2076 nec
702 2016 837 2096 providit.

215 2097 267 2158 41.
286 2095 383 2157 biissis
397 2098 434 2159 ad
448 2097 597 2161 Vitellium
614 2099 707 2160 literis
722 2099 857 2160 auxilium
873 2097 1010 2178 postulat.
1042 2115 1270 2165 uenere-m..w

154 2192 214 2243 tres
230 2180 367 2242 cobortes
384 2199 448 2242 cum
463 2183 509 2243 ula
525 2181 706 2262 Britannica,
730 2199 826 2261 neque
844 2181 879 2242 ad
896 2181 1053 2242 fallendum
1068 2189 1153 2261 aptus

154 2283 287 2326 nnmems
303 2284 398 2344 neque
414 2266 450 2328 ad
463 2267 682 2346 penetrandum.
707 2265 760 2326 sed
771 2266 884 2326 Valens
898 2283 935 2324 ne
951 2265 979 2325 in
994 2272 1074 2325 tanto
1092 2265 1152 2345 qui·

154 2349 219 2410 dem
247 2349 411 2410 discrimine
436 2349 551 2411 iufamia
575 2352 681 2428 caruit,
708 2366 765 2429 qno
786 2351 878 2407 minus
899 2366 1006 2428 rapere
1027 2347 1152 2410 inlicitas

154 2434 320 2512 voluptates
339 2434 547 2514 adulteriisque
565 2452 601 2496 ae
616 2434 723 2514 stupris
740 2433 873 2514 polluere
890 2430 1036 2512 hospitum
1050 2431 1176 2494 domnss

156 2517 339 2579 crederetur:
364 2518 484 2579 aderant
496 2518 542 2578 ris
557 2527 587 2579 et
603 2519 726 2598 pecnnia
741 2525 771 2577 et
785 2515 895 2576 ruentis
909 2517 1041 2578 iomunae
1055 2518 1153 2576 novis-

154 2603 226 2664 sima
248 2602 348 2663 libido.
391 2602 519 2663 aduentu
535 2600 647 2664 demum
669 2600 796 2682 peditam
818 2601 1004 2679 equitumque
1024 2600 1154 2680 pravitas

156 2687 270 2749 consilii
291 2686 397 2766 patuit,
422 2687 487 2766 qnia
505 2704 560 2748 nec
577 2687 686 2748 vadere
704 2703 758 2765 per
774 2685 876 2745 hostes
892 2693 948 2745 tam
965 2701 1055 2764 parva
1069 2700 1153 2744 manu

155 2780 287 2853 poterat,
313 2771 440 2831 etiamsi
458 2771 595 2832 iidissimu
613 2771 708 2848 foret,
734 2787 790 2831 nec
811 2769 955 2846 integram
977 2767 1061 2828 iidem
1083 2776 1153 2829 attu·
1267 2779 1269 2782 ’

155 2857 263 2925 ierant;
287 2854 379 2935 pudor
399 2862 494 2915 tamen
516 2864 546 2915 et
567 2855 730 2935 praesentis
745 2853 826 2914 dacis
842 2852 1006 2914 reverentia
1021 2851 1153 2913 moraba-
1165 2871 1189 2912 ro

155 2949 216 3016 tur,
242 2937 319 3000 baud
343 2938 474 3000 diuturna
498 2938 594 3000 vinela
613 2936 820 3018 apndpavidos
835 2937 1030 3017 periculorum
1053 2945 1082 2996 et
1105 2936 1153 2997 de·

157 3022 274 3081 decoris
299 3040 431 3082 securos.
473 3040 509 3083 eo
536 3031 613 3083 metu
639 3021 777 3082 cobortes
802 3021 960 3081 Ariminum
988 3021 1154 3100 praemittit,

157 3105 231 3164 alam
251 3106 327 3165 tueri
347 3114 430 3182 terga
448 3105 543 3168 iubet:
565 3107 631 3187 ipse
652 3105 770 3184 paucis,
793 3123 866 3184 quos
885 3104 1008 3167 adversa
1022 3121 1080 3164 non
1094 3122 1153 3164 mu·

158 3195 306 3264 taverunt,
329 3189 529 3250 comitantibus
551 3190 634 3251 derit
655 3188 853 3263 inlimbriam
875 3198 962 3268 atque
984 3187 1051 3249 inde
1070 3185 1154 3249 limn-

158 3269 245 3348 riam,
268 3271 317 3332 ubi
336 3275 455 3350 cognito
472 3291 587 3354 pugnae
604 3273 810 3335 Cremonensis
826 3283 932 3334 eventu
946 3290 1005 3332 non
1019 3273 1154 3350 ignavum
1165 3290 1190 3332 rs

159 3363 205 3432 ct,
230 3353 255 3415 si
276 3357 479 3437 provenisset,
505 3365 589 3419 atrox
610 3358 760 3420 consilium
780 3357 857 3434 iniit,
883 3365 914 3416 nt
933 3358 1058 3436 arreptis
1077 3356 1155 3415 nari-

158 3439 213 3501 bus
226 3442 255 3500 in
268 3451 600 3524 quamcumquepartem
616 3441 817 3505 Narbonensis
832 3441 1001 3519 provinciae
1016 3455 1156 3514 egressus
1265 3513 1266 3516 Ἴ
