2536 3870
174 137 236 202 222
418 145 717 196 conmuurrscrrr
734 144 938 196 sonicouss

173 309 239 386 ipse
261 313 328 366 ante
343 320 465 382 agmen,
489 317 546 379 quo
565 296 675 361 'ceteris
691 319 744 378 par
761 300 871 360 animus
886 302 972 361 simili
986 303 1120 381 periculo
1137 323 1180 366 es
1239 292 1240 308 ³

139 407 165 450 as
175 399 238 466 set,
254 389 350 449 erexit
363 387 465 448 aciem.
490 402 636 464 caesaque
649 400 744 464 prope
757 384 893 445 universa
908 393 1012 463 gente,
1027 405 1087 448 aon
1101 389 1181 468 igna-

175 491 223 534 rus
245 473 405 534 instaudum
428 471 522 532 iamae
543 486 595 544 ac,
618 478 706 547 prout
726 469 816 546 prima
839 470 1015 547 cessissent,
1037 480 1183 532 terrorem

175 558 283 618 ceteris
299 555 380 633 lore,
397 555 512 616 Monam
526 553 663 628 insulam,
682 553 796 612 aculus
810 553 1000 631 possessione
1011 565 1183 617 reuocatum

174 641 321 703 Paulinum
340 637 503 700 rebellione
523 638 614 697 totius
629 635 794 696 Britanniae
813 654 902 715 supra
917 642 1093 717 memoravi,
1109 641 1182 700 redi

175 742 249 804 gere
271 725 299 784 iu
324 730 499 803 potestatem
522 721 615 781 auimo
637 718 767 780 intendit.
802 719 856 780 sed
877 729 907 780 ut
924 722 953 780 in
967 721 1073 782 subitis
1088 725 1185 785 consi·

139 809 223 870 soliis
239 824 329 869 naves
348 806 481 866 deerant:
511 805 584 865 ratio
606 811 635 863 et
656 803 818 864 constantia
832 803 914 864 ducis
932 805 1104 865 transvexit.
1136 807 1183 866 de·

176 893 280 973 positis
292 889 425 968 omnibus
441 888 562 949 sarcinis
579 887 755 948 lectissimos
776 887 974 965 auxiliarium,
994 887 1100 967 quibus
1117 901 1184 950 uota

175 975 248 1036 vada
258 981 288 1033 et
299 975 436 1050 proprius
450 972 534 1032 nandi
546 989 626 1048 usus,
645 988 703 1051 quo
717 969 800 1030 simol
812 989 904 1047 seque
916 979 945 1030 et
959 984 1036 1030 arma
1049 977 1081 1030 et
1092 991 1184 1053 equos

176 1066 295 1136 regunt,
311 1068 349 1118 rta
364 1062 488 1135 repente
502 1055 623 1132 inmisit,
642 1063 673 1114 ut
688 1053 885 1133 obstupefacti
899 1055 1017 1132 hostes,
1041 1057 1091 1135 qui
1109 1057 1184 1116 clas·
1242 1109 1243 1160 q

177 1160 254 1218 sem,
270 1142 318 1219 qui
334 1141 434 1215 uaris,
458 1139 507 1217 qui
527 1155 607 1199 mare
624 1136 836 1217 expectabant,
856 1137 925 1198 uibil
942 1138 1062 1200 arduum
1079 1149 1128 1201 aut
1145 1142 1186 1200 in·
1242 1163 1243 1200 3

143 1228 284 1286 revictum
299 1223 474 1284 credideriut
487 1223 532 1283 sic
544 1222 581 1283 ad
597 1221 704 1282 bellum
720 1219 912 1282 uenientibus.
941 1223 980 1282 ita
997 1224 1092 1301 petita
1110 1241 1186 1304 pace
1242 1269 1243 1294 ,

177 1329 211 1372 ac
230 1307 325 1370 dedita
347 1307 438 1369 insula
463 1307 560 1367 clarus
583 1325 618 1367 ac
641 1323 760 1383 magnus
780 1303 882 1366 haberi
896 1305 1056 1386 Agricola,
1075 1310 1185 1388 quippe
1242 1307 1243 1310 ’

177 1397 223 1456 oui
237 1393 410 1472 ingredienti
427 1392 619 1472 provinciam,
640 1389 717 1470 quod
740 1397 853 1468 tempus
878 1389 927 1450 alii
942 1407 996 1471 per
1013 1396 1181 1454 ostentatio·
1243 1378 1244 1462 l

176 1497 241 1541 nem
266 1488 296 1538 et
315 1479 477 1539 ciliciorum
500 1475 634 1536 ambitum
654 1475 834 1552 transigunt,
861 1472 945 1535 labor
970 1484 1000 1534 et
1023 1476 1177 1554 periculum

177 1563 344 1643 placuisset.
391 1579 448 1622 uec
470 1559 613 1638 Agricola
635 1557 832 1638 prosperitate
856 1575 952 1618 rerum
980 1560 1009 1619 iu
1031 1562 1182 1621 uanitatem

142 1665 167 1708 so
180 1666 262 1724 usus,
281 1644 497 1724 expeditionem
512 1650 560 1704 aut
571 1643 723 1704 victoriam
738 1640 863 1702 vocabat
877 1641 970 1703 victos
988 1644 1185 1710 continuisse;
1244 1650 1245 1716 l

177 1750 213 1790 ue
233 1731 370 1791 laureatis
392 1728 507 1808 quidem
526 1735 612 1806 gestu
631 1733 804 1806 prosecutus
827 1735 887 1803 est,
904 1725 956 1785 sed
973 1727 1038 1806 ipsa
1053 1725 1186 1787 dissimu·
1244 1725 1245 1734 ’

177 1815 284 1875 latione
301 1813 394 1873 lamae
415 1811 519 1872 lamam
538 1813 632 1888 auxit,
655 1809 871 1870 aestimantibus
892 1819 997 1888 quanta
1022 1811 1109 1870 iuturr
1132 1829 1188 1889 spe

177 1907 234 1959 tam
252 1913 355 1974 magua
375 1897 523 1959 tacuisset.
1245 1949 1246 1954 ,

242 1979 290 2041 19.
317 1977 452 2040 Ueterum
484 1980 641 2040 animorum
672 1979 842 2058 provinciae
870 1978 1010 2058 prudeus,
1043 1979 1188 2058 simulque

177 2065 280 2126 doctus
302 2082 357 2142 per
378 2062 474 2123 aliena
496 2064 696 2142 experimenta
716 2080 815 2141 parum
831 2061 934 2141 prollci
949 2062 1051 2139 armis,
1074 2064 1100 2122 si
1114 2064 1188 2122 iuiu-

177 2151 237 2210 riae
267 2157 475 2226 sequerentur,
500 2164 603 2208 causas
623 2145 767 2208 bellorum
796 2147 893 2206 statuit
920 2145 1067 2207 excidere.
1109 2165 1126 2208 a
1154 2165 1189 2207 se

178 2235 296 2311 suisque
320 2249 404 2292 orsus
426 2233 545 2311 primum
569 2231 683 2294 domum
706 2247 785 2291 suam
808 2232 955 2306 coercuit,
978 2230 1056 2309 quod
1080 2231 1188 2311 pleris-

155 2334 235 2396 sque
252 2314 326 2376 baud
348 2316 439 2375 minus
461 2317 578 2376 arduum
600 2323 646 2375 est
671 2332 755 2393 quam
771 2315 949 2393 prouinciam
966 2332 1086 2391 regere.
1117 2315 1188 2375 nibil

180 2418 233 2479 per
247 2399 368 2460 libertos
385 2416 549 2480 servosque
564 2397 698 2478 publicae
722 2399 781 2476 rei,
804 2416 862 2457 uon
878 2397 979 2459 studiis
993 2399 1116 2477 privatis
1131 2417 1188 2459 nec

178 2502 216 2545 ex
234 2483 481 2545 commendatione
496 2493 544 2544 aut
559 2481 697 2563 precibus
713 2483 909 2544 centurionem
920 2481 1064 2542 militesve
1078 2484 1187 2559 ascire,

179 2567 232 2629 sed
249 2568 385 2647 optimum
408 2584 552 2647 quemque
572 2565 740 2628 fidissimum
758 2575 870 2646 putare.
906 2567 999 2627 omnia
1013 2566 1106 2643 scire,
1128 2583 1186 2628 nou

180 2653 274 2712 omnia
293 2653 425 2731 exsequi.
458 2651 557 2731 parvis
575 2652 707 2732 peccatis
723 2651 851 2728 reniam,
868 2650 980 2728 magnis
998 2651 1183 2711 severitatem

144 2729 379 2806 accommodar03
412 2755 468 2797 nec
493 2753 589 2816 poena
614 2752 748 2814 semper,
782 2734 834 2794 sed
863 2734 981 2812 saepius
1009 2733 1185 2812 paenitentia

181 2828 332 2880 contentus
348 2837 431 2888 esse;
448 2820 555 2881 ciliciis
571 2827 601 2880 et
616 2816 909 2880 administrationibus
928 2817 1024 2898 potius
1042 2833 1102 2878 nou
1116 2833 1184 2896 pec

180 2911 297 2964 cataros
320 2921 522 2983 praeponere,
544 2920 628 2982 quam
649 2903 784 2965 damnare
806 2920 871 2964 cum
896 2909 1084 2982 peccassent.
1124 2900 1182 2961 iru-

179 2987 266 3048 meuti
281 2996 310 3047 et
323 2986 492 3048 tributorum
507 2987 690 3048 exactionem
705 2987 878 3066 aequalitate
892 3003 1040 3049 munerum
1058 2983 1185 3060 mollire,

180 3072 358 3132 circumcisis
382 3073 505 3151 quaein
533 3079 684 3151 quaestum
702 3079 821 3151 reperta
845 3071 910 3152 ipso
937 3069 1046 3132 tribulo
1066 3070 1188 3148 gravium

146 3154 389 3217 attolerabantur.
424 3173 546 3235 namque
567 3173 622 3236 per
644 3153 796 3216 ludibrium
819 3153 954 3218 adsidere
982 3153 1089 3216 clausis
1117 3152 1186 3214 bor-

179 3239 238 3297 reis
268 3247 419 3299 atemere
444 3239 519 3300 ultro
547 3239 687 3301 frumenta
704 3238 874 3308 ac†ludere
882 3240 979 3318 pretio
993 3237 1184 3315 cogebantur.

180 3319 313 3382 devortia
346 3319 479 3383 itinerum
515 3330 545 3384 et
577 3323 774 3403 longinquitas
811 3324 977 3401 regionum·
994 3320 1185 3396 indicebatur,

179 3409 210 3459 ut
230 3403 363 3464 civitates
391 3406 532 3484 proximis
555 3404 684 3467 bibernis
710 3409 739 3466 in
761 3415 872 3468 remota
900 3416 930 3467 et
950 3405 1012 3468 avla
1033 3401 1186 3466 deferrent
