2546 3872
182 159 223 222 34
403 165 960 218 conunnrruscmrursroarsauu

183 324 257 386 diuis
280 321 451 384 adferebant
474 321 567 382 falsae
593 321 714 382 virtutes
739 329 768 380 et
793 321 862 382 vitia
890 321 1026 382 reditura.
1061 321 1197 383 blarium

161 407 301 476 acelsum
318 407 467 467 consulem
484 405 682 483 designatum,
705 422 759 482 per
774 406 904 483 speciem
920 405 1104 467 naeniarum
1122 423 1197 466 sae-

184 494 270 552 vitiae
283 491 402 551 militum
413 489 598 565 subtractum,
615 488 703 548 acciri
714 489 743 546 iu
756 485 930 566 Capitolium
943 488 1021 549 iubet
1029 511 1037 559 ;
1055 489 1197 550 clemen-

184 567 241 636 tiae
261 574 359 635 titrrlus
375 592 392 634 e
406 575 470 634 viro
487 572 567 633 claro
582 580 610 633 et
625 570 755 652 partibus
771 572 866 632 inviso
882 572 1045 650 petebatur.
1077 569 1197 633 Celsus

185 667 353 721 constanter
384 665 519 718 seruatae
545 674 617 734 erga
643 655 762 717 Galbam
789 655 857 716 fidei
883 658 991 716 crimen
1017 655 1198 732 coufessus,

184 742 348 824 exemplum
369 741 444 802 ultro
467 741 625 819 imputavit.
656 757 712 798 neo
728 737 804 800 Otho
825 739 907 818 quasi
922 739 1107 817 ignosceret,
1134 739 1199 800 sed

149 844 222 887 rone
243 825 358 883 hostem
376 830 532 898 metueret,
555 820 774 882 conciliationos
810 819 966 900 adhibens,
994 823 1089 883 statim
1110 825 1199 883 inter

183 911 297 969 intimos
312 909 421 968 amicos
436 906 549 985 babuit,
565 914 595 968 et
605 922 674 966 mox
685 905 764 967 bello
775 906 850 968 inter
861 905 953 966 duces
963 906 1088 984 delegit;
1105 923 1197 970 mau-

185 995 278 1072 sitque
298 990 388 1052 Celso
409 991 490 1066 velut
507 989 635 1052 fataliter
657 992 742 1050 etiam
763 1008 816 1070 pro
840 989 954 1050 Othone
976 989 1049 1051 fides
1068 991 1196 1069 integra

185 1085 214 1137 et
232 1075 343 1136 infelix.
385 1074 464 1136 laeta
486 1073 661 1154 primoribus
683 1073 824 1151 civitatis,
854 1071 1003 1137 celebrata
1024 1074 1053 1135 iu
1077 1073 1196 1153 volgus

186 1158 265 1221 Gelai
280 1159 359 1220 salus
373 1177 409 1218 ne
421 1157 558 1219 militibus
574 1156 689 1236 quidem
704 1158 817 1236 ingrata
833 1157 900 1237 fuit,
918 1159 1039 1219 eandem
1049 1158 1194 1218 simulem

150 1267 175 1308 rs
183 1243 388 1305 admirantibus
405 1243 451 1302 cui
465 1240 673 1303 irascebantur.

255 1329 305 1390 72.
341 1325 397 1387 Par
421 1324 488 1387 iude
515 1325 671 1386 exsultatio
705 1321 868 1405 disparibus
901 1325 995 1388 causis
1025 1333 1182 1387 consecuta

184 1420 328 1494 inpetrato
354 1409 492 1488 Tigellini
525 1409 623 1471 exitio.
667 1407 834 1487 Sophonius
859 1405 1022 1486 Tigellinus
1049 1407 1186 1469 obscuris

185 1494 367 1576 parentibus,
389 1493 477 1554 foeda
499 1495 638 1572 pueritia,
659 1492 796 1572 inpudica
812 1501 946 1570 senecta,
970 1492 1185 1571 praefecturam

184 1580 304 1658 vigilum
328 1587 357 1638 et
377 1578 515 1656 praetorii
534 1585 564 1637 et
581 1575 637 1637 alia
654 1577 783 1656 praemia
797 1578 947 1654 virtutum,
970 1575 1035 1656 quia
1051 1576 1186 1638 velocius

161 1672 258 1740 serat,
273 1663 350 1722 vitiis
362 1660 499 1740 adeptus,
518 1659 716 1721 crudelitatem
728 1677 813 1738 mox,
830 1658 934 1719 deiude
958 1661 1124 1736 avaritiam,
1146 1659 1187 1719 vi·

184 1748 247 1807 rilia
259 1745 385 1820 scelera,
393 1743 536 1819 exercuit,
546 1749 685 1820 corrupto
693 1741 728 1802 ad
737 1760 822 1802 omne
833 1743 946 1804 facinus
952 1741 1083 1823 Nerone,
1096 1761 1187 1823 quae·

185 1831 249 1889 darn
269 1829 372 1904 ignaro
395 1843 497 1903 ausus,
521 1843 556 1886 ac
574 1835 723 1904 postremo
744 1825 874 1888 ciusdem
889 1826 1022 1890 desertor
1036 1845 1071 1888 ac
1086 1826 1187 1906 prodi·
1250 1857 1251 1908 p

185 1923 246 1972 tor:
278 1909 353 1970 unde
380 1923 438 1968 uon
468 1909 552 1971 alium
582 1909 757 1988 pertinacius
786 1911 822 1972 ad
852 1928 977 1991 poenam
1000 1909 1186 1989 flagitavere,

186 1993 303 2056 diverso
319 1992 450 2069 adfectu,
468 1992 570 2072 quibus
585 1992 682 2054 odium
695 1993 822 2056 Neronis
838 1996 930 2056 inerat
945 2003 975 2054 et
988 1993 1091 2076 quibus
1108 1993 1185 2054 desi·

151 2078 304 2144 roderium.
322 2075 399 2157 apud
411 2075 530 2138 Galbam
542 2076 597 2138 diti
610 2078 687 2137 Vinii
702 2077 831 2158 potentia
846 2077 994 2156 defensus,
1010 2087 1184 2156 praetensu-

186 2164 223 2223 tis
244 2169 388 2223 servatam
408 2160 445 2221 ab
467 2179 503 2221 eo
519 2160 616 2222 liliam.
649 2160 725 2222 baud
739 2160 826 2221 dubio
840 2169 1028 2240 servaverat,
1050 2178 1108 2222 non
1124 2161 1184 2222 cle·

185 2246 306 2324 mentia,
322 2247 430 2324 quippe
443 2252 487 2305 tot
501 2245 678 2322 interfectis,
694 2243 747 2305 sed
762 2245 899 2323 effugium
914 2246 943 2306 iu
960 2244 1100 2321 futurum,
1117 2245 1184 2324 quis

186 2329 330 2412 pessimus
346 2331 470 2408 quisque
485 2326 644 2390 diffidentia
660 2331 856 2408 praesentium
873 2330 1057 2390 mutationem
1071 2345 1184 2408 parens

186 2414 326 2475 adversus
346 2412 492 2491 publicum
515 2411 609 2473 odium
623 2414 765 2492 privatam
780 2414 902 2491 gratiam
918 2421 1089 2494 praeparat;
1108 2411 1183 2472 unde

151 2497 265 2558 utnulla
279 2496 462 2558 innocentiae
482 2514 568 2574 cura,
589 2496 641 2557 sed
662 2497 744 2557 rioes
765 2498 949 2577 impunitatis.
985 2514 1021 2557 eo
1043 2497 1184 2558 infensior

186 2580 329 2661 populus,
350 2579 446 2642 addita
466 2578 502 2641 ad
524 2587 606 2640 vetus
628 2580 765 2658 Tigellini
791 2579 886 2641 odium
906 2581 1018 2641 receuti
1034 2578 1091 2642 rid
1107 2579 1184 2642 Vinii

186 2662 309 2738 invidia,
326 2681 504 2724 concurrere
513 2682 551 2723 ex
565 2671 626 2724 tota
646 2664 718 2725 urbe
739 2667 768 2724 in
784 2663 921 2725 Palatium
941 2665 1069 2742 anfora,
1093 2663 1184 2724 etnbi
1248 2663 1249 2672 ’

186 2748 308 2828 plurima
327 2747 409 2824 volgi
429 2747 564 2823 licentia,
584 2747 613 2806 iu
633 2749 741 2808 circum
759 2766 794 2809 ac
809 2748 923 2810 theatra
938 2749 1022 2809 ellusi
1037 2747 1182 2809 seditiosis

186 2831 309 2891 vocibus
321 2839 470 2910 strepere,
487 2828 583 2891 donec
592 2831 754 2910 Tigellinus
763 2839 888 2913 accepto
904 2831 979 2912 apud
991 2832 1181 2909 Sinuessanas

148 2935 178 2978 so
188 2932 278 2994 aquas
294 2932 448 2993 supremae
456 2915 639 2976 necessitatis
648 2916 747 2976 nuntio
759 2917 834 2978 inter
846 2925 946 2996 stupra
958 2917 1180 2978 concubinarum

188 3009 217 3060 et
238 2999 338 3061 oscula
356 3007 387 3058 et
407 2997 554 3058 deformes
574 3016 671 3060 moras
693 3002 780 3060 sectis
801 3000 943 3062 novacula
964 3001 1096 3062 faucibus
1112 3001 1179 3061 infa-

187 3101 260 3143 mem
275 3085 362 3144 vitani
376 3081 507 3145 foedavit
522 3083 608 3144 etiam
623 3085 701 3144 exitu
717 3101 787 3145 sero
802 3094 832 3144 et
846 3083 1010 3146 inhonesto.

250 3168 302 3230 73.
328 3167 386 3227 Per
406 3167 482 3228 idern
502 3175 616 3247 tempus
637 3168 820 3247 expostulata
842 3167 878 3230 ad
893 3167 1067 3248 supplicium
1083 3165 1178 3229 calcia
1247 3231 1248 3240 χ

188 3251 356 3331 Crispinilla
387 3252 475 3311 variis
506 3251 742 3313 frustrationibus
772 3261 802 3314 et
832 3251 955 3314 adversa
980 3251 1177 3313 dissimulantis
1247 3249 1248 3306 l

189 3337 327 3417 principis
344 3335 418 3396 fama
434 3336 564 3415 periculo
580 3345 714 3416 exempta
732 3345 786 3398 est.
810 3335 948 3416 magistra
963 3335 1109 3397 libidinum
1123 3333 1176 3396 Ne·

189 3421 287 3497 ronis,
307 3429 490 3498 transgressa
512 3422 541 3481 in
558 3420 689 3482 Africam
712 3420 748 3482 ad
768 3421 959 3500 instigandum
978 3422 1006 3482 iu
1017 3437 1098 3492 arma
1112 3416 1172 3480 dlo-
