2596 3872
435 140 540 188 uranu
554 141 717 194 xrwcnr.
732 139 854 198 ιιι-53.
947 89 950 94 ¹
1029 145 1032 148 ·
1085 132 1146 195 275

145 295 270 358 validior
285 277 446 374 Tigellinus
469 295 498 354 in
521 296 614 357 anino
638 297 777 378 principis
800 308 829 360 et
852 301 958 362 intimis
981 298 1146 361 libidinibus

54 431 59 438 .
144 381 325 460 adsumptus,
354 397 497 459 prospere
520 379 621 460 populi
644 388 672 440 et
692 383 810 442 rnilitum
834 383 909 446 fama
931 385 1040 462 Rufus,
1068 383 1144 463 quod

143 463 222 546 apud
235 463 382 525 Neronem
397 463 548 524 adversum
563 463 778 544 experiebatur.

209 548 259 610 52.
281 547 362 608 llors
383 547 466 608 Burri
491 547 609 626 infregit
635 549 766 610 Senecae
795 554 968 631 potentium,
1001 553 1068 632 quia
1091 569 1147 612 uec

143 634 229 694 bonis
246 630 352 693 artibus
373 631 450 692 idern
467 633 568 692 virium
590 641 651 693 erat
670 630 764 695 altero
786 636 866 697 velut
885 636 958 698 duce
981 645 1093 712 amoto,
1118 643 1147 694 et

143 718 224 780 Nero
241 716 276 777 ad
294 716 456 776 deteriores
472 716 637 777 inclinabat.
682 717 711 776 lri
726 719 813 779 variis
831 719 1078 781 criminationibus
1094 719 1145 778 Se·

143 819 246 862 uecam
276 799 455 879 adoriuntur,
486 809 629 880 tamquam
654 803 787 877 ingentes
811 813 840 864 et
866 805 1007 885 priuatum
1032 803 1146 865 modum

143 892 264 948 evectas
285 902 358 963 opes
381 883 474 944 adhue
493 893 631 963 augeret,
661 885 797 965 quodque
824 887 917 948 studia
939 889 1042 948 civium
1062 888 1092 946 iu
1113 903 1173 950 ses

143 977 291 1043 verteret,
315 967 464 1028 hortorum
488 985 604 1049 quoque
630 971 803 1030 amoenitate
831 981 859 1032 et
888 971 1017 1034 villamm
1039 970 1146 1048 magui·

144 1053 260 1116 fruentia
277 1054 358 1130 quasi
378 1053 539 1132 prinoipem
562 1053 834 1132 supergrederetur.
874 1055 1041 1116 obiciebant
1062 1055 1147 1114 etiam

144 1138 330 1216 eloquentiae
352 1135 465 1198 laudem
486 1138 533 1196 uni
555 1136 609 1198 sibi
629 1136 795 1198 adsciscere
820 1147 850 1198 et
872 1141 997 1200 carmina
1018 1137 1147 1200 crebrius

144 1223 295 1301 factitare,
320 1228 473 1307 postquam
489 1219 600 1281 Neroni
622 1239 701 1282 amor
723 1239 822 1282 eorum
845 1225 983 1284 venisset
1016 1241 1079 1285 narn
1096 1219 1147 1281 oh-

144 1304 326 1368 lcctamcntis
362 1305 504 1384 principis
536 1305 630 1383 palam
655 1305 780 1384 iniquum
805 1307 970 1368 detrectare
997 1309 1054 1367 uim
1084 1307 1181 1370 eiusn
1292 1289 1293 1292 Ἴ

147 1405 240 1468 equos
254 1391 400 1467 regentis,
415 1386 548 1448 inludere
565 1405 675 1466 voces,
693 1389 828 1467 quotiens
843 1400 971 1450 caneret.
1008 1408 1093 1470 quem
1111 1388 1147 1448 ad

149 1475 231 1534 linem
248 1471 319 1532 nilril
340 1473 369 1532 irr
389 1491 422 1532 re
443 1471 561 1551 publiea
579 1472 686 1533 clarum
706 1472 771 1533 fore
795 1473 872 1552 quod
892 1491 950 1534 uun
970 1473 1006 1536 ab
1026 1473 1078 1535 illo
1100 1491 1146 1532 re·
1219 1519 1221 1524 .

147 1559 236 1638 periri
263 1553 420 1617 credatur?
446 1565 526 1617 certe
551 1557 656 1618 finitam
678 1553 804 1618 Neronis
830 1559 981 1637 pueritiam
1005 1563 1034 1618 e't
1058 1555 1147 1618 robur

145 1638 417 1702 iuventae-adesse:
434 1648 555 1700 exueret
569 1641 754 1719 magistrum,
774 1641 844 1702 satis
859 1640 961 1722 amplis
977 1639 1148 1704 doctoribus
1168 1693 1173 1700 ,

147 1729 303 1787 instructus
316 1723 471 1784 maioribus
484 1722 555 1784 suis.
1158 1745 1180 1790 u

210 1808 260 1870 53.
283 1806 324 1867 m
343 1807 457 1869 Seneca
485 1810 690 1871 criminantium
717 1827 775 1870 non
799 1812 935 1888 ignarus,
960 1807 1173 1890 prodentibus·

143 1892 183 1954 iis
198 1890 302 1971 quibua
322 1891 417 1971 aliqua
442 1892 556 1953 honesti
579 1910 664 1972 cura,
685 1902 714 1954 et
733 1893 954 1954 familiaritatem
976 1895 1037 1953 eius
1054 1892 1147 1968 magis

145 1983 323 2056 aspernante
337 1973 482 2052 (laesere,
504 1984 617 2055 tempus
635 1979 762 2038 sermoni
780 1986 846 2038 orat
860 1986 890 2038 et
911 1984 1036 2056 accepto
1052 1977 1092 2037 ite
1107 1975 1146 2034 in·

150 2060 234 2140 cipit:
262 2063 398 2139 ‘quartus
421 2059 559 2120 decumus
585 2069 758 2139 accusent,
785 2059 909 2139 Caesar,
937 2079 974 2121 ex
1002 2076 1059 2138 quo
1083 2059 1147 2137 spei

149 2153 214 2204 tuae
240 2142 371 2204 admotus
396 2162 473 2222 sum,
501 2153 636 2222 octavus,
663 2154 693 2205 ut
717 2145 868 2224 imperium
895 2142 1025 2204 obtines:
1051 2141 1170 2204 medios

146 2228 287 2306 temporis
310 2235 417 2288 tantum
437 2227 577 2293 honorum
595 2235 682 2308 atque
705 2245 790 2306 opum
812 2229 841 2287 in
861 2246 905 2288 mc
929 2224 1093 2304 cumulasti,
1117 2234 1148 2285 ut

146 2311 218 2374 nilril
235 2311 365 2372 felicitati
386 2328 469 2372 meae
487 2311 561 2372 desit
582 2312 636 2371 nisi
654 2310 814 2372 moderatio
835 2313 906 2371 eius.
951 2319 1014 2371 utar
1035 2309 1147 2387 magnis

147 2395 308 2476 exemplis,
324 2413 381 2455 nce
394 2405 478 2456 meae'
491 2396 623 2456 fortunae
638 2395 690 2455 sed
705 2403 780 2455 tuae.
803 2395 913 2456 abavus
923 2404 987 2456 tuus
998 2392 1147 2470 Augustus

145 2481 185 2542 lll.
210 2479 363 2560 Agrippae
381 2479 573 2556 Mytilenense
596 2488 756 2557 secretum,
781 2478 814 2540 G.
837 2478 1000 2540 Maecenati
1025 2476 1096 2536 urbe
1118 2476 1148 2535 in

147 2567 210 2644 ipsa
225 2562 306 2622 velut
322 2564 507 2642 peregrinum
521 2564 607 2624 otium
623 2565 767 2642 permisit;
783 2580 903 2643 quorum
919 2562 992 2624 alter
1006 2560 1148 2621 bellorum
1159 2582 1181 2624 n

148 2648 264 2725 socius,
288 2646 362 2708 alter
378 2648 489 2709 Romae
510 2646 640 2726 pluribus
662 2646 810 2710 laboribus
830 2648 952 2708 iactatus
970 2645 1066 2725 ampla
1088 2645 1148 2724 qui·

131 2734 229 2810 v(leur,
252 2729 306 2791 sed
328 2748 382 2810 pro
402 2731 566 2810 ingentibus
586 2732 695 2792 meritis
716 2733 844 2811 praemia
865 2737 1051 2810 acceperant.
1090 2745 1148 2805 ego

147 2815 217 2896 quid
226 2814 523 2876 aliudmuuilicentiae
538 2813 752 2874 tuaeadhibere
766 2815 848 2893 potui
857 2831 940 2892 quam
949 2810 1052 2888 studia,
1066 2816 1096 2868 ut
1105 2813 1149 2872 sic

147 2898 284 2975 dixerim,
307 2896 455 2958 inumbra
475 2896 610 2975 educata⁷
630 2906 658 2957 et
676 2896 778 2976 quibus
800 2896 940 2957 claritudo
955 2896 1049 2973 venit,
1072 2895 1150 2975 quod

147 2979 283 3046 iuuentae
304 2989 371 3042 tuae
392 2980 559 3041 rudimentis
581 2977 709 3041 adfuisse
731 2979 851 3059 videor,
870 2979 985 3058 prende
1005 2978 1089 3039 huius
1105 2979 1183 3040 rein

147 3067 291 3149 predum:
316 3073 345 3136 at
357 3074 386 3125 tu
401 3066 521 3142 matiam
541 3067 712 3141 inmensam,
734 3064 910 3126 innumeram
924 3065 1075 3142 pecuniam
1094 3065 1147 3122 cir-

149 3148 334 3227 eumdedisti,
350 3147 423 3210 adeo
438 3158 468 3209 ut
483 3148 653 3228 plemmque
666 3149 741 3209 intra
756 3167 802 3208 me
816 3150 881 3228 ipse
896 3148 1026 3208 volvam:
1043 3164 1148 3225 egone,

149 3235 279 3316 equestri
303 3241 332 3294 et
349 3233 521 3312 provinciali
547 3233 615 3294 loco
642 3241 737 3310 ortus,
760 3231 933 3312 proceribus
958 3231 1080 3293 civitatis
1101 3229 1147 3290 ad·

149 3315 306 3387 numeror?
327 3319 402 3378 inter
416 3316 534 3378 nobiles
548 3326 577 3379 et
592 3316 680 3394 longa
696 3314 803 3377 decora
818 3315 1020 3395 praeferentes
1035 3317 1149 3374 nouitas

150 3422 215 3466 mea
236 3399 357 3465 enituit?
387 3401 436 3463 ubi
463 3411 508 3463 est
536 3402 644 3462 animus
666 3400 716 3460 ille
737 3398 859 3461 modicis
881 3395 1054 3540 conqegnqus‘l
1081 3396 1182 3456 talisi·
