2568 3870
195 169 236 230 tt
417 178 582 229 conunun
598 174 971 226 nsotmmssonsuenrt

193 349 264 412 spes
277 330 481 392 bonorstaein
499 339 648 410 posterum
666 328 794 392 militiae.
830 327 937 389 addidit
956 327 1045 389 classi
1065 326 1192 390 urbanas

197 418 334 478 eohortes
357 425 388 476 at
407 415 567 495 plerosque
586 431 605 474 e
619 413 825 494 praetorianis,
840 412 911 470 viris
929 420 959 471 et
972 411 1062 476 robur
1078 413 1190 472 exerei-

196 509 243 561 tus
259 510 346 580 atque
361 501 433 578 ipsis
448 497 569 559 dnoibns
586 496 736 560 eonsilium
751 505 782 558 et
794 494 943 556 eustodes
972 511 1082 556 ιιιιιιιιιιι
1096 513 1190 574 expe·

163 603 187 646 ιι
197 583 311 644 ditionis
331 582 458 642 Antonio
484 580 629 658 Novello,
656 578 766 642 Suedio
785 577 929 642 Clementi
954 577 1191 657 primipilaribus,

195 667 321 728 Aemilio
340 666 481 742 Paoensi,
503 666 551 727 oni
572 665 736 742 ademptum
758 661 881 724 nilnlba
902 661 1074 723 tribunatum
1091 660 1193 722 reddi·

196 751 294 827 derat,
317 751 470 832 permissa.
506 767 603 810 annm
617 749 730 809 navium
744 744 882 810 llosobus
897 744 1017 806 libortum
1044 742 1193 804 retinebat

194 832 231 893 ad
239 832 451 892 observamlanr
460 831 663 892 honestiorum
672 826 959 906 lidemlimmutatusl.
970 827 1098 907 peditum
1109 831 1191 908 equi·

194 924 311 993 tumque
335 914 428 993 oopiia
451 913 607 974 Suetonius
629 911 780 987 l’aulinns,
802 908 908 972 blasius
935 910 1055 987 Celsus,
1077 909 1193 970 Annius

161 1015 186 1056 ιι
197 996 296 1058 (lullus
315 1005 449 1058 restores
468 994 618 1064 destinati3
640 994 694 1058 sed
709 994 828 1073 plurima
847 993 920 1056 ddes
935 994 1045 1056 bieinio
1061 993 1192 1068 Propnlo

194 1080 334 1158 praetorii
354 1078 516 1158 prseieeto.
551 1078 576 1140 is
598 1077 725 1140 urbanae
748 1078 865 1140 militiae
887 1078 1026 1158 impiger,
1046 1077 1191 1139 bellorum

194 1162 339 1239 insolens,
363 1161 564 1223 austeritatem
582 1161 710 1237 Paulini,
732 1162 862 1238 vigorem
884 1159 979 1238 Celsi,
1000 1162 1190 1225 maturitatem

104 1295 111 1311 .
195 1244 284 1324 (lalli,
300 1254 331 1306 ut
346 1247 451 1324 empne
466 1253 544 1322 erat,
559 1244 750 1323 criminando,
765 1244 844 1323 qnod
859 1244 1024 1308 laoillinrum
1040 1245 1188 1322 tremeat

194 1347 302 1409 pravus
319 1337 349 1390 et
365 1328 485 1389 pallidus
499 1327 594 1390 bonos
609 1337 639 1389 et
652 1327 802 1390 modestos
817 1327 955 1390 anteibat.

253 1410 303 1476 88.
326 1412 481 1492 Sepositus
494 1429 549 1492 per
571 1428 625 1472 eos
635 1411 710 1488 ‚dies
726 1409 879 1473 Comedus
891 1409 1046 1475 Dolabella
1064 1411 1093 1472 in
1107 1409 1185 1470 onlo-

191 1496 267 1557 niam
282 1495 474 1575 Aquinatem,
488 1512 585 1575 neque
597 1503 658 1557 arts
670 1493 800 1557 munita
811 1511 907 1573 neque
925 1493 1066 1570 obseura,
1082 1493 1186 1554 nullum

191 1579 230 1639 ob
246 1580 371 1656 minen,
386 1579 439 1640 sed
452 1587 568 1641 veluto
583 1580 698 1638 nomine
712 1588 742 1641 ot
757 1578 973 1656 propinquitate
984 1576 1095 1640 outae
1108 1595 1189 1638 ,mou-

191 1671 308 1724 stratns.
337 1662 708 1738 multonemapistratibus,
720 1677 851 1738 magnam
868 1661 1060 1726 eousuutum
1076 1670 1189 1740 partem

167 1742 285 1820 totino,
301 1763 359 1806 non
370 1744 529 1823 partieipes
542 1745 747 1807 subministros
758 1744 854 1822 bebo,
865 1745 922 1808 sed
939 1747 1071 1808 uomitum
1086 1746 1191 1823 speeie

192 1845 292 1888 seeum
314 1826 450 1907 expediri
474 1826 569 1903 iubet,
592 1827 621 1888 in
641 1828 706 1905 quis
723 1835 753 1888 et
768 1826 887 1889 Lusium
901 1828 1065 1904 Vitellium,
1081 1828 1189 1888 eodem

191 1927 250 1991 quo
266 1918 383 1971 eeteros
398 1910 492 1988 uoltu,
511 1927 570 1970 nee
584 1918 614 1970 ut
629 1911 812 1987 imperatoris
831 1911 951 1972 imment
967 1930 1022 1977 seo
1038 1919 1069 1971 ut
1083 1911 1190 1972 bostis.
1260 1891 1262 1962 Ὗ

189 1994 277 2072 igitur
290 2001 386 2054 metae
404 1991 485 2056 urbis
509 2010 612 2063 onrae;
630 1993 726 2054 nullus
742 1994 815 2056 ordo
836 2005 913 2056 metu
926 2005 974 2058 aut
990 1993 1122 2074 parioulo
1139 2013 1190 2054 va·
1260 1963 1261 2030 l

191 2095 271 2138 euna.
298 2077 443 2157 primores
456 2085 574 2138 senatus
582 2085 680 2138 aetate
694 2077 813 2138 invalidi
827 2087 860 2138 ot
871 2078 959 2156 louge
971 2096 1045 2158 paee
1056 2077 1190 2155 desides,
1257 2039 1260 2138 Ι

155 2161 291 2238 anteguis
314 2169 344 2222 ot
365 2159 455 2222 oblita
476 2159 619 2223 bellorum
638 2160 789 2237 nobilitas,
810 2162 928 2239 ἰςιιιιιιιι
950 2162 1066 2225 militiae
1082 2179 1190 2241 eques,
1256 2141 1259 2240 l

190 2254 298 2324 quante
320 2246 414 2323 magis
434 2243 584 2304 oooultare
600 2252 631 2304 et
651 2243 761 2308 abdere
775 2262 915 2324 pavorem
932 2245 1112 2321 abduntur,
1128 2262 1190 2312 ma·
1257 2279 1258 2344 t

188 2327 323 2388 nilestius
338 2325 444 2406 pauidi.
479 2344 547 2388 nee.
557 2325 678 2389 deerant
694 2346 712 2388 e
733 2329 879 2391 oontnario
894 2331 943 2408 qui
957 2328 1113 2390 ambitione
1128 2336 1188 2388 sto
1256 2363 1257 2366 =

189 2410 248 2473 lida
274 2412 433 2491 oouspioua
462 2409 556 2485 arma',
587 2411 717 2488 insignat
741 2428 851 2490 equos,
880 2412 993 2491 quidam
1016 2411 1191 2474 luxuriosos

189 2502 345 2574 apparatus
361 2493 561 2554 oooviriorum
575 2503 604 2554 et
618 2494 793 2557 irritamenta
809 2495 956 2560 libidinum
967 2504 1002 2558 ut
1014 2495 1190 2559 momumen-

153 2597 180 2638 ιι
189 2585 247 2638 tum
270 2576 341 2638 belli
360 2579 569 2638 mercarentur.
605 2577 787 2656 sapientibus
805 2580 911 2658 quietis
931 2589 964 2640 ot
983 2578 1190 2658 reipublicae

189 2678 272 2731 ears:
294 2660 459 2722 levissimus
478 2660 601 2738 quisque
622 2670 652 2722 et
673 2661 760 2724 loturi
777 2662 956 2740 improuidus
977 2680 1033 2742 spo
1052 2679 1127 2724 uana
1145 2671 1191 2722 tu-

187 2761 284 2814 nens3
303 2743 383 2804 multi
404 2741 520 2804 addieta
537 2743 595 2804 lide
609 2745 639 2805 ln
653 2761 728 2824 paee
753 2745 848 2823 auxii,
882 2745 1109 2812 turbatisrebus
1125 2745 1189 2807 aln-

189 2845 255 2888 ores
270 2835 299 2887 et
312 2845 368 2906 per
381 2825 492 2888 ineerta
500 2827 646 2888 tutissimi.

253 2908 303 2970 89.
326 2909 386 2971 Sed
403 2908 508 2987 volgus
530 2917 561 2970 st
581 2911 774 2990 magnitudine
790 2913 876 2975 ninia
897 2912 1086 2976 nomenoium
1099 2931 1188 2974 eura·

187 2992 1188 3144 dltdtdnttlbtfflbttt·ddtdldltlut⁰²¹tll

160 3095 1188 3326 ,ruamttluttdtdiztm

664 3291 673 3323 l

187 3327 268 3388 velut
288 3336 438 3389 externum
462 3326 524 3387 luit.
560 3345 624 3390 nam
644 3348 683 3391 en
703 3345 761 3409 quo
786 3329 869 3392 divos
883 3329 1033 3408 Augustus
1047 3350 1096 3392 res
1111 3330 1186 3391 Gae-
1232 3368 1237 3409 p

187 3425 281 3469 sarum
298 3409 477 3490 oomposuit,
492 3410 597 3488 proeul
611 3421 641 3473 et
655 3413 684 3472 in
698 3414 779 3474 unius
793 3413 1015 3476 sollicitudinem
1030 3422 1078 3474 aut
1091 3413 1188 3474 deone
1232 3442 1236 3451 ·
