2540 3874
403 179 508 228 uranu
523 179 572 228 111.
590 179 665 230 car.
678 178 798 232 sa—so.
1049 168 1108 232 103

106 335 264 415 sumptibus
281 335 402 395 exerciti
417 334 553 413 paulatim
569 333 739 395 exolevere.
773 352 875 395 oaueas
897 335 959 396 eins
975 339 1107 398 mulatio·

104 423 147 481 nis
164 436 307 499 quaerere
323 417 404 478 libet,
433 417 509 479 dites
530 417 597 478 olim
620 418 747 479 iamiliae
768 418 905 480 nobilium
928 429 976 480 aut
993 420 1129 483 clarita-s

105 506 170 566 dine
186 504 314 582 insignes
333 501 426 564 stntlio
443 501 674 580 magnifioentiae
689 502 925 582 prolabebantur.
945 522 1009 564 nam
1023 508 1108 566 etiam

104 599 162 650 tum
177 587 296 667 plebem
318 587 417 648 suetos
439 604 530 665 regua
551 586 652 646 colere
669 595 698 647 et
715 587 773 648 ooli
788 586 911 657 lieitum;
936 597 966 648 ut
983 589 1107 668 quisque

104 672 210 753 opibus
228 672 313 732 domo
334 680 435 750 paratu
458 671 628 750 speciosus,
649 689 703 749 per
722 688 826 731 numen
849 680 878 732 et
899 671 1050 734 clientelas
1066 677 1107 732 in·

103 758 222 818 lustriur
243 755 413 816 habebatur.
443 763 597 834 postquam
619 754 756 814 caedibus
786 756 927 816 saevitum
951 764 979 816 et
998 744 1106 836 magni·

101 841 172 903 tudo
187 841 282 901 iamne
300 838 389 900 exitio
403 847 482 916 erat,
499 839 590 900 ueteri
606 839 643 899 ad
657 839 834 919 sapientiora
852 847 1035 901 conuertere.
1068 843 1105 901 si·
1118 849 1142 892 ¹⁰

101 925 160 986 mul
181 924 250 984 novi
269 923 400 984 bomines
423 923 617 1002 emunieipi'u
639 932 667 983 et
685 923 808 984 coloniis
824 932 911 1002 atque
933 924 1017 986 etiam
1039 943 1106 1004 pro·

101 1008 205 1070 riualis
220 1009 249 1068 in
265 1015 395 1068 senatum
417 1007 523 1068 erebro
540 1007 682 1086 adsumpti
703 1006 890 1068 domesticam
905 1009 1108 1086 parsimoniam

9 1095 11 1138 l
101 1093 275 1168 intulerunt,
299 1101 329 1152 et
351 1109 522 1172 quamquam
541 1090 656 1152 fortuna
675 1091 724 1152 rel
745 1090 883 1152 industria
904 1091 1038 1172 plerique
1056 1110 1107 1173 pe·
1164 1103 1166 1107 ·

102 1177 251 1238 onniosam
266 1175 302 1236 aul
317 1184 466 1236 senectam
480 1177 683 1255 peruenirent,
705 1173 808 1235 mansit
829 1183 924 1236 tamen
946 1178 1027 1254 prior
1048 1177 1107 1238 ani·

101 1280 175 1321 mus.
202 1259 255 1320 sed
271 1260 445 1339 praecipuus
462 1259 592 1320 adstricti
605 1259 694 1319 moris
710 1267 812 1319 auctor
824 1257 1021 1337 Vespasianus
1043 1259 1106 1338 init,
1117 1269 1141 1310 1⁵

102 1345 221 1424 antiquo
237 1344 301 1422 ipse
318 1343 554 1422 uulturiotntpue,
588 1340 761 1421 obsequium
775 1341 842 1402 intle
857 1342 885 1401 in
903 1343 1062 1422 prinoipem
1079 1352 1109 1404 et

102 1422 264 1490 aemulandi
285 1443 366 1488 amor
383 1424 508 1487 valitlior
529 1443 613 1506 quam
637 1443 733 1504 poena
754 1443 792 1485 ex
815 1425 931 1503 legibus
954 1435 983 1486 et
1004 1437 1107 1488 metus.

102 1513 158 1574 nisi
174 1513 252 1572 iorte
270 1510 358 1572 rebus
375 1511 487 1572 eunetis
502 1511 579 1571 inest
593 1508 709 1589 quidam
720 1508 802 1570 velut
814 1508 904 1585 orbis,
923 1517 953 1569 nt
970 1527 1055 1588 quern
1074 1510 1110 1571 ad

101 1595 218 1656 modum
242 1603 404 1676 temporum
426 1594 524 1671 vines,
547 1595 587 1656 ita
611 1609 722 1654 morum
746 1601 911 1664 vertantur3
938 1610 993 1655 neo
1015 1595 1110 1654 omnia
1149 1604 1153 1612 '

90 1663 181 1762 'apud
196 1681 312 1759 priores
327 1678 466 1758 meliora,
488 1677 542 1738 sed
563 1687 662 1822 uospra
677 1694 794 1758 quoqne
811 1685 894 1738 aetas
913 1677 1000 1738 multa
1017 1677 1144 1738 laudis²⁰

102 1775 133 1826 et
155 1765 255 1830 artium
277 1763 411 1825 imitanda
432 1763 559 1842 posteris
581 1771 610 1822 tu
624 1762 654 1824 it.
689 1779 789 1823 rerum
810 1760 885 1821 base
906 1760 991 1821 nobis
1006 1760 1038 1823 ia
1051 1779 1109 1822 ma·

101 1853 183 1911 iores
199 1848 357 1910 certamina
376 1865 414 1908 ex
428 1849 553 1910 honesto
569 1855 711 1907 maneant.

67 2005 72 2012 ,
165 1931 216 1995 56.
244 1931 379 1994 Tiberius
399 1932 476 1994 lama
496 1931 704 1992 moderationis
726 1937 824 2009 parta,
853 1929 930 2009 qnod
951 1930 1110 2007 ingruentis

103 2025 294 2080 torneatores
316 2024 519 2096 represserat,
539 2015 624 2076 mittit
639 2015 739 2076 literas
755 2013 791 2074 ad
808 2021 953 2089 senatum,
976 2015 1040 2092 quis
1056 2030 1109 2093 po·

103 2108 239 2163 testatem
254 2101 435 2162 tribuniciam
449 2099 547 2162 Druso
562 2099 692 2179 petebat.
727 2097 755 2158 id
775 2097 876 2158 summi
897 2097 1005 2175 fastigii
1020 2114 1108 2159 voea-

102 2185 201 2247 bulnm
217 2184 365 2264 Augustus
383 2186 530 2264 repperit,
552 2200 589 2242 na
608 2185 687 2261 regia
707 2191 755 2242 aut
775 2180 925 2242 dictatoris
940 2198 1045 2241 nomeu
1060 2181 1110 2243 arl-

102 2278 234 2331 sumeret
250 2278 396 2330 notamen
411 2267 611 2348 appellatione
629 2267 726 2346 aliqua
740 2273 841 2326 uetera
852 2265 974 2344 imperia
987 2265 1132 2343 praemi-s

102 2363 198 2416 neret.
227 2352 356 2430 Marcum
373 2353 479 2414 uetnte
494 2351 654 2430 Agrippam
670 2350 782 2417 socium
794 2350 857 2408 eius
868 2349 1035 2428 potestatis,
1051 2365 1109 2428 quo

103 2437 242 2501 damnato
259 2437 407 2499 'liberium
422 2435 570 2498 Neronem
586 2435 706 2514 delegit,
729 2451 765 2494 ne
781 2449 939 2494 suceessor
953 2434 982 2493 iu
997 2433 1110 2493 ineerto

103 2524 192 2586 loret.
225 2523 269 2582 sio
291 2521 423 2583 cobiberi
446 2538 551 2600 pravas
569 2519 691 2582 aliorum
712 2536 783 2597 spes
797 2517 930 2588 rebatur;
950 2517 1033 2576 simul
1049 2531 1109 2576 mo·

103 2607 218 2668 destiaa
233 2604 358 2666 Neronis
374 2615 403 2666 et
420 2623 491 2666 suae
507 2602 693 2682 magnitudini
709 2601 825 2663 lidebat.
856 2617 912 2682 quo
928 2610 996 2662 tuno
1012 2619 1110 2661 exem·

103 2690 155 2772 plo
172 2689 307 2751 'liberius
318 2689 443 2752 Drusum
455 2705 582 2750 summae
596 2689 640 2749 rei
654 2687 790 2762 admouit,
807 2703 870 2746 oum
885 2683 1026 2745 ineolumi
1036 2684 1106 2748 Ger·
1120 2697 1146 2736 tt

102 2775 218 2835 manino
239 2775 383 2853 integrum
406 2774 483 2834 inter
504 2771 578 2834 duos
598 2771 732 2833 iutlioinm
751 2770 901 2831 tenuisset.
930 2769 983 2830 setl
1005 2770 1109 2848 prinoi-

102 2860 154 2941 pio
175 2858 323 2919 literarum
344 2865 500 2919 veneratus
520 2857 611 2932 deos,
635 2864 666 2916 ut
688 2855 809 2916 consilia
832 2871 883 2914 sna
907 2855 951 2914 rei
972 2853 1109 2932 publicae

102 2951 331 3025 prosperarent,
353 2941 466 3014 modica
488 2940 526 3001 tle
541 2940 669 3002 moribus
683 2938 879 2999 adulescentis
895 2955 990 3017 neque
1013 2939 1041 2997 in
1056 2937 1108 2998 ial-

101 3045 169 3089 sum
189 3034 274 3088 aneta
294 3025 413 3087 rettulit.
448 3042 515 3086 esse
534 3023 578 3084 illi
599 3024 752 3101 coniugem
769 3032 797 3083 et
819 3031 880 3082 tres
905 3021 1015 3082 liberos
1032 3039 1109 3083 earn·

103 3128 164 3190 que
178 3119 314 3187 aetatem,
333 3127 389 3188 qua
404 3110 469 3188 ipse
484 3108 654 3189 qnondama
670 3107 737 3169 diro
752 3105 884 3184 Augusto
900 3105 937 3166 atl
951 3117 1146 3185 capessent-1⁵

104 3196 174 3256 dura
192 3194 251 3256 boo
270 3209 371 3254 munus
395 3201 516 3255 uouatus
540 3193 586 3253 sit.
620 3209 716 3271 neque
732 3208 808 3252 nuno
823 3206 969 3270 propere,
986 3189 1038 3248 sed
1056 3206 1111 3266 per

105 3275 177 3340 unio
193 3295 284 3339 anuos
295 3287 382 3357 eapto
395 3276 800 3357 experimento„oompressis
812 3271 1015 3347 seditionibus,
1032 3287 1110 3330 eom·

105 3362 213 3442 positia
224 3360 328 3438 bellis,
349 3359 551 3441 triumphalem
572 3369 602 3422 et
618 3357 662 3420 bis
679 3356 829 3419 consulem
845 3357 905 3418 noti
920 3351 1029 3415 laboris
1045 3369 1111 3430 par·

106 3447 229 3525 tieipenr
244 3448 324 3506 sumi.
