<?xml version="1.0" encoding="UTF-8"?>
<!DOCTYPE html PUBLIC "-//W3C//DTD XHTML 1.0 Transitional//EN"
    "http://www.w3.org/TR/xhtml1/DTD/xhtml1-transitional.dtd">
<html xmlns="http://www.w3.org/1999/xhtml" xml:lang="en" lang="en">
 <head>
  <title>
</title>
<meta http-equiv="Content-Type" content="text/html;charset=utf-8" />
  <meta name='ocr-system' content='tesseract 3.04.00' />
  <meta name='ocr-capabilities' content='ocr_page ocr_carea ocr_par ocr_line ocrx_word'/>
</head>
<body>
  <div class='ocr_page' id='page_1' title='image "./libriquisupersu02tacigoog/libriquisupersu02tacigoog_0126.png"; bbox 0 0 2540 3874; ppageno 0'>
   <div class='ocr_carea' id='block_1_1' title="bbox 382 131 1088 194">
    <p class='ocr_par' dir='ltr' id='par_1_1' title="bbox 382 131 1088 194">
     <span class='ocr_line' id='line_1_1' title="bbox 382 131 1088 194; baseline 0.011 -10"><span class='ocrx_word' id='word_1_1' title='bbox 382 137 485 184; x_wconf 79' lang='lat' dir='ltr'><strong>urenae</strong></span> <span class='ocrx_word' id='word_1_2' title='bbox 506 138 543 186; x_wconf 87' lang='lat'><strong>11.</strong></span> <span class='ocrx_word' id='word_1_3' title='bbox 565 137 641 189; x_wconf 82' lang='lat' dir='ltr'><strong>ese.</strong></span> <span class='ocrx_word' id='word_1_4' title='bbox 665 137 798 194; x_wconf 76' lang='lat'><strong>56—-61-</strong></span> <span class='ocrx_word' id='word_1_5' title='bbox 1048 131 1088 193; x_wconf 88' lang='lat'><strong>67</strong></span> 
     </span>
    </p>
   </div>
   <div class='ocr_carea' id='block_1_2' title="bbox 21 291 1223 3405">
    <p class='ocr_par' dir='ltr' id='par_1_2' title="bbox 74 291 1223 2142">
     <span class='ocr_line' id='line_1_2' title="bbox 92 291 1113 374; baseline 0.006 -20"><span class='ocrx_word' id='word_1_6' title='bbox 92 292 171 369; x_wconf 88' lang='lat' dir='ltr'><strong>dere,</strong></span> <span class='ocrx_word' id='word_1_7' title='bbox 194 291 320 372; x_wconf 90' lang='lat' dir='ltr'><strong>pedibus</strong></span> <span class='ocrx_word' id='word_1_8' title='bbox 342 294 457 368; x_wconf 84' lang='lat' dir='ltr'><strong>intectis</strong></span> <span class='ocrx_word' id='word_1_9' title='bbox 478 302 508 353; x_wconf 89' lang='lat' dir='ltr'><strong>et</strong></span> <span class='ocrx_word' id='word_1_10' title='bbox 527 295 590 373; x_wconf 91' lang='lat' dir='ltr'><strong>pari</strong></span> <span class='ocrx_word' id='word_1_11' title='bbox 604 312 668 355; x_wconf 89' lang='lat' dir='ltr'><strong>cum</strong></span> <span class='ocrx_word' id='word_1_12' title='bbox 686 294 805 358; x_wconf 85' lang='lat' dir='ltr'><strong>Graecis</strong></span> <span class='ocrx_word' id='word_1_13' title='bbox 830 299 950 374; x_wconf 90' lang='lat' dir='ltr'><strong>amictu,</strong></span> <span class='ocrx_word' id='word_1_14' title='bbox 972 297 1004 358; x_wconf 84' lang='grc' dir='ltr'><strong>Ρ.</strong></span> <span class='ocrx_word' id='word_1_15' title='bbox 1023 291 1113 361; x_wconf 70' lang='lat' dir='ltr'><strong>Sci-&#39;r</strong></span> 
     </span>
     <span class='ocr_line' id='line_1_3' title="bbox 92 375 1088 460; baseline 0.006 -24"><span class='ocrx_word' id='word_1_16' title='bbox 92 377 177 456; x_wconf 81' lang='lat' dir='ltr'><strong>pionis</strong></span> <span class='ocrx_word' id='word_1_17' title='bbox 199 375 407 456; x_wconf 79' lang='lat' dir='ltr'>aemulatione,</span> <span class='ocrx_word' id='word_1_18' title='bbox 429 395 520 456; x_wconf 87' lang='lat' dir='ltr'><strong>quem</strong></span> <span class='ocrx_word' id='word_1_19' title='bbox 533 377 636 438; x_wconf 92' lang='lat' dir='ltr'><strong>eadem</strong></span> <span class='ocrx_word' id='word_1_20' title='bbox 655 378 834 444; x_wconf 78' lang='lat' dir='ltr'><strong>factitavisse</strong></span> <span class='ocrx_word' id='word_1_21' title='bbox 856 381 934 460; x_wconf 90' lang='lat' dir='ltr'><strong>apud</strong></span> <span class='ocrx_word' id='word_1_22' title='bbox 948 381 1088 460; x_wconf 83' lang='lat' dir='ltr'><strong>Siciliam,</strong></span> 
     </span>
     <span class='ocr_line' id='line_1_4' title="bbox 90 460 1101 544; baseline 0.004 -22"><span class='ocrx_word' id='word_1_23' title='bbox 90 460 210 542; x_wconf 69' lang='lat' dir='ltr'><strong>mauvis</strong></span> <span class='ocrx_word' id='word_1_24' title='bbox 226 461 368 539; x_wconf 83' lang='lat' dir='ltr'><strong>flagrante</strong></span> <span class='ocrx_word' id='word_1_25' title='bbox 385 462 482 524; x_wconf 85' lang='lat' dir='ltr'><strong>adhuc</strong></span> <span class='ocrx_word' id='word_1_26' title='bbox 494 462 659 525; x_wconf 83' lang='lat' dir='ltr'><strong>Poenorum</strong></span> <span class='ocrx_word' id='word_1_27' title='bbox 672 463 771 541; x_wconf 86' lang='lat' dir='ltr'><strong>bello,</strong></span> <span class='ocrx_word' id='word_1_28' title='bbox 796 467 972 544; x_wconf 86' lang='lat' dir='ltr'><strong>accepimus.</strong></span> <span class='ocrx_word' id='word_1_29' title='bbox 1003 466 1101 528; x_wconf 64' lang='lat' dir='ltr'><strong>Tine-⁴</strong></span> 
     </span>
     <span class='ocr_line' id='line_1_5' title="bbox 88 543 1187 628; baseline 0.006 -22"><span class='ocrx_word' id='word_1_30' title='bbox 88 549 142 606; x_wconf 91' lang='lat' dir='ltr'><strong>rius</strong></span> <span class='ocrx_word' id='word_1_31' title='bbox 159 545 237 605; x_wconf 77' lang='lat' dir='ltr'><strong>culm</strong></span> <span class='ocrx_word' id='word_1_32' title='bbox 258 543 415 624; x_wconf 86' lang='lat' dir='ltr'><strong>habituque</strong></span> <span class='ocrx_word' id='word_1_33' title='bbox 430 547 492 606; x_wconf 68' lang='lat' dir='ltr'><strong>mus</strong></span> <span class='ocrx_word' id='word_1_34' title='bbox 509 546 623 610; x_wconf 84' lang='lat' dir='ltr'><strong>lemilaus</strong></span> <span class='ocrx_word' id='word_1_35' title='bbox 636 548 737 610; x_wconf 88' lang='lat' dir='ltr'><strong>verbis</strong></span> <span class='ocrx_word' id='word_1_36' title='bbox 751 551 925 628; x_wconf 87' lang='lat' dir='ltr'><strong>perstricto,</strong></span> <span class='ocrx_word' id='word_1_37' title='bbox 946 552 1088 612; x_wconf 83' lang='lat' dir='ltr'><strong>acerrime</strong></span> <span class='ocrx_word' id='word_1_38' title='bbox 1184 590 1187 596; x_wconf 93' lang='lat'><em>·</em></span> 
     </span>
     <span class='ocr_line' id='line_1_6' title="bbox 88 628 1086 714; baseline 0.006 -24"><span class='ocrx_word' id='word_1_39' title='bbox 88 629 226 710; x_wconf 74' lang='lat' dir='ltr'><strong>increpuit</strong></span> <span class='ocrx_word' id='word_1_40' title='bbox 247 628 326 709; x_wconf 85' lang='lat' dir='ltr'><strong>quod</strong></span> <span class='ocrx_word' id='word_1_41' title='bbox 345 639 447 694; x_wconf 86' lang='lat' dir='ltr'><strong>contra</strong></span> <span class='ocrx_word' id='word_1_42' title='bbox 466 631 601 696; x_wconf 75' lang='lat' dir='ltr'><strong>inminuta</strong></span> <span class='ocrx_word' id='word_1_43' title='bbox 608 631 733 710; x_wconf 84' lang='lat' dir='ltr'><strong>Augusti</strong></span> <span class='ocrx_word' id='word_1_44' title='bbox 748 651 807 696; x_wconf 85' lang='lat' dir='ltr'><strong>non</strong></span> <span class='ocrx_word' id='word_1_45' title='bbox 823 642 928 714; x_wconf 88' lang='lat' dir='ltr'><strong>sponte</strong></span> <span class='ocrx_word' id='word_1_46' title='bbox 945 634 1086 714; x_wconf 89' lang='lat' dir='ltr'><strong>principis</strong></span> 
     </span>
     <span class='ocr_line' id='line_1_7' title="bbox 86 713 1122 792; baseline 0.011 -18"><span class='ocrx_word' id='word_1_47' title='bbox 86 713 287 776; x_wconf 78' lang='lat' dir='ltr'><strong>Alexandriam</strong></span> <span class='ocrx_word' id='word_1_48' title='bbox 303 714 462 776; x_wconf 74' lang='lat' dir='ltr'><strong>introisset.</strong></span> <span class='ocrx_word' id='word_1_49' title='bbox 501 733 575 776; x_wconf 52' lang='lat' dir='ltr'><strong>nam«</strong></span> <span class='ocrx_word' id='word_1_50' title='bbox 587 715 743 792; x_wconf 86' lang='lat' dir='ltr'><strong>Augustus·</strong></span> <span class='ocrx_word' id='word_1_51' title='bbox 758 717 833 779; x_wconf 89' lang='lat' dir='ltr'><strong>inter</strong></span> <span class='ocrx_word' id='word_1_52' title='bbox 847 717 1086 782; x_wconf 86' lang='lat' dir='ltr'><strong>aliadominatio-</strong></span> <span class='ocrx_word' id='word_1_53' title='bbox 1097 744 1122 784; x_wconf 85' lang='lat' dir='ltr'><strong>so</strong></span> 
     </span>
     <span class='ocr_line' id='line_1_8' title="bbox 86 799 1088 878; baseline 0.006 -20"><span class='ocrx_word' id='word_1_54' title='bbox 86 801 127 864; x_wconf 83' lang='lat' dir='ltr'><strong>nis</strong></span> <span class='ocrx_word' id='word_1_55' title='bbox 156 815 276 876; x_wconf 83' lang='lat' dir='ltr'><strong>arcana,</strong></span> <span class='ocrx_word' id='word_1_56' title='bbox 310 799 409 860; x_wconf 86' lang='lat' dir='ltr'><strong>vetitis</strong></span> <span class='ocrx_word' id='word_1_57' title='bbox 431 800 485 859; x_wconf 91' lang='lat' dir='ltr'><strong>nisi</strong></span> <span class='ocrx_word' id='word_1_58' title='bbox 514 801 658 878; x_wconf 86' lang='lat' dir='ltr'><strong>permissu</strong></span> <span class='ocrx_word' id='word_1_59' title='bbox 684 801 799 878; x_wconf 79' lang='lat' dir='ltr'><strong>ingredi</strong></span> <span class='ocrx_word' id='word_1_60' title='bbox 828 802 1012 866; x_wconf 85' lang='lat' dir='ltr'><strong>senatoribus</strong></span> <span class='ocrx_word' id='word_1_61' title='bbox 1039 813 1088 866; x_wconf 90' lang='lat' dir='ltr'><strong>aut</strong></span> 
     </span>
     <span class='ocr_line' id='line_1_9' title="bbox 86 882 1087 965; baseline 0.004 -21"><span class='ocrx_word' id='word_1_62' title='bbox 86 882 224 962; x_wconf 82' lang='lat' dir='ltr'><strong>equitibus</strong></span> <span class='ocrx_word' id='word_1_63' title='bbox 238 883 378 944; x_wconf 82' lang='lat' dir='ltr'><strong>Romania</strong></span> <span class='ocrx_word' id='word_1_64' title='bbox 396 883 578 960; x_wconf 79' lang='lat' dir='ltr'><strong>inlustribus,</strong></span> <span class='ocrx_word' id='word_1_65' title='bbox 605 887 737 963; x_wconf 85' lang='lat' dir='ltr'><strong>seposuit</strong></span> <span class='ocrx_word' id='word_1_66' title='bbox 753 885 937 965; x_wconf 74' lang='lat' dir='ltr'><strong>Aeggptum,</strong></span> <span class='ocrx_word' id='word_1_67' title='bbox 959 906 996 948; x_wconf 90' lang='lat' dir='ltr'><strong>ne</strong></span> <span class='ocrx_word' id='word_1_68' title='bbox 1010 888 1087 948; x_wconf 84' lang='lat' dir='ltr'><strong>lame</strong></span> 
     </span>
     <span class='ocr_line' id='line_1_10' title="bbox 85 966 1085 1050; baseline 0.002 -22"><span class='ocrx_word' id='word_1_69' title='bbox 85 976 218 1046; x_wconf 80' lang='lat' dir='ltr'><strong>urgueret</strong></span> <span class='ocrx_word' id='word_1_70' title='bbox 229 966 356 1044; x_wconf 84' lang='lat' dir='ltr'><strong>ltaliam,</strong></span> <span class='ocrx_word' id='word_1_71' title='bbox 371 968 502 1046; x_wconf 90' lang='lat' dir='ltr'><strong>quisquis</strong></span> <span class='ocrx_word' id='word_1_72' title='bbox 518 986 583 1029; x_wconf 90' lang='lat' dir='ltr'><strong>eum</strong></span> <span class='ocrx_word' id='word_1_73' title='bbox 597 969 778 1048; x_wconf 80' lang='lat' dir='ltr'><strong>prouinciam</strong></span> <span class='ocrx_word' id='word_1_74' title='bbox 791 971 973 1050; x_wconf 84' lang='lat' dir='ltr'><strong>claustraque</strong></span> <span class='ocrx_word' id='word_1_75' title='bbox 988 981 1085 1033; x_wconf 88' lang='lat' dir='ltr'><strong>terrae</strong></span> 
     </span>
     <span class='ocr_line' id='line_1_11' title="bbox 83 1051 1084 1132; baseline 0.003 -20"><span class='ocrx_word' id='word_1_76' title='bbox 83 1070 115 1112; x_wconf 91' lang='lat' dir='ltr'><strong>ao</strong></span> <span class='ocrx_word' id='word_1_77' title='bbox 134 1052 219 1112; x_wconf 89' lang='lat' dir='ltr'><strong>maris</strong></span> <span class='ocrx_word' id='word_1_78' title='bbox 240 1051 370 1131; x_wconf 82' lang='lat' dir='ltr'><strong>quamvis</strong></span> <span class='ocrx_word' id='word_1_79' title='bbox 390 1052 450 1112; x_wconf 87' lang='lat' dir='ltr'><strong>levi</strong></span> <span class='ocrx_word' id='word_1_80' title='bbox 471 1052 618 1132; x_wconf 67' lang='lat' dir='ltr'><strong>praeddio</strong></span> <span class='ocrx_word' id='word_1_81' title='bbox 640 1052 801 1116; x_wconf 64' lang='lat' dir='ltr'><strong>adversumv</strong></span> <span class='ocrx_word' id='word_1_82' title='bbox 815 1056 949 1132; x_wconf 78' lang='lat' dir='ltr'><strong>ingentes</strong></span> <span class='ocrx_word' id='word_1_83' title='bbox 973 1057 1084 1119; x_wconf 85' lang='lat' dir='ltr'><strong>exerci-</strong></span> 
     </span>
     <span class='ocr_line' id='line_1_12' title="bbox 81 1136 1121 1204; baseline 0.009 -9"><span class='ocrx_word' id='word_1_84' title='bbox 81 1145 126 1197; x_wconf 87' lang='lat' dir='ltr'><strong>tus</strong></span> <span class='ocrx_word' id='word_1_85' title='bbox 141 1136 309 1199; x_wconf 80' lang='lat' dir='ltr'><strong>inscdisset.</strong></span> <span class='ocrx_word' id='word_1_86' title='bbox 1095 1162 1121 1204; x_wconf 80' lang='lat' dir='ltr'><strong>so</strong></span> 
     </span>
     <span class='ocr_line' id='line_1_13' title="bbox 142 1218 1085 1301; baseline 0.004 -21"><span class='ocrx_word' id='word_1_87' title='bbox 142 1219 192 1280; x_wconf 88' lang='grc'><strong>60.</strong></span> <span class='ocrx_word' id='word_1_88' title='bbox 224 1219 291 1282; x_wconf 80' lang='lat' dir='ltr'><strong>sed</strong></span> <span class='ocrx_word' id='word_1_89' title='bbox 320 1218 506 1284; x_wconf 82' lang='lat' dir='ltr'><strong>Germanicus</strong></span> <span class='ocrx_word' id='word_1_90' title='bbox 541 1221 671 1284; x_wconf 73' lang='lat' dir='ltr'><strong>nondum·</strong></span> <span class='ocrx_word' id='word_1_91' title='bbox 692 1231 844 1301; x_wconf 81' lang='lat' dir='ltr'><strong>comperto</strong></span> <span class='ocrx_word' id='word_1_92' title='bbox 873 1223 1085 1301; x_wconf 78' lang='lat' dir='ltr'><strong>profectionem</strong></span> 
     </span>
     <span class='ocr_line' id='line_1_14' title="bbox 81 1302 1223 1387; baseline 0.003 -21"><span class='ocrx_word' id='word_1_93' title='bbox 81 1323 143 1366; x_wconf 87' lang='lat' dir='ltr'><strong>earn</strong></span> <span class='ocrx_word' id='word_1_94' title='bbox 163 1303 289 1364; x_wconf 79' lang='lat' dir='ltr'><strong>incusari</strong></span> <span class='ocrx_word' id='word_1_95' title='bbox 311 1302 379 1364; x_wconf 89' lang='lat' dir='ltr'><strong>Nilo</strong></span> <span class='ocrx_word' id='word_1_96' title='bbox 408 1303 640 1383; x_wconf 70' lang='lat' dir='ltr'><strong>subventana,</strong></span> <span class='ocrx_word' id='word_1_97' title='bbox 668 1323 753 1368; x_wconf 88' lang='lat' dir='ltr'><strong>orsus</strong></span> <span class='ocrx_word' id='word_1_98' title='bbox 779 1306 892 1386; x_wconf 55' lang='lat' dir='ltr'><strong>oppido,</strong></span> <span class='ocrx_word' id='word_1_99' title='bbox 913 1325 929 1368; x_wconf 94' lang='lat' dir='ltr'><strong>a</strong></span> <span class='ocrx_word' id='word_1_100' title='bbox 953 1305 1084 1385; x_wconf 84' lang='lat' dir='ltr'><strong>Canopo.</strong></span> <span class='ocrx_word' id='word_1_101' title='bbox 1114 1363 1120 1372; x_wconf 85' lang='lat'><em>.</em></span> <span class='ocrx_word' id='word_1_102' title='bbox 1220 1379 1223 1387; x_wconf 30' lang='grc' dir='ltr'>Ι</span> 
     </span>
     <span class='ocr_line' id='line_1_15' title="bbox 82 1387 1124 1468; baseline 0.002 -18"><span class='ocrx_word' id='word_1_103' title='bbox 82 1387 236 1450; x_wconf 78' lang='lat' dir='ltr'><strong>condidere</strong></span> <span class='ocrx_word' id='word_1_104' title='bbox 254 1387 282 1448; x_wconf 94' lang='lat' dir='ltr'><strong>id</strong></span> <span class='ocrx_word' id='word_1_105' title='bbox 300 1387 435 1467; x_wconf 86' lang='lat' dir='ltr'><strong>Spartani</strong></span> <span class='ocrx_word' id='word_1_106' title='bbox 457 1387 495 1448; x_wconf 89' lang='lat' dir='ltr'><strong>oh</strong></span> <span class='ocrx_word' id='word_1_107' title='bbox 518 1390 662 1468; x_wconf 88' lang='lat' dir='ltr'><strong>sepultum</strong></span> <span class='ocrx_word' id='word_1_108' title='bbox 683 1390 743 1452; x_wconf 92' lang='lat' dir='ltr'><strong>illic</strong></span> <span class='ocrx_word' id='word_1_109' title='bbox 765 1399 913 1451; x_wconf 87' lang='lat' dir='ltr'><strong>rectorem</strong></span> <span class='ocrx_word' id='word_1_110' title='bbox 933 1392 1015 1452; x_wconf 82' lang='lat' dir='ltr'><strong>nevis</strong></span> <span class='ocrx_word' id='word_1_111' title='bbox 1031 1389 1084 1452; x_wconf 84' lang='lat' dir='ltr'><strong>(la-</strong></span> <span class='ocrx_word' id='word_1_112' title='bbox 1122 1437 1124 1442; x_wconf 78' lang='lat'><em>-</em></span> 
     </span>
     <span class='ocr_line' id='line_1_16' title="bbox 79 1472 1084 1552; baseline 0.001 -18"><span class='ocrx_word' id='word_1_113' title='bbox 79 1489 200 1552; x_wconf 75' lang='lat' dir='ltr'><strong>nopotis,</strong></span> <span class='ocrx_word' id='word_1_114' title='bbox 223 1488 278 1550; x_wconf 89' lang='lat' dir='ltr'><strong>qua</strong></span> <span class='ocrx_word' id='word_1_115' title='bbox 300 1479 475 1551; x_wconf 87' lang='lat' dir='ltr'><strong>tempestate</strong></span> <span class='ocrx_word' id='word_1_116' title='bbox 495 1472 645 1535; x_wconf 84' lang='lat' dir='ltr'><strong>Menelaus</strong></span> <span class='ocrx_word' id='word_1_117' title='bbox 662 1472 810 1537; x_wconf 78' lang='lat' dir='ltr'><strong>Graeciam</strong></span> <span class='ocrx_word' id='word_1_118' title='bbox 831 1482 970 1551; x_wconf 82' lang='lat' dir='ltr'><strong>repetens</strong></span> <span class='ocrx_word' id='word_1_119' title='bbox 990 1475 1084 1535; x_wconf 85' lang='lat' dir='ltr'><strong>diver-</strong></span> 
     </span>
     <span class='ocr_line' id='line_1_17' title="bbox 78 1554 1108 1640; baseline -0.002 -21"><span class='ocrx_word' id='word_1_120' title='bbox 78 1576 141 1619; x_wconf 88' lang='lat' dir='ltr'><strong>sum</strong></span> <span class='ocrx_word' id='word_1_121' title='bbox 156 1554 192 1616; x_wconf 89' lang='lat' dir='ltr'><strong>ad</strong></span> <span class='ocrx_word' id='word_1_122' title='bbox 206 1572 285 1615; x_wconf 90' lang='lat' dir='ltr'><strong>mare</strong></span> <span class='ocrx_word' id='word_1_123' title='bbox 298 1565 463 1640; x_wconf 80' lang='lat' dir='ltr'><strong>terramque</strong></span> <span class='ocrx_word' id='word_1_124' title='bbox 477 1556 599 1632; x_wconf 77' lang='lat' dir='ltr'><strong>Libyam</strong></span> <span class='ocrx_word' id='word_1_125' title='bbox 611 1557 743 1618; x_wconf 87' lang='lat' dir='ltr'><strong>deiectus</strong></span> <span class='ocrx_word' id='word_1_126' title='bbox 757 1563 813 1620; x_wconf 85' lang='lat' dir='ltr'><strong>est.</strong></span> <span class='ocrx_word' id='word_1_127' title='bbox 842 1557 909 1618; x_wconf 88' lang='lat' dir='ltr'><strong>inde</strong></span> <span class='ocrx_word' id='word_1_128' title='bbox 925 1559 1108 1636; x_wconf 79' lang='lat' dir='ltr'><strong>proximumr</strong></span> 
     </span>
     <span class='ocr_line' id='line_1_18' title="bbox 77 1639 1086 1721; baseline 0 -18"><span class='ocrx_word' id='word_1_129' title='bbox 77 1643 168 1703; x_wconf 89' lang='lat' dir='ltr'><strong>amnis</strong></span> <span class='ocrx_word' id='word_1_130' title='bbox 187 1656 221 1700; x_wconf 93' lang='lat' dir='ltr'><strong>os</strong></span> <span class='ocrx_word' id='word_1_131' title='bbox 236 1639 359 1700; x_wconf 86' lang='lat' dir='ltr'><strong>dinatum</strong></span> <span class='ocrx_word' id='word_1_132' title='bbox 373 1639 511 1718; x_wconf 86' lang='lat' dir='ltr'><strong>Herculi,</strong></span> <span class='ocrx_word' id='word_1_133' title='bbox 535 1659 620 1720; x_wconf 90' lang='lat' dir='ltr'><strong>quem</strong></span> <span class='ocrx_word' id='word_1_134' title='bbox 636 1641 790 1720; x_wconf 82' lang='lat' dir='ltr'><strong>indigenae</strong></span> <span class='ocrx_word' id='word_1_135' title='bbox 808 1651 900 1702; x_wconf 84' lang='lat' dir='ltr'><strong>ortum</strong></span> <span class='ocrx_word' id='word_1_136' title='bbox 916 1642 991 1721; x_wconf 91' lang='lat' dir='ltr'><strong>apud</strong></span> <span class='ocrx_word' id='word_1_137' title='bbox 1007 1661 1040 1702; x_wconf 88' lang='lat' dir='ltr'><strong>se</strong></span> <span class='ocrx_word' id='word_1_138' title='bbox 1056 1652 1086 1704; x_wconf 88' lang='lat' dir='ltr'><strong>et</strong></span> 
     </span>
     <span class='ocr_line' id='line_1_19' title="bbox 78 1723 1084 1805; baseline 0.002 -19"><span class='ocrx_word' id='word_1_139' title='bbox 78 1724 303 1802; x_wconf 89' lang='lat' dir='ltr'><strong>antiquissimum</strong></span> <span class='ocrx_word' id='word_1_140' title='bbox 326 1724 479 1802; x_wconf 88' lang='lat' dir='ltr'><strong>perhihent</strong></span> <span class='ocrx_word' id='word_1_141' title='bbox 501 1742 612 1804; x_wconf 88' lang='lat' dir='ltr'><strong>eosque</strong></span> <span class='ocrx_word' id='word_1_142' title='bbox 636 1723 684 1804; x_wconf 86' lang='lat' dir='ltr'><strong>q&#39;ni</strong></span> <span class='ocrx_word' id='word_1_143' title='bbox 700 1733 805 1804; x_wconf 86' lang='lat' dir='ltr'><strong>postea</strong></span> <span class='ocrx_word' id='word_1_144' title='bbox 819 1728 881 1805; x_wconf 90' lang='lat' dir='ltr'><strong>pari</strong></span> <span class='ocrx_word' id='word_1_145' title='bbox 898 1727 1003 1786; x_wconf 86' lang='lat' dir='ltr'><strong>virtute</strong></span> <span class='ocrx_word' id='word_1_146' title='bbox 1022 1727 1084 1788; x_wconf 88' lang='lat' dir='ltr'><strong>fue-</strong></span> 
     </span>
     <span class='ocr_line' id='line_1_20' title="bbox 76 1809 1084 1886; baseline 0.001 -16"><span class='ocrx_word' id='word_1_147' title='bbox 76 1813 131 1870; x_wconf 88' lang='lat' dir='ltr'><strong>rint</strong></span> <span class='ocrx_word' id='word_1_148' title='bbox 150 1811 179 1868; x_wconf 93' lang='lat' dir='ltr'><strong>in</strong></span> <span class='ocrx_word' id='word_1_149' title='bbox 202 1817 425 1886; x_wconf 79' lang='lat' dir='ltr'><strong>cognomentum</strong></span> <span class='ocrx_word' id='word_1_150' title='bbox 445 1811 508 1870; x_wconf 84' lang='lat' dir='ltr'><strong>eius</strong></span> <span class='ocrx_word' id='word_1_151' title='bbox 530 1809 673 1880; x_wconf 85' lang='lat' dir='ltr'><strong>adscitos;</strong></span> <span class='ocrx_word' id='word_1_152' title='bbox 697 1826 772 1871; x_wconf 72' lang='lat' dir='ltr'><strong>moxv</strong></span> <span class='ocrx_word' id='word_1_153' title='bbox 780 1811 848 1870; x_wconf 89' lang='lat' dir='ltr'><strong>visit</strong></span> <span class='ocrx_word' id='word_1_154' title='bbox 865 1818 993 1870; x_wconf 86' lang='lat' dir='ltr'><strong>veterum</strong></span> <span class='ocrx_word' id='word_1_155' title='bbox 1010 1811 1084 1871; x_wconf 85' lang='lat' dir='ltr'><strong>The·</strong></span> 
     </span>
     <span class='ocr_line' id='line_1_21' title="bbox 75 1893 1084 1970; baseline -0.001 -15"><span class='ocrx_word' id='word_1_156' title='bbox 75 1895 176 1955; x_wconf 89' lang='lat' dir='ltr'><strong>barum</strong></span> <span class='ocrx_word' id='word_1_157' title='bbox 196 1909 300 1970; x_wconf 87' lang='lat' dir='ltr'><strong>magna</strong></span> <span class='ocrx_word' id='word_1_158' title='bbox 315 1893 449 1970; x_wconf 84' lang='lat' dir='ltr'><strong>vestigia.</strong></span> <span class='ocrx_word' id='word_1_159' title='bbox 489 1903 519 1954; x_wconf 92' lang='lat' dir='ltr'><strong>et</strong></span> <span class='ocrx_word' id='word_1_160' title='bbox 532 1893 686 1955; x_wconf 86' lang='lat' dir='ltr'><strong>manebant</strong></span> <span class='ocrx_word' id='word_1_161' title='bbox 701 1894 817 1956; x_wconf 89' lang='lat' dir='ltr'><strong>structis</strong></span> <span class='ocrx_word' id='word_1_162' title='bbox 839 1893 964 1956; x_wconf 87' lang='lat' dir='ltr'><strong>malibus</strong></span> <span class='ocrx_word' id='word_1_163' title='bbox 979 1894 1084 1956; x_wconf 85' lang='lat' dir='ltr'><strong>literae</strong></span> 
     </span>
     <span class='ocr_line' id='line_1_22' title="bbox 75 1977 1118 2058; baseline -0.001 -19"><span class='ocrx_word' id='word_1_164' title='bbox 75 1978 259 2056; x_wconf 76' lang='lat' dir='ltr'><strong>Aegyptiae,</strong></span> <span class='ocrx_word' id='word_1_165' title='bbox 280 1978 409 2055; x_wconf 88' lang='lat' dir='ltr'><strong>priorem</strong></span> <span class='ocrx_word' id='word_1_166' title='bbox 430 1977 606 2057; x_wconf 85' lang='lat' dir='ltr'><strong>opulentiam</strong></span> <span class='ocrx_word' id='word_1_167' title='bbox 622 1979 810 2058; x_wconf 76' lang='lat' dir='ltr'><strong>complexaer</strong></span> <span class='ocrx_word' id='word_1_168' title='bbox 834 1979 1118 2057; x_wconf 73' lang='lat' dir='ltr'><strong>mammaeae-10</strong></span> 
     </span>
     <span class='ocr_line' id='line_1_23' title="bbox 74 2060 1083 2142; baseline 0 -20"><span class='ocrx_word' id='word_1_169' title='bbox 74 2062 205 2124; x_wconf 87' lang='lat' dir='ltr'><strong>nioribus</strong></span> <span class='ocrx_word' id='word_1_170' title='bbox 228 2060 411 2122; x_wconf 89' lang='lat' dir='ltr'><strong>sacerdotum</strong></span> <span class='ocrx_word' id='word_1_171' title='bbox 434 2062 557 2142; x_wconf 88' lang='lat' dir='ltr'><strong>patrium</strong></span> <span class='ocrx_word' id='word_1_172' title='bbox 575 2079 739 2134; x_wconf 87' lang='lat' dir='ltr'><strong>sermonem</strong></span> <span class='ocrx_word' id='word_1_173' title='bbox 754 2062 952 2141; x_wconf 86' lang='lat' dir='ltr'><strong>interpretari,</strong></span> <span class='ocrx_word' id='word_1_174' title='bbox 973 2063 1083 2124; x_wconf 88' lang='lat' dir='ltr'><strong>relere-</strong></span> 
     </span>
    </p>

    <p class='ocr_par' dir='ltr' id='par_1_3' title="bbox 21 2145 1117 2815">
     <span class='ocr_line' id='line_1_24' title="bbox 21 2145 1082 2236; baseline -0.001 -29"><span class='ocrx_word' id='word_1_175' title='bbox 21 2207 22 2236; x_wconf 21' lang='grc' dir='ltr'>ᾖ</span> <span class='ocrx_word' id='word_1_176' title='bbox 73 2147 123 2207; x_wconf 86' lang='lat' dir='ltr'><strong>bat</strong></span> <span class='ocrx_word' id='word_1_177' title='bbox 144 2145 292 2206; x_wconf 86' lang='lat' dir='ltr'><strong>habitasse</strong></span> <span class='ocrx_word' id='word_1_178' title='bbox 315 2145 457 2224; x_wconf 91' lang='lat' dir='ltr'><strong>quondam</strong></span> <span class='ocrx_word' id='word_1_179' title='bbox 479 2147 663 2225; x_wconf 84' lang='lat' dir='ltr'><strong>septingenta</strong></span> <span class='ocrx_word' id='word_1_180' title='bbox 687 2146 765 2206; x_wconf 89' lang='lat' dir='ltr'><strong>milia</strong></span> <span class='ocrx_word' id='word_1_181' title='bbox 782 2154 878 2206; x_wconf 88' lang='lat' dir='ltr'><strong>aetate</strong></span> <span class='ocrx_word' id='word_1_182' title='bbox 893 2146 1022 2224; x_wconf 87' lang='lat' dir='ltr'><strong>militari,</strong></span> <span class='ocrx_word' id='word_1_183' title='bbox 1043 2155 1082 2208; x_wconf 88' lang='lat' dir='ltr'><strong>at·</strong></span> 
     </span>
     <span class='ocr_line' id='line_1_25' title="bbox 73 2229 1081 2316; baseline -0.001 -26"><span class='ocrx_word' id='word_1_184' title='bbox 73 2247 131 2309; x_wconf 88' lang='lat' dir='ltr'><strong>qne</strong></span> <span class='ocrx_word' id='word_1_185' title='bbox 154 2247 190 2290; x_wconf 88' lang='lat' dir='ltr'><strong>eo</strong></span> <span class='ocrx_word' id='word_1_186' title='bbox 213 2246 278 2289; x_wconf 89' lang='lat' dir='ltr'><strong>cum</strong></span> <span class='ocrx_word' id='word_1_187' title='bbox 300 2231 431 2316; x_wconf 79' lang='lat' dir='ltr'><strong>exercitu</strong></span> <span class='ocrx_word' id='word_1_188' title='bbox 452 2248 555 2307; x_wconf 90' lang='lat' dir='ltr'><strong>regem</strong></span> <span class='ocrx_word' id='word_1_189' title='bbox 571 2229 718 2292; x_wconf 87' lang='lat' dir='ltr'><strong>Rhamsen</strong></span> <span class='ocrx_word' id='word_1_190' title='bbox 733 2230 823 2305; x_wconf 77' lang='lat' dir='ltr'><strong>Libya</strong></span> <span class='ocrx_word' id='word_1_191' title='bbox 844 2229 1002 2309; x_wconf 79' lang='lat' dir='ltr'><strong>Aethiopia</strong></span> <span class='ocrx_word' id='word_1_192' title='bbox 1022 2230 1081 2290; x_wconf 83' lang='lat' dir='ltr'><strong>lle-</strong></span> 
     </span>
     <span class='ocr_line' id='line_1_26' title="bbox 72 2312 1081 2394; baseline -0.003 -19"><span class='ocrx_word' id='word_1_193' title='bbox 72 2315 180 2394; x_wconf 84' lang='lat' dir='ltr'><strong>disqua</strong></span> <span class='ocrx_word' id='word_1_194' title='bbox 194 2322 225 2373; x_wconf 88' lang='lat' dir='ltr'><strong>et</strong></span> <span class='ocrx_word' id='word_1_195' title='bbox 237 2312 337 2374; x_wconf 89' lang='lat' dir='ltr'><strong>Persis</strong></span> <span class='ocrx_word' id='word_1_196' title='bbox 351 2323 381 2374; x_wconf 88' lang='lat' dir='ltr'><strong>et</strong></span> <span class='ocrx_word' id='word_1_197' title='bbox 393 2312 547 2376; x_wconf 86' lang='lat' dir='ltr'><strong>Bactriano</strong></span> <span class='ocrx_word' id='word_1_198' title='bbox 563 2332 598 2375; x_wconf 89' lang='lat' dir='ltr'><strong>ac</strong></span> <span class='ocrx_word' id='word_1_199' title='bbox 613 2314 722 2389; x_wconf 75' lang='lat' dir='ltr'><strong>Scytha</strong></span> <span class='ocrx_word' id='word_1_200' title='bbox 737 2315 858 2394; x_wconf 91' lang='lat' dir='ltr'><strong>potitum</strong></span> <span class='ocrx_word' id='word_1_201' title='bbox 876 2332 1006 2394; x_wconf 84' lang='lat' dir='ltr'><strong>quasque</strong></span> <span class='ocrx_word' id='word_1_202' title='bbox 1026 2323 1081 2372; x_wconf 91' lang='lat' dir='ltr'><strong>ter-</strong></span> 
     </span>
     <span class='ocr_line' id='line_1_27' title="bbox 71 2396 1117 2476; baseline -0.002 -18"><span class='ocrx_word' id='word_1_203' title='bbox 71 2417 118 2460; x_wconf 87' lang='lat' dir='ltr'><strong>ras</strong></span> <span class='ocrx_word' id='word_1_204' title='bbox 142 2398 212 2458; x_wconf 89' lang='lat' dir='ltr'><strong>Suri</strong></span> <span class='ocrx_word' id='word_1_205' title='bbox 233 2397 422 2476; x_wconf 79' lang='lat' dir='ltr'><strong>Armeniique</strong></span> <span class='ocrx_word' id='word_1_206' title='bbox 447 2406 477 2459; x_wconf 89' lang='lat' dir='ltr'><strong>et</strong></span> <span class='ocrx_word' id='word_1_207' title='bbox 500 2399 627 2476; x_wconf 85' lang='lat' dir='ltr'><strong>contigui</strong></span> <span class='ocrx_word' id='word_1_208' title='bbox 654 2396 849 2476; x_wconf 84' lang='lat' dir='ltr'><strong>cappadoces</strong></span> <span class='ocrx_word' id='word_1_209' title='bbox 877 2398 989 2476; x_wconf 87' lang='lat' dir='ltr'><strong>colunt,</strong></span> <span class='ocrx_word' id='word_1_210' title='bbox 1015 2396 1117 2466; x_wconf 62' lang='lat' dir='ltr'><strong>indep</strong></span> 
     </span>
     <span class='ocr_line' id='line_1_28' title="bbox 72 2481 1081 2563; baseline 0 -21"><span class='ocrx_word' id='word_1_211' title='bbox 72 2483 242 2559; x_wconf 78' lang='lat' dir='ltr'><strong>Bithynum,</strong></span> <span class='ocrx_word' id='word_1_212' title='bbox 263 2481 332 2542; x_wconf 89' lang='lat' dir='ltr'><strong>hinc</strong></span> <span class='ocrx_word' id='word_1_213' title='bbox 347 2481 465 2557; x_wconf 83' lang='lat' dir='ltr'><strong>Lycium</strong></span> <span class='ocrx_word' id='word_1_214' title='bbox 480 2481 517 2543; x_wconf 92' lang='lat' dir='ltr'><strong>ad</strong></span> <span class='ocrx_word' id='word_1_215' title='bbox 530 2500 617 2563; x_wconf 58' lang='lat' dir='ltr'><strong>mare⁸</strong></span> <span class='ocrx_word' id='word_1_216' title='bbox 624 2483 748 2562; x_wconf 89' lang='lat' dir='ltr'><strong>imperio</strong></span> <span class='ocrx_word' id='word_1_217' title='bbox 769 2483 906 2543; x_wconf 89' lang='lat' dir='ltr'><strong>tenuisse.</strong></span> <span class='ocrx_word' id='word_1_218' title='bbox 943 2481 1081 2560; x_wconf 84' lang='lat' dir='ltr'><strong>legeban-</strong></span> 
     </span>
     <span class='ocr_line' id='line_1_29' title="bbox 75 2565 1081 2645; baseline -0.002 -18"><span class='ocrx_word' id='word_1_219' title='bbox 75 2576 113 2627; x_wconf 91' lang='lat' dir='ltr'><strong>tur</strong></span> <span class='ocrx_word' id='word_1_220' title='bbox 129 2576 163 2629; x_wconf 89' lang='lat' dir='ltr'><strong>et</strong></span> <span class='ocrx_word' id='word_1_221' title='bbox 178 2565 286 2628; x_wconf 89' lang='lat' dir='ltr'><strong>indicta</strong></span> <span class='ocrx_word' id='word_1_222' title='bbox 300 2565 435 2643; x_wconf 87' lang='lat' dir='ltr'><strong>gentihus</strong></span> <span class='ocrx_word' id='word_1_223' title='bbox 450 2566 571 2644; x_wconf 89' lang='lat' dir='ltr'><strong>tributa,</strong></span> <span class='ocrx_word' id='word_1_224' title='bbox 589 2566 701 2645; x_wconf 85' lang='lat' dir='ltr'><strong>pondus</strong></span> <span class='ocrx_word' id='word_1_225' title='bbox 716 2567 831 2644; x_wconf 88' lang='lat' dir='ltr'><strong>urgenti</strong></span> <span class='ocrx_word' id='word_1_226' title='bbox 847 2575 877 2626; x_wconf 92' lang='lat' dir='ltr'><strong>et</strong></span> <span class='ocrx_word' id='word_1_227' title='bbox 891 2566 969 2643; x_wconf 89' lang='lat' dir='ltr'><strong>auri,</strong></span> <span class='ocrx_word' id='word_1_228' title='bbox 985 2583 1081 2626; x_wconf 92' lang='lat' dir='ltr'><strong>nume·</strong></span> 
     </span>
     <span class='ocr_line' id='line_1_30' title="bbox 71 2649 1081 2730; baseline -0.001 -19"><span class='ocrx_word' id='word_1_229' title='bbox 71 2671 116 2712; x_wconf 85' lang='lat' dir='ltr'><strong>rus</strong></span> <span class='ocrx_word' id='word_1_230' title='bbox 138 2667 287 2714; x_wconf 76' lang='lat' dir='ltr'><strong>armornm</strong></span> <span class='ocrx_word' id='word_1_231' title='bbox 309 2663 508 2730; x_wconf 84' lang='lat' dir='ltr'><strong>equorumque</strong></span> <span class='ocrx_word' id='word_1_232' title='bbox 531 2659 560 2710; x_wconf 92' lang='lat' dir='ltr'><strong>et</strong></span> <span class='ocrx_word' id='word_1_233' title='bbox 583 2650 658 2712; x_wconf 86' lang='lat' dir='ltr'><strong>dona</strong></span> <span class='ocrx_word' id='word_1_234' title='bbox 678 2651 795 2728; x_wconf 86' lang='lat' dir='ltr'><strong>templis</strong></span> <span class='ocrx_word' id='word_1_235' title='bbox 815 2649 887 2710; x_wconf 89' lang='lat' dir='ltr'><strong>ebur</strong></span> <span class='ocrx_word' id='word_1_236' title='bbox 910 2657 995 2728; x_wconf 88' lang='lat' dir='ltr'><strong>atque</strong></span> <span class='ocrx_word' id='word_1_237' title='bbox 1012 2649 1081 2710; x_wconf 90' lang='lat' dir='ltr'><strong>odo·</strong></span> 
     </span>
     <span class='ocr_line' id='line_1_31' title="bbox 69 2734 1081 2815; baseline -0.002 -19"><span class='ocrx_word' id='word_1_238' title='bbox 69 2753 131 2814; x_wconf 87' lang='lat' dir='ltr'><strong>res,</strong></span> <span class='ocrx_word' id='word_1_239' title='bbox 157 2753 290 2814; x_wconf 84' lang='lat' dir='ltr'><strong>quasque</strong></span> <span class='ocrx_word' id='word_1_240' title='bbox 308 2736 410 2815; x_wconf 86' lang='lat' dir='ltr'><strong>copias</strong></span> <span class='ocrx_word' id='word_1_241' title='bbox 425 2735 558 2795; x_wconf 79' lang='lat' dir='ltr'><strong>frumenti</strong></span> <span class='ocrx_word' id='word_1_242' title='bbox 577 2742 606 2794; x_wconf 87' lang='lat' dir='ltr'><strong>et</strong></span> <span class='ocrx_word' id='word_1_243' title='bbox 625 2735 749 2795; x_wconf 87' lang='lat' dir='ltr'><strong>omnium</strong></span> <span class='ocrx_word' id='word_1_244' title='bbox 763 2734 925 2795; x_wconf 88' lang='lat' dir='ltr'><strong>utensilium</strong></span> <span class='ocrx_word' id='word_1_245' title='bbox 949 2751 1081 2814; x_wconf 84' lang='lat' dir='ltr'><strong>quaeque</strong></span> 
     </span>
    </p>

    <p class='ocr_par' dir='ltr' id='par_1_4' title="bbox 21 2795 1115 2983">
     <span class='ocr_line' id='line_1_32' title="bbox 21 2795 1115 2900; baseline 0.001 -21"><span class='ocrx_word' id='word_1_246' title='bbox 21 2795 22 2860; x_wconf 59' lang='lat' dir='ltr'><strong>d</strong></span> <span class='ocrx_word' id='word_1_247' title='bbox 69 2821 147 2896; x_wconf 75' lang='lat' dir='ltr'><strong>natio</strong></span> <span class='ocrx_word' id='word_1_248' title='bbox 173 2818 335 2900; x_wconf 88' lang='lat' dir='ltr'><strong>penderet,</strong></span> <span class='ocrx_word' id='word_1_249' title='bbox 356 2818 432 2900; x_wconf 90' lang='lat' dir='ltr'><strong>haud</strong></span> <span class='ocrx_word' id='word_1_250' title='bbox 446 2820 539 2880; x_wconf 89' lang='lat' dir='ltr'><strong>minus</strong></span> <span class='ocrx_word' id='word_1_251' title='bbox 552 2820 706 2896; x_wconf 86' lang='lat' dir='ltr'><strong>magnilica</strong></span> <span class='ocrx_word' id='word_1_252' title='bbox 721 2837 807 2898; x_wconf 84' lang='lat' dir='ltr'><strong>quam</strong></span> <span class='ocrx_word' id='word_1_253' title='bbox 825 2835 900 2879; x_wconf 92' lang='lat' dir='ltr'><strong>nunc</strong></span> <span class='ocrx_word' id='word_1_254' title='bbox 915 2818 945 2878; x_wconf 86' lang='lat' dir='ltr'><strong>vi</strong></span> <span class='ocrx_word' id='word_1_255' title='bbox 959 2815 1078 2879; x_wconf 88' lang='lat' dir='ltr'><strong>Partho·</strong></span> <span class='ocrx_word' id='word_1_256' title='bbox 1089 2840 1115 2880; x_wconf 84' lang='lat' dir='ltr'><strong>as</strong></span> 
     </span>
     <span class='ocr_line' id='line_1_33' title="bbox 68 2902 646 2983; baseline -0.003 -19"><span class='ocrx_word' id='word_1_257' title='bbox 68 2923 130 2964; x_wconf 82' lang='lat' dir='ltr'><strong>rum</strong></span> <span class='ocrx_word' id='word_1_258' title='bbox 147 2913 199 2964; x_wconf 89' lang='lat' dir='ltr'><strong>aut</strong></span> <span class='ocrx_word' id='word_1_259' title='bbox 216 2903 344 2983; x_wconf 87' lang='lat' dir='ltr'><strong>potentia</strong></span> <span class='ocrx_word' id='word_1_260' title='bbox 358 2903 490 2966; x_wconf 87' lang='lat' dir='ltr'><strong>Romana</strong></span> <span class='ocrx_word' id='word_1_261' title='bbox 503 2902 646 2965; x_wconf 88' lang='lat' dir='ltr'><strong>iubentur.</strong></span> 
     </span>
    </p>

    <p class='ocr_par' dir='ltr' id='par_1_5' title="bbox 62 2986 1081 3234">
     <span class='ocr_line' id='line_1_34' title="bbox 131 2986 1081 3065; baseline -0.003 -14"><span class='ocrx_word' id='word_1_262' title='bbox 131 2989 188 3051; x_wconf 83' lang='lat' dir='ltr'><strong>ot.</strong></span> <span class='ocrx_word' id='word_1_263' title='bbox 216 2986 352 3048; x_wconf 81' lang='lat' dir='ltr'><strong>Ceterum</strong></span> <span class='ocrx_word' id='word_1_264' title='bbox 375 2988 562 3050; x_wconf 81' lang='lat' dir='ltr'><strong>Germanicus</strong></span> <span class='ocrx_word' id='word_1_265' title='bbox 586 2987 650 3048; x_wconf 92' lang='lat' dir='ltr'><strong>aliis</strong></span> <span class='ocrx_word' id='word_1_266' title='bbox 668 3004 785 3065; x_wconf 87' lang='lat' dir='ltr'><strong>quoque</strong></span> <span class='ocrx_word' id='word_1_267' title='bbox 800 2987 947 3048; x_wconf 88' lang='lat' dir='ltr'><strong>miraculis</strong></span> <span class='ocrx_word' id='word_1_268' title='bbox 961 2987 1081 3048; x_wconf 88' lang='lat' dir='ltr'><strong>intendit</strong></span> 
     </span>
     <span class='ocr_line' id='line_1_35' title="bbox 64 3070 1080 3153; baseline -0.004 -19"><span class='ocrx_word' id='word_1_269' title='bbox 64 3075 213 3148; x_wconf 91' lang='lat' dir='ltr'><strong>animum,</strong></span> <span class='ocrx_word' id='word_1_270' title='bbox 238 3088 358 3150; x_wconf 89' lang='lat' dir='ltr'><strong>quonum</strong></span> <span class='ocrx_word' id='word_1_271' title='bbox 382 3073 541 3153; x_wconf 88' lang='lat' dir='ltr'><strong>praecipua</strong></span> <span class='ocrx_word' id='word_1_272' title='bbox 562 3071 645 3132; x_wconf 85' lang='lat' dir='ltr'><strong>inere</strong></span> <span class='ocrx_word' id='word_1_273' title='bbox 658 3070 821 3132; x_wconf 80' lang='lat' dir='ltr'><strong>Memnonis</strong></span> <span class='ocrx_word' id='word_1_274' title='bbox 842 3089 930 3132; x_wconf 82' lang='lat' dir='ltr'><strong>saxea</strong></span> <span class='ocrx_word' id='word_1_275' title='bbox 952 3072 1080 3149; x_wconf 78' lang='lat' dir='ltr'><strong>efligies,</strong></span> 
     </span>
     <span class='ocr_line' id='line_1_36' title="bbox 62 3153 1079 3234; baseline -0.003 -17"><span class='ocrx_word' id='word_1_276' title='bbox 62 3157 113 3217; x_wconf 91' lang='lat' dir='ltr'><strong>uhi</strong></span> <span class='ocrx_word' id='word_1_277' title='bbox 138 3156 235 3218; x_wconf 86' lang='lat' dir='ltr'><strong>radiis</strong></span> <span class='ocrx_word' id='word_1_278' title='bbox 256 3155 328 3216; x_wconf 86' lang='lat' dir='ltr'><strong>solis</strong></span> <span class='ocrx_word' id='word_1_279' title='bbox 342 3156 401 3217; x_wconf 89' lang='lat' dir='ltr'><strong>icta</strong></span> <span class='ocrx_word' id='word_1_280' title='bbox 417 3165 477 3234; x_wconf 87' lang='lat' dir='ltr'><strong>est,</strong></span> <span class='ocrx_word' id='word_1_281' title='bbox 497 3156 630 3218; x_wconf 84' lang='lat' dir='ltr'><strong>vocalem</strong></span> <span class='ocrx_word' id='word_1_282' title='bbox 648 3172 749 3216; x_wconf 85' lang='lat' dir='ltr'><strong>sonum</strong></span> <span class='ocrx_word' id='word_1_283' title='bbox 764 3153 907 3232; x_wconf 87' lang='lat' dir='ltr'><strong>reddens,</strong></span> <span class='ocrx_word' id='word_1_284' title='bbox 931 3156 1079 3217; x_wconf 89' lang='lat' dir='ltr'><strong>disiectas·</strong></span> 
     </span>
    </p>

    <p class='ocr_par' dir='ltr' id='par_1_6' title="bbox 21 3239 1079 3320">
     <span class='ocr_line' id='line_1_37' title="bbox 21 3239 1079 3320; baseline -0.004 -18"><span class='ocrx_word' id='word_1_285' title='bbox 21 3309 22 3316; x_wconf 8' lang='grc' dir='ltr'>χ</span> <span class='ocrx_word' id='word_1_286' title='bbox 60 3260 123 3320; x_wconf 80' lang='lat' dir='ltr'><strong>que</strong></span> <span class='ocrx_word' id='word_1_287' title='bbox 145 3241 227 3302; x_wconf 88' lang='lat' dir='ltr'><strong>inter</strong></span> <span class='ocrx_word' id='word_1_288' title='bbox 249 3247 279 3299; x_wconf 89' lang='lat' dir='ltr'><strong>et</strong></span> <span class='ocrx_word' id='word_1_289' title='bbox 298 3241 348 3300; x_wconf 84' lang='lat' dir='ltr'><strong>vix</strong></span> <span class='ocrx_word' id='word_1_290' title='bbox 367 3242 486 3320; x_wconf 84' lang='lat' dir='ltr'><strong>pervias</strong></span> <span class='ocrx_word' id='word_1_291' title='bbox 506 3258 610 3302; x_wconf 88' lang='lat' dir='ltr'><strong>arenas</strong></span> <span class='ocrx_word' id='word_1_292' title='bbox 630 3241 720 3300; x_wconf 87' lang='lat' dir='ltr'><strong>instar</strong></span> <span class='ocrx_word' id='word_1_293' title='bbox 739 3241 876 3300; x_wconf 88' lang='lat' dir='ltr'><strong>montium</strong></span> <span class='ocrx_word' id='word_1_294' title='bbox 892 3239 1013 3300; x_wconf 87' lang='lat' dir='ltr'><strong>eductae</strong></span> <span class='ocrx_word' id='word_1_295' title='bbox 1029 3255 1079 3316; x_wconf 75' lang='lat' dir='ltr'><strong>py-</strong></span> 
     </span>
    </p>

    <p class='ocr_par' dir='ltr' id='par_1_7' title="bbox 21 3321 1103 3405">
     <span class='ocr_line' id='line_1_38' title="bbox 21 3321 1103 3405; baseline -0.006 -19"><span class='ocrx_word' id='word_1_296' title='bbox 21 3369 22 3374; x_wconf 36' lang='lat'>1</span> <span class='ocrx_word' id='word_1_297' title='bbox 59 3325 197 3386; x_wconf 88' lang='lat' dir='ltr'><strong>ramides</strong></span> <span class='ocrx_word' id='word_1_298' title='bbox 216 3325 374 3387; x_wconf 88' lang='lat' dir='ltr'><strong>certamine</strong></span> <span class='ocrx_word' id='word_1_299' title='bbox 390 3333 420 3386; x_wconf 91' lang='lat' dir='ltr'><strong>et</strong></span> <span class='ocrx_word' id='word_1_300' title='bbox 436 3325 540 3405; x_wconf 85' lang='lat' dir='ltr'><strong>opibus</strong></span> <span class='ocrx_word' id='word_1_301' title='bbox 557 3341 672 3402; x_wconf 84' lang='lat' dir='ltr'><strong>regum,</strong></span> <span class='ocrx_word' id='word_1_302' title='bbox 697 3325 837 3403; x_wconf 83' lang='lat' dir='ltr'><strong>lacusque</strong></span> <span class='ocrx_word' id='word_1_303' title='bbox 858 3321 966 3383; x_wconf 82' lang='lat' dir='ltr'><strong>effossa</strong></span> <span class='ocrx_word' id='word_1_304' title='bbox 982 3322 1103 3396; x_wconf 81' lang='lat' dir='ltr'><strong>hum0,s</strong></span> 
     </span>
    </p>
   </div>
   <div class='ocr_carea' id='block_1_3' title="bbox 59 3405 1079 3547">
    <p class='ocr_par' dir='ltr' id='par_1_8' title="bbox 59 3405 1079 3547">
     <span class='ocr_line' id='line_1_39' title="bbox 59 3405 1079 3547; baseline -0.006 -80"><span class='ocrx_word' id='word_1_305' title='bbox 59 3409 281 3491; x_wconf 81' lang='lat' dir='ltr'><strong>superfluentis</strong></span> <span class='ocrx_word' id='word_1_306' title='bbox 302 3407 361 3470; x_wconf 89' lang='lat' dir='ltr'><strong>Nili</strong></span> <span class='ocrx_word' id='word_1_307' title='bbox 387 3408 589 3490; x_wconf 85' lang='lat' dir='ltr'><strong>receptacuia;</strong></span> <span class='ocrx_word' id='word_1_308' title='bbox 609 3417 696 3487; x_wconf 84' lang='lat' dir='ltr'><strong>atque</strong></span> <span class='ocrx_word' id='word_1_309' title='bbox 717 3406 786 3468; x_wconf 92' lang='lat' dir='ltr'><strong>alibi</strong></span> <span class='ocrx_word' id='word_1_310' title='bbox 807 3405 962 3547; x_wconf 70' lang='lat' dir='ltr'><strong>angusti5ap¹¹</strong></span> <span class='ocrx_word' id='word_1_311' title='bbox 970 3413 998 3464; x_wconf 90' lang='lat' dir='ltr'><strong>et</strong></span> <span class='ocrx_word' id='word_1_312' title='bbox 1013 3419 1079 3482; x_wconf 92' lang='lat' dir='ltr'><strong>pro·</strong></span> 
     </span>
    </p>
   </div>
   <div class='ocr_carea' id='block_1_4' title="bbox 0 0 1274 3874">
    <p class='ocr_par' dir='ltr' id='par_1_9' title="bbox 0 0 1274 3874">
     <span class='ocr_line' id='line_1_40' title="bbox 0 0 1274 3874; baseline 0 12"><span class='ocrx_word' id='word_1_313' title='bbox 0 0 1274 3874; x_wconf 95' lang='lat' dir='ltr'><strong> </strong></span> 
     </span>
    </p>
   </div>
  </div>
 </body>
</html>
