2568 3870
418 146 523 194 mssa
536 147 587 195 111.
602 147 676 197 cur.
695 147 813 202 18-—22
1054 143 1109 204 101

9 310 22 360 '-
113 304 218 385 pluteis
235 300 399 363 cratibusve
416 303 532 380 protegi
546 320 671 378 necesse
688 305 792 384 inerit,
813 316 843 366 ut
861 307 965 384 volgus
985 301 1131 386 inprimis

112 389 176 449 dum
193 387 268 447 inriti
284 385 439 461 stabimus,
459 383 636 447 altitudinem
652 390 769 454 turrium
785 399 815 450 et
832 389 926 452 aliena
941 392 1111 451 munimenta

9 543 11 552 .
111 467 268 532 mirantes?
289 471 356 548 quin
374 469 471 548 potius
487 486 568 531 mora
585 473 793 551 academius,
817 473 947 534 advectis
962 476 1146 538 tormentisre

110 553 325 631 machinisque,
349 553 407 611 vim
433 551 641 633 victoriamque
670 555 820 618 nobiscum
843 556 999 619 ierimus?’
1029 557 1112 618 simul

109 640 183 716 linas
198 636 376 713 calonesque
390 652 454 696 cum
471 637 679 699 recentissimis
695 642 819 719 equitum
832 639 1003 702 Bedriacum
1018 643 1111 718 mittit,

9 805 10 808 Ἴ
109 723 211 802 copias
229 727 387 798 ceteraque
404 719 466 778 usui
483 718 639 781 adlaturos.

170 805 221 866 2i.
242 802 277 864 ld
291 819 364 865 vero
380 819 472 880 aegre
486 803 630 866 tolerante
644 805 733 866 milite
745 824 840 888 prope
855 808 1027 870 seditionem
1042 803 1219 868 ven-‘4⁶⁶'
1245 863 1248 870 ι

107 901 184 966 tum,
202 906 266 948 cnm
281 888 435 966 progressi
459 889 571 965 equites
593 888 645 948 sub
663 891 727 968 ipsa
746 893 859 952 moenia
876 910 970 970 vagos
986 911 1024 952 ex
1041 889 1110 952 Gre-

108 971 292 1035 monensibus
311 971 484 1050 corripiunt,
503 988 623 1051 quorum
638 973 745 1034 indicio
766 978 896 1038 noscitur
911 995 964 1036 sex
979 975 1111 1036 vitellia-

9 1091 11 1130 ι
108 1077 160 1119 nas
175 1057 311 1134 legiones
333 1072 504 1134 omnemque
522 1058 697 1135 exercitum,
718 1060 766 1138 qui
780 1059 923 1120 Hostiliae
938 1068 1056 1138 egerat,
1074 1076 1111 1119 eo

9 1145 10 1154 ’
108 1144 173 1222 ipso
195 1137 242 1200 die
265 1140 382 1217 triginta
403 1139 479 1199 milia
493 1157 629 1218 passuum
642 1159 805 1221 emensum,
829 1152 978 1224 comperta
994 1160 1133 1208 suorumc
1155 1165 1158 1170 ·

109 1225 192 1288 clade
207 1226 236 1285 in
249 1223 392 1302 proelium
408 1225 522 1302 accingi
538 1242 572 1285 ac
584 1227 639 1286 iam
654 1225 766 1286 adfore.
795 1229 821 1287 is
836 1237 932 1288 terror
947 1226 1112 1287 obstructas

108 1317 219 1371 mentes
238 1307 368 1368 consiliis
390 1307 473 1367 ducis
495 1311 617 1387 aperuit.
648 1311 754 1370 sistere
775 1312 888 1372 tertiam
903 1311 1052 1370 decumam
1067 1310 1109 1369 le·

109 1396 226 1471 gionem
246 1392 274 1452 in
294 1394 360 1470 ipso
382 1392 447 1452 viae
464 1391 627 1452 Postumiae
648 1410 759 1473 aggere
780 1393 876 1471 iubet,
904 1394 951 1453 cui
976 1393 1070 1454 iuncta
1094 1409 1112 1452 a

110 1479 194 1539 laevo
218 1477 340 1554 septima
360 1473 498 1536 Galbiana
521 1477 630 1555 patenti
656 1494 759 1555 campo
781 1478 874 1555 stetit,
899 1476 966 1537 dein
989 1477 1110 1556 septima

110 1560 282 1637 claudiana,
301 1559 411 1637 agresti
434 1559 516 1620 fossa
533 1560 589 1639 (ita
606 1560 688 1620 locus
702 1559 780 1640 ebat)
796 1562 988 1641 praemunita;
1007 1559 1145 1621 dextrum

111 1653 215 1706 octava
228 1661 282 1722 per
297 1651 428 1722 apertum
442 1641 574 1721 limitem,
590 1661 659 1704 mox
669 1645 754 1705 tertia
769 1644 867 1705 densis
884 1644 1008 1706 arbustis
1023 1645 1110 1704 inter·

9 1715 11 1788 f
109 1737 221 1806 saepta.
251 1725 299 1788 bic
316 1725 474 1806 aquilarum
495 1729 701 1808 signorumque
726 1728 813 1790 ordo:
843 1729 948 1790 milites
962 1729 1042 1788 mixti
1057 1744 1113 1806 per

108 1811 260 1892 tenebras,
287 1819 317 1870 ut
335 1810 398 1871 iors
417 1810 536 1881 tuleram
559 1813 772 1891 praetorianum
794 1813 933 1874 uexillum
950 1811 1112 1892 proximum

108 1899 252 1974 tertianis,
275 1893 413 1956 cobortes
435 1895 606 1956 auxiliorum
627 1897 656 1956 in
678 1895 831 1975 cornibus,
854 1896 946 1958 latera
973 1913 1008 1956 ac
1027 1902 1112 1972 terga

109 1983 208 2062 equite
229 1978 418 2056 circumdata,
447 1978 516 2038 Sido
539 1988 626 2059 atque
646 1978 764 2040 italicus
785 1980 875 2040 Suebi
905 1997 968 2040 cum
987 1977 1145 2040 delectisas

110 2063 291 2144 popularium
302 2063 431 2140 primore
441 2063 470 2122 in
485 2062 550 2122 acie
565 2061 765 2129 versabantur.

9 2203 11 2220 .
172 2146 222 2208 22.
244 2146 284 2208 At
304 2144 477 2207 Vitellianus
498 2147 661 2223 exercitus,
677 2142 930 2224 cui'adqui‘escerc
949 2144 1112 2206 Cremonae

10 2227 11 2232 ’
109 2242 139 2293 et
150 2232 322 2310 reciperatis
338 2228 404 2290 cibo
420 2245 582 2308 somnoque
600 2229 710 2289 viribus
727 2229 889 2288 coniectum
905 2229 1007 2307 algore
1025 2237 1112 2307 atque

15 2345 18 2352 ·
110 2315 203 2376 inedia
224 2315 336 2375 hostem
358 2321 478 2392 postera
493 2312 540 2374 die
560 2312 719 2392 profligare
740 2330 774 2372 ac
794 2328 936 2391 proruere
959 2310 1112 2387 redoluit,

9 2459 11 2480 ,
109 2398 224 2476 indigns
238 2397 380 2473 rectoris,
397 2399 483 2476 inops
501 2397 633 2474 consilii,
654 2397 738 2456 tertia
754 2395 846 2456 ferme
860 2396 955 2456 noctis
970 2393 1044 2455 bora
1061 2411 1110 2474 pa·

9 2487 11 2562 i
110 2483 180 2544 ratis
195 2483 250 2542 iam
263 2480 473 2561 dispositisque
486 2477 633 2541 Flavianis
650 2481 817 2559 inpingitur.
843 2480 973 2540 ordinem
988 2477 1135 2556 agminiss
1168 2517 1171 2520 -

9 2565 11 2614 i
109 2566 223 2627 disiecti
246 2583 301 2645 per
319 2566 390 2626 iram
410 2582 446 2626 ac
462 2563 598 2625 tenebras
619 2562 795 2625 adseverare
813 2581 871 2625 non
886 2564 991 2640 ausim,
1013 2579 1111 2642 quam·

110 2668 193 2729 quam
209 2649 256 2710 alii
277 2648 446 2710 tradiderint
465 2656 595 2726 quartam
608 2646 828 2708 blacedonicam
848 2646 981 2708 dextrum
995 2662 1112 2707 suorum

110 2751 215 2812 cornu,
236 2733 362 2813 quintam
382 2739 412 2792 et
432 2732 557 2809 quintam
577 2730 724 2791 decumam
746 2748 809 2791 cum
822 2731 940 2792 vexillis
955 2747 1049 2791 nonae
1065 2748 1111 2790 se-

110 2817 278 2896 cundaeque
306 2825 336 2876 et
360 2815 537 2875 vicensimae
562 2813 789 2875 Britannicarum
815 2813 963 2892 legionum
990 2813 1111 2874 mediam

108 2903 218 2978 aciem,
240 2898 502 2960 sextadecumancs
524 2897 884 2977 duoetvicensimanosque
912 2907 941 2958 et
962 2898 1108 2977 primanos
1120 2911 1147 2955 ra

108 2984 222 3044 laevam
239 2999 329 3041 cornu
352 2981 528 3057 complesse.
561 2979 697 3058 Rapaces
718 2988 805 3057 atque
819 2978 912 3040 Italici
929 2980 1059 3041 omnibus
1077 2998 1112 3040 se

108 3063 264 3144 manipulis
282 3065 473 3134 miscuerant3
495 3081 589 3142 eques
609 3061 774 3140 auxiliaque
796 3061 851 3122 sibi
872 3064 928 3142 ipsi
953 3063 1049 3124 locnm
1068 3063 1112 3123 le·

108 3166 193 3228 gere.
225 3145 368 3226 proelium
382 3154 442 3206 tota
462 3147 692 3223 numerarium,
714 3163 840 3225 auceps,
856 3155 954 3216 atrox;
970 3146 1030 3224 bis,
1048 3164 1112 3206 rur·

109 3251 160 3295 sus
175 3230 234 3292 illis
250 3229 408 3290 exitiabile.
435 3228 629 3290 nihilonimus
645 3238 693 3290 aut
712 3246 827 3306 manus,
850 3248 886 3290 ne
902 3229 980 3290 oculi
995 3229 1110 3308 quidem

107 3317 230 3401 provisu
251 3313 396 3376 iuvabant.
430 3313 530 3374 eadem
551 3322 671 3391 utraque
688 3313 752 3373 acie
771 3330 866 3390 arma,
889 3312 1001 3373 crebris
1023 3313 1147 3372 iuter-m

108 3397 312 3482 rcqanonibus
340 3408 437 3460 notum
463 3415 578 3478 pugnae
605 3398 733 3476 signum,
757 3396 899 3476 permixta
924 3394 1051 3472 vexilla,
1081 3401 1111 3452 ut
