2596 3872
430 188 623 238 nrnnnxrv.
640 188 850 244 careo-3³·
1082 181 1144 244 267

137 341 364 404 (lamulodunum
378 361 483 404 recens
498 343 613 407 deducti
628 344 778 426 pellebant
790 346 935 425 domibus,
953 347 1144 412 exturbabant
1237 395 1239 400 .

134 427 233 505 agris,
255 427 406 507 captiuos,
431 445 536 489 seruos
552 429 745 510 appellando,
769 431 935 494 foventibus
953 432 1178 510 inpotentiumrr

136 519 342 573 veteranorum
356 510 491 573 militibus
505 514 688 574 similitudine
703 516 781 576 ritae
796 523 826 576 et
840 533 894 595 spe
910 515 1040 578 eiusdem
1054 516 1144 578 licen·

125 589 202 656 tiae.
233 595 270 656 ad
285 595 343 657 boe
359 596 496 674 templum
510 597 578 658 diro
594 597 716 660 Claudio
730 597 915 660 couslitutum
932 602 1013 680 qussi
1027 619 1081 662 arr
1094 619 1143 662 ae·

134 690 235 741 ternae
249 679 453 742 dominationis
469 682 684 761 aspiciebatur,
706 683 873 764 delectique
890 683 1061 746 sacerdotes
1075 703 1143 764 spe·
1226 737 1228 740 .

136 765 182 825 cie
197 763 349 842 religionis
371 766 463 826 omnis
484 766 615 828 fortunas
633 767 836 842 effundebant,
859 785 915 830 nec
929 767 1047 830 arduum
1062 769 1143 842 ride·

133 848 219 909 batur
238 848 397 911 excindere
419 849 561 911 coloniam
582 851 668 913 nullis
690 851 870 914 munimentis
893 861 1039 933 saeptam
1065 852 1179 938 quod„

133 931 256 994 ducibus
277 934 385 994 nostris
408 951 508 1012 parum
527 937 676 1014 prouisum
692 945 771 1013 erat,
799 935 864 997 dum
883 937 1047 999 amoenitati
1062 938 1143 1017 prius

135 1034 219 1097 quam
233 1019 297 1078 usui
313 1018 481 1079 consulitur.
736 1086 739 1091 ,
1014 1076 1017 1082 ,

197 1101 249 1164 32.
275 1101 356 1162 luter
383 1119 458 1182 quae
483 1104 562 1165 nulla
588 1103 683 1183 palam
709 1123 797 1166 causa
829 1104 980 1185 delapsum
1008 1103 1141 1168 Camulo-

134 1186 201 1246 duni
218 1186 398 1252 simulacrum
410 1187 560 1249 Victoriae
574 1205 609 1250 ac
623 1197 702 1249 retro
719 1206 907 1266 conversum,
924 1188 1007 1269 quasi
1023 1189 1143 1252 cederet

133 1269 276 1331 hostibus.
311 1279 341 1330 et
360 1265 485 1332 luminae
502 1273 530 1332 iu
545 1272 674 1333 furorem
689 1272 820 1334 turbatae
836 1273 943 1336 edesse
961 1274 1078 1334 exitium
1095 1291 1142 1336 oa·

133 1353 258 1430 nebant,
279 1362 476 1433 externosque
495 1356 625 1416 fremitus
645 1357 673 1415 iu
696 1358 775 1418 ouria
797 1373 897 1418 eorum
918 1356 1047 1428 auditos;
1073 1374 1141 1431 eou-

135 1439 269 1499 sonuisse
288 1437 443 1500 ululatibus
461 1439 602 1501 theatrum
624 1441 774 1519 risumque
795 1440 927 1520 speciem
950 1441 979 1500 in
994 1442 1164 1502 aestuarioe

135 1521 276 1584 Tamesae
298 1521 460 1584 subversae
481 1523 634 1586 coloniae:
656 1523 712 1584 ium
727 1522 861 1585 Oceanus
879 1531 1144 1601 eruentoaspectu,

136 1605 288 1668 dilabente
337 1613 422 1667 aestu
469 1606 656 1668 bumanorum
683 1625 838 1687 corporum
863 1607 980 1686 efligies
1008 1608 1141 1686 relictae,

134 1699 164 1752 ut
182 1690 326 1752 britannis
347 1689 384 1751 ad
406 1707 503 1769 spem,
528 1693 566 1753 ita
591 1693 739 1754 veteranis
760 1691 797 1753 ad
817 1700 923 1752 metum
945 1691 1140 1754 trahebantur.

133 1774 186 1836 sed
208 1775 274 1853 quia
296 1774 400 1854 procul
416 1774 571 1836 Suetonius
593 1774 710 1852 eberat,
733 1777 866 1855 petivere
888 1773 995 1837 aceto
1009 1774 1141 1838 Deciano

135 1867 326 1938 procuratore
342 1857 487 1920 auxilium.
524 1859 576 1920 ille
592 1859 666 1922 baud
684 1860 805 1939 amplius
821 1877 906 1941 quam
920 1859 1062 1921 ducentos
1077 1859 1141 1920 siue
1152 1877 1177 1918 m

134 1943 216 2003 iustis
236 1943 322 2004 armis
343 1943 433 2011 misit:
455 1951 485 2004 et
507 1945 600 2005 iuerat
622 1943 736 2005 modica
756 1943 875 2004 militum
897 1961 1007 2006 manus.
1051 1942 1142 2004 tutela

134 2026 235 2107 templi
254 2027 336 2103 freti,
359 2034 388 2086 et
410 2025 631 2107 impedientibus
646 2028 694 2107 qui
715 2028 823 2089 occulti
838 2023 1012 2088 rebellionis
1028 2027 1141 2089 conscii

138 2111 257 2172 consilia
278 2109 446 2189 turbabant,
473 2129 568 2190 neque
591 2112 702 2172 iussam
723 2121 772 2172 aut
785 2110 891 2172 vallum
914 2112 1140 2192 praeduxerant,

131 2211 230 2340 litt:
242 2194 1176 2359 ,lll‘lzllt’ulltllllllttlllltlttllllic

134 2373 164 2424 et
180 2372 279 2425 cetera
301 2361 414 2442 quidem
435 2364 543 2443 impetu
566 2363 678 2443 direpta
692 2372 740 2424 aut
754 2364 874 2424 incensa
889 2371 970 2424 sunt:
990 2362 1138 2440 templum,

133 2449 161 2508 in
176 2464 235 2528 quo
249 2466 283 2508 se
300 2447 384 2508 miles
400 2447 646 2525 conglobaverat,
662 2447 749 2508 biduo
763 2445 916 2508 obsessum
932 2455 1139 2527 expugnatum·

133 2551 201 2613 que.
232 2541 262 2593 et
277 2533 371 2592 victor
385 2531 536 2593 britannus
547 2530 650 2592 Petilio
664 2529 772 2593 Ceriali
787 2529 887 2609 legato
903 2530 1030 2610 legionis
1045 2545 1140 2591 nouae

132 2616 161 2676 in
173 2615 330 2678 subsidium
350 2615 515 2677 adventanti
532 2614 635 2678 obvius
657 2615 729 2677 ludit
750 2615 915 2692 legionem,
937 2623 968 2676 et
989 2614 1068 2694 quud
1090 2631 1141 2694 pe·

76 2725 79 2730 ¹
132 2698 219 2762 ditum
241 2700 402 2762 interiecit:
428 2697 552 2762 (lerialis
571 2716 637 2762 cum
661 2698 806 2779 equitibus
828 2700 921 2760 erasit
946 2700 975 2760 in
997 2707 1093 2760 castra
1111 2704 1177 2757 etro

133 2787 314 2846 munimentis
339 2783 479 2846 defensus
505 2793 561 2844 est.
605 2801 662 2867 qua
689 2783 772 2844 clade
797 2791 827 2841 et
856 2782 930 2844 odiis
959 2782 1141 2862 provinciae,

134 2869 345 2947 quamavaritia
353 2869 417 2928 cius
425 2869 454 2928 in
467 2867 576 2928 bellum
584 2871 704 2942 egerat,
720 2863 851 2944 trepidus
866 2863 1149 2943 procuratorCatus·

78 2947 80 2954 '
135 2954 164 3012 in
181 2951 302 3012 Galliam
319 2951 442 3012 transiit.

195 3035 246 3098 33.
267 3033 308 3097 m
334 3035 489 3096 Suetonius
515 3038 585 3114 rpira
613 3038 774 3098 constantia
797 3036 911 3098 medius
936 3039 1013 3100 inter
1038 3039 1141 3100 lrostes

129 3117 298 3180 Londinium
310 3119 451 3198 perrexit,
467 3128 660 3197 cognomento
674 3119 788 3202 quidem
800 3119 936 3183 coloniae
946 3139 1004 3183 non
1015 3123 1141 3200 insigne,

132 3201 185 3264 sed
211 3203 299 3282 copia
330 3203 545 3281 negotiatorum
570 3213 600 3265 et
625 3215 832 3266 commeatuum
858 3206 982 3267 maxime
1009 3205 1139 3267 celebre.

131 3285 343 3370 ibi-ambiguus
366 3286 499 3349 anillam
520 3287 620 3350 sedem
641 3288 722 3351 bello
743 3289 905 3366 deligeret,
928 3290 1140 3368 circumspectu

129 3370 325 3451 inirequeutia
343 3371 461 3451 militis,
480 3373 608 3453 sausque
622 3373 734 3450 magnis
751 3372 933 3433 documentis
947 3372 1164 3450 temeritatems

133 3453 228 3518 Petilii
244 3456 419 3534 coercitam,
442 3455 524 3516 unius
546 3457 647 3536 oppidi
669 3456 772 3516 damno
795 3470 916 3514 serrare
931 3454 1065 3515 uniuersa
1082 3463 1139 3514 sta·
