2596 3872
181 143 247 206 298
456 155 621 204 coenatu
637 156 754 201 rncrrr
772 156 952 203 numanum

183 318 275 370 tractu
296 319 472 371 moveretur.
502 327 593 368 naves
613 325 683 368 auro
706 318 734 370 et
748 309 838 369 ebore
855 309 1020 384 distinctae,
1043 312 1181 387 remiges·

184 411 240 474 que
261 393 371 454 exoleti
385 413 440 474 per
461 402 570 455 aetates
590 403 618 453 et
636 395 782 454 scientiam
802 394 946 452 libidinum
969 395 1181 471 connpcnebau·

185 487 238 538 tur.
268 476 406 538 uolucres
430 487 458 538 et
482 479 561 537 ieras
584 477 706 536 diuersis
732 479 856 537 sterria
882 487 911 536 ct
938 478 1068 538 animalia
1094 479 1182 538 maris

147 580 174 620 ao
185 562 303 622 Oceano
318 562 448 640 abusque
463 562 616 640 petiverat.
646 561 840 640 crepidinibus
855 563 949 638 stagni
969 561 1115 640 lupanaria
1132 561 1181 621 ad·

151 670 155 676 ·
184 647 298 706 stabant
317 645 483 706 inlustribus
504 646 617 704 leminis
642 646 799 725 completa,
824 654 854 705 et
871 655 970 706 contra
992 655 1089 705 scorta
1106 646 1181 705 vise·

183 731 286 790 bantur
309 730 392 790 nudis
413 728 595 809 corporibus.
624 731 678 789 iam
697 740 799 807 gestus
819 739 971 808 motusque
991 728 1130 798 obsceni;
1153 737 1181 789 et

184 821 337 894 postquam
359 813 499 874 tenebrae
523 813 712 891 incedebant,
741 822 875 892 quantam
901 815 979 874 iuxta
1004 814 1132 873 nemoris
1151 820 1180 872 ot

185 898 369 958 circumiecta
394 907 472 958 tecta
495 914 658 958 consonare
679 907 762 958 canto
782 906 811 957 et
833 897 984 958 luminibus
1004 897 1179 958 clarescere.

146 984 249 1060 scipsa
268 999 324 1063 per
345 983 525 1060 licitumque
544 980 651 1041 inlicita
667 981 800 1042 foedatus
820 981 890 1042 nilril
906 982 1007 1059 liagitii
1022 981 1182 1059 reliquerat

183 1082 240 1145 quo
258 1067 424 1144 corruptior
437 1075 556 1142 ageret,
571 1065 626 1124 nisi
645 1082 753 1144 paucos
769 1075 837 1145 post
851 1066 914 1126 dics
928 1068 975 1126 uni
989 1083 1027 1125 ex
1041 1065 1093 1126 illo
1110 1083 1179 1124 con·

181 1150 379 1210 luminatorem
401 1167 496 1226 grege
518 1152 639 1227 (nomen
656 1149 841 1226 Pythagorea
859 1151 927 1228 luit)
943 1152 970 1208 in
991 1150 1105 1209 modum
1123 1149 1180 1208 sol-

182 1233 315 1292 lemuium
338 1234 535 1310 coniugiorum
559 1232 753 1312 innupsisset.
783 1235 897 1293 inditum
918 1235 1087 1313 imperatori
1102 1233 1179 1293 flum-

183 1333 290 1393 meum,
308 1317 362 1376 risi
380 1318 528 1396 auspices,
547 1316 601 1378 dos
618 1329 646 1377 et
661 1314 783 1395 genialis
797 1327 876 1377 toros
889 1328 918 1378 et
929 1319 1010 1378 iaces
1024 1319 1179 1396 nuptiales,

142 1415 173 1457 ao
186 1409 287 1461 carnola
304 1400 428 1480 denique
445 1409 665 1480 spectata,quae
680 1401 763 1462 etiam
780 1403 925 1462 inlumina
941 1419 1000 1461 uox
1017 1404 1121 1481 operit.

247 1483 297 1547 38.
324 1486 459 1565 Sequitur
482 1485 598 1560 clades,
624 1486 701 1546 lorte
726 1505 760 1546 an
782 1486 850 1545 dolo
873 1488 1012 1565 principis
1041 1489 1179 1545 incertum

183 1571 263 1649 (nam
285 1577 437 1647 utrumque
451 1579 587 1630 auctores
604 1569 788 1648 prodidere),
811 1569 862 1628 scd
878 1570 1008 1629 omnibns
1025 1587 1100 1649 quiae
1114 1571 1180 1628 haic

182 1651 245 1712 urbi
261 1671 315 1731 per
329 1653 494 1713 violentiam
511 1654 617 1730 ignium
632 1655 799 1714 acciderunt
813 1656 933 1730 grauior
945 1661 1032 1732 atque
1043 1655 1179 1713 atrocior.

181 1737 288 1795 initium
302 1738 331 1795 in
346 1753 380 1794 ea
397 1745 478 1814 parte
496 1738 565 1797 circi
581 1747 683 1814 ortum,
698 1755 774 1815 quae
788 1739 918 1798 Palatino
931 1737 1089 1816 Caelioque
1100 1753 1179 1796 mon·

153 1839 171 1877 a
182 1819 258 1879 tibus
274 1820 482 1896 contiguam,
500 1819 549 1879 ubi
563 1838 616 1897 per
630 1821 783 1898 tabernas,
803 1821 907 1899 quibus
923 1821 950 1880 id
966 1821 1179 1881 mercimonium

181 1904 274 1962 inerat
289 1919 346 1981 qno
368 1903 477 1964 llamma
493 1902 591 1981 alitur,
614 1904 696 1964 simul
720 1913 842 1985 coeptos
858 1906 932 1982 ignis
952 1915 981 1966 et
1000 1906 1094 1965 statim
1110 1903 1179 1964 vali·
1282 1945 1283 1952 .

181 1986 234 2045 das
250 2002 285 2046 ac
301 1994 388 2045 vento
409 1989 482 2048 uitus
501 1987 708 2065 longitudinem
730 1991 799 2048 circi
817 1991 965 2069 corripuit.
994 1989 1178 2067 nequeenim

181 2069 281 2128 domus
302 2071 481 2131 umnimentis
499 2080 619 2152 saeptae
640 2072 687 2133 vel
708 2073 816 2150 templa
836 2075 924 2133 muris
939 2075 1032 2132 cincta
1048 2079 1096 2132 aut
1112 2071 1178 2150 quid

182 2152 258 2213 aliud
273 2170 372 2213 morae
384 2153 582 2216 interiacebat.
598 2158 705 2234 impetu
717 2166 907 2234 pervagatum
918 2156 1079 2216 incendium
1095 2155 1178 2234 plana

143 2238 317 2316 aoprimam‚
338 2235 441 2296 deinde
461 2239 490 2298 in
514 2238 592 2300 edita
608 2239 769 2318 adsurgens
792 2250 821 2300 et
843 2259 941 2300 rursus
964 2240 1103 2300 inferiora
1126 2255 1178 2317 po·

179 2321 324 2400 palando,
345 2321 444 2382 anteiit
457 2323 585 2384 remedia
599 2324 756 2384 velocitate
773 2324 840 2383 mali
859 2333 888 2384 et
906 2324 1033 2384 obnoxia
1047 2322 1118 2382 urbe
1135 2340 1181 2382 ar-

179 2406 216 2465 tis
237 2404 386 2466 itineribus
406 2403 520 2486 hucque
547 2415 576 2466 et
604 2409 673 2468 illuc
694 2408 778 2468 lexis
800 2415 886 2488 atque
908 2406 1073 2489 enormibus
1094 2407 1196 2481 uicis,

180 2489 273 2568 qualis
296 2499 379 2550 vetos
396 2489 488 2552 lioma
508 2491 569 2552 luit.
599 2491 634 2552 ad
653 2491 710 2552 boc
731 2493 855 2552 lamenta
876 2493 1038 2572 paventium
1062 2491 1176 2550 femina-

180 2589 255 2650 rum,
278 2575 355 2635 fessa
386 2583 482 2636 aetate
508 2582 557 2634 aut
577 2575 656 2633 rudis
677 2577 950 2656 pueritiaelaetasl,
980 2576 1088 2653 quique
1124 2573 1178 2636 eibi

141 2659 287 2736 asqulque
306 2658 369 2718 aliis
386 2655 585 2734 consulebant,
603 2659 669 2718 dom
684 2660 951 2720 nubuntinvalidos
962 2668 1011 2718 aut
1022 2659 1174 2737 opperiun

180 2751 235 2816 tor,
253 2757 422 2819 paramora,
439 2742 671 2822 parsiestinans,
691 2753 792 2804 cuncta
805 2742 1009 2822 impediebant.
1032 2749 1062 2802 et
1076 2759 1181 2820 saepe,

180 2824 244 2882 dnm
261 2825 289 2882 in
305 2833 417 2901 tergum
432 2835 616 2905 respectant,
639 2827 776 2888 lateribus
791 2835 840 2887 aut
860 2827 956 2888 fronte
973 2827 1178 2887 circumvenie-

179 2907 299 2983 bantur,
321 2907 368 2967 vel
387 2909 411 2967 ei
432 2909 460 2968 in
476 2911 607 2988 proxima
625 2919 792 2989 euaserant,
814 2911 871 2971 illis
893 2907 1010 2990 quoquc
1031 2910 1092 2988 igni
1114 2927 1176 2970 cor·

179 2992 286 3069 reptis,
307 2993 390 3050 etiam
411 3009 485 3071 quae
507 2993 664 3072 longinqua
683 2990 863 3058 crediderant
882 2997 910 3054 in
929 2994 1031 3054 eodem
1048 3013 1118 3054 casu
1132 3011 1176 3053 re·

138 3091 170 3131 so
181 3074 341 3152 periebant.
371 3085 536 3155 postremo,
563 3079 630 3156 quid
650 3081 774 3140 vitarent
794 3079 861 3159 quid
882 3087 1016 3157 peterent
1038 3077 1177 3155 ambigui,

180 3158 331 3236 complere
352 3161 430 3235 uias,
461 3161 549 3220 sterni
572 3178 626 3242 per
648 3179 751 3242 agros:
779 3163 892 3242 quidam
912 3163 1025 3222 amissis
1045 3161 1179 3222 omuibus

178 3241 318 3321 lortudis,
340 3242 432 3302 diurni
458 3261 575 3324 quoque
602 3244 710 3324 rictus,
731 3246 780 3306 alii
802 3248 922 3308 caritate
946 3262 1080 3322 suorum,
1102 3262 1179 3325 quoa

178 3326 295 3403 eripere
315 3327 520 3408 nequiverant,
540 3331 669 3408 quamvis
684 3338 800 3409 patente
815 3329 923 3408 cinglo
942 3329 1091 3392 interiore.
1121 3345 1178 3389 uec

137 3437 139 3442 ·
177 3408 327 3488 quisquam
343 3411 500 3472 deiendcrc
517 3413 657 3493 audebat,
681 3412 794 3476 crebris
809 3415 961 3476 multorum
977 3415 1058 3475 minis
1072 3413 1182 3475 restin-
