2568 3870
158 168 218 230 108
379 179 545 228 conuuuu
561 177 677 227 uso1u1
691 177 933 226 msuoaussuu
1044 151 1046 156 ’

157 333 356 413 proferebant.
398 334 476 394 nulla
502 335 532 393 iu
558 334 690 394 oratione
716 331 883 410 cuiusquam
910 350 979 410 erga
999 331 1150 393 Flauianos

156 418 247 476 duces
261 416 452 478 obtrectatio:
467 433 599 477 errorem
613 416 890 494 imprudentiamque
905 417 1080 478 exercituum
1095 414 1151 475 cul·

155 507 275 578 pantes,
290 500 467 575 Vespasiani
480 516 586 560 nomeu
600 499 737 576 suspensi
750 506 780 558 et
794 497 940 558 vitabundi
956 499 1152 574 circumibant,

122 608 147 648 ιο
157 597 213 640 nec
227 579 317 642 deluit
334 583 382 660 qui
402 599 486 641 unum
501 580 668 642 consulatus
685 579 760 640 diem
777 580 818 656 (is
834 581 910 645 euim
926 581 956 640 iu
972 580 1067 641 locum
1083 579 1154 640 Gae-

158 666 240 724 oinae
260 665 429 744 supererat)
447 680 553 740 magno
574 680 638 723 cum
653 663 743 724 inrisu
759 662 911 722 tribuentis
925 664 1155 742 accipientisque
1257 693 1258 728 t

156 746 362 808 eblandiretur.
408 745 501 826 pridie
526 745 666 808 kalendas
690 743 867 806 Novembris
891 745 999 806 Rosius
1024 747 1156 824 Regulus
1256 793 1258 810 a

156 831 216 890 iniit
235 831 440 910 eiuravitque.·
462 829 638 891 adnotabant
657 829 743 910 periti
765 846 918 908 numquam
934 839 1018 890 antea
1033 847 1093 892 non
1108 830 1156 891 ab·
1183 902 1186 909 .

156 923 262 992 rogato
273 915 441 992 magistratu
454 932 550 993 neque
563 914 633 992 lege
648 913 707 974 lata
718 912 804 973 alium
817 913 995 984 subiectum
1010 931 1077 975 uam
1089 932 1155 975 con·

123 1021 148 1061 rs
157 997 202 1058 sul
216 1014 275 1058 uuo
291 997 338 1058 die
354 1007 465 1059 etanta
480 997 574 1058 luerat
589 996 726 1059 Caninius
739 995 861 1057 Rebilus
875 994 908 1056 (l.
923 996 1054 1058 (laesere
1070 995 1155 1060 dicta·

157 1089 239 1157 tore,
256 1099 320 1140 cum
339 1080 410 1141 belli
424 1080 518 1142 civilis
533 1081 662 1160 praemia
676 1081 892 1142 lestiuareutur.
973 1123 975 1126 -

220 1164 271 1226 38.
284 1162 369 1226 -Nota
389 1183 443 1244 per
464 1181 517 1226 eos
537 1163 601 1226 dies
615 1163 688 1226 lunii
705 1164 803 1226 Blaesi
825 1181 904 1226 mors
922 1173 952 1226 et
965 1165 1081 1227 famosa
1097 1167 1156 1244 luit,

157 1245 195 1308 de
209 1265 267 1325 qua
281 1249 325 1309 sic
340 1249 518 1328 accepimus.
547 1249 631 1327 graui
646 1250 782 1328 corporis
795 1248 898 1312 morbo
915 1267 1006 1328 aeger
1020 1250 1156 1312 Vitellius

157 1330 327 1393 Servilianis
348 1332 446 1394 bortis-
462 1333 560 1394 trierim
582 1333 680 1396 moino
695 1333 779 1393 sitam
795 1333 954 1394 conlucere
970 1351 1024 1413 per
1042 1342 1156 1394 noctem

157 1414 270 1476 crebris
284 1415 438 1477 luminibus
454 1417 663 1478 anlmadvertit.
690 1416 850 1484 sciscitanti
865 1434 981 1478 causam
993 1419 1073 1498 apud
1087 1417 1156 1480 Gae-

132 1501 250 1562 scinam
266 1498 391 1562 'l'uscum
413 1501 526 1581 epulari
547 1501 668 1584 multos,
697 1501 885 1580 praecipuum
909 1501 1022 1562 honore
1047 1502 1157 1564 lunium

157 1583 291 1644 Blaesum
312 1586 471 1654 nuntiatura
492 1595 590 1646 cetera
610 1585 640 1645 iu
659 1584 763 1662 maius,
787 1583 825 1647 dc
845 1593 986 1663 apparatu
1009 1595 1039 1645 et
1055 1587 1157 1648 solutis

157 1669 185 1726 in
200 1666 349 1728 lasciviam
366 1669 476 1728 animis.
509 1687 564 1730 neo
580 1669 700 1730 deluere
715 1670 763 1746 qui
778 1669 872 1749 ipsum
887 1669 1061 1734 Tuscumet
1076 1671 1157 1746 alios,
1257 1669 1258 1674 ’

157 1750 210 1809 sed
234 1751 416 1810 criminosius
434 1751 569 1812 Blaesum
594 1753 773 1829 incusarent,
805 1752 882 1831 quod
910 1770 1001 1830 aegro
1022 1755 1156 1834 principe
1257 1809 1258 1820 t

157 1833 251 1892 laetos
266 1833 330 1896 dies
344 1843 457 1910 ageret.
480 1835 529 1895 ubi
543 1843 707 1914 asperatum
716 1834 866 1897 Vitellium
882 1845 911 1898 et
923 1855 1013 1916 posse
1021 1837 1157 1900 Blaesum

125 1916 285 1994 reperuerti
306 1918 376 1978 satis
395 1919 485 1997 patuit
504 1919 557 1996 iis,
579 1919 628 1998 qui
643 1920 804 1999 principum
820 1919 948 1981 olleasas
966 1921 1076 1982 acriter
1091 1940 1155 2002 spe·

157 1997 301 2076 celantur,
328 2001 412 2062 datae
436 2001 468 2064 b.
490 2002 612 2065 Vitellio
635 2003 788 2064 delationis
808 2013 918 2083 partes.
953 2005 1005 2066 ille
1025 2004 1156 2067 infensus

154 2080 261 2142 Blaeso
284 2083 475 2147 aemulatione
497 2105 604 2166 praua,
629 2086 706 2166 quod
725 2105 788 2148 eum
804 2089 881 2148 omui
897 2085 1045 2150 dedecore
1060 2107 1154 2150 macu-

155 2165 249 2227 losum
265 2171 388 2246 egregia
404 2169 480 2232 lama
496 2170 636 2245 anteibat,
654 2169 815 2231 cubiculum
832 2172 1018 2250 imperatoris
1032 2181 1156 2251 reserat,

155 2249 242 2310 lilium
258 2251 320 2311 eius
336 2253 399 2312 sinu
415 2254 587 2332 complexus
603 2262 632 2313 ct
646 2252 769 2332 genibus
782 2254 929 2320 accidens.
957 2274 1075 2318 causam
1088 2275 1154 2319 oon·

121 2333 278 2395 refusionis
294 2337 455 2414 quaerenti,
472 2353 529 2396 non
545 2355 578 2398 se
595 2337 717 2416 proprio
732 2347 810 2418 metu
824 2356 880 2400 uec
897 2341 941 2400 sui
960 2341 1087 2418 anxium,
1103 2338 1156 2401 sed

155 2434 208 2495 pro
230 2417 337 2495 fratre,
363 2435 417 2498 pro
439 2419 539 2482 liberis
561 2421 659 2480 fratris
675 2439 784 2500 preces
797 2422 990 2504 lacrimasque
1010 2425 1155 2484 attulisse.
1257 2481 1258 2504 ,

154 2500 259 2562 lrustra
274 2502 486 2581 Vespasianum
504 2505 614 2581 timeri,
635 2521 722 2582 quem
742 2514 786 2565 tot
802 2505 989 2569 Germanicae
1005 2507 1155 2586 legiones,
1257 2521 1258 2568 t

154 2592 196 2643 tot
217 2585 388 2662 provinciae
411 2587 517 2649 virtute
538 2605 574 2648 ao
594 2586 666 2666 lide,
687 2595 795 2648 tanturn
814 2589 938 2669 denique
959 2591 1102 2653 terrarum
1120 2607 1155 2652 ac
1257 2573 1258 2600 ³

46 2667 48 2670 ’
154 2684 240 2727 marus
254 2670 393 2729 inmensis
408 2671 508 2747 spatiis
524 2678 640 2731 arceat:
663 2672 693 2730 iu
708 2670 782 2730 urbe
797 2689 832 2732 ao
847 2672 911 2733 sinu
927 2674 1087 2734 cauendum
1102 2673 1152 2734 bo·

118 2773 144 2814 ao
155 2759 238 2826 stem,
254 2749 352 2810 Iunios
363 2751 567 2833 Antoniosque
581 2769 654 2814 avos
668 2753 832 2832 iactantem,
848 2755 896 2833 qui
911 2773 945 2816 se
959 2757 1050 2835 stirpe
1063 2758 1151 2834 impe·

153 2833 270 2910 ratoria,
288 2849 401 2894 comem
416 2852 452 2895 ac
465 2837 646 2913 magnificum
659 2836 796 2897 militibus
808 2846 944 2899 ostentet.
969 2857 1072 2900 versas
1084 2838 1151 2899 illuc

154 2916 278 2976 omnium
294 2924 422 2994 mentes,
444 2918 510 2979 dum
525 2919 662 2980 Vitellius
678 2920 834 2982 anticorum
851 2923 1089 3005 inimicorumque
1102 2940 1149 2983 ne·

87 3049 91 3056 .
153 2999 279 3078 glegens
296 3001 378 3061 louet
395 3001 537 3064 aemulum
552 3003 694 3084 principis
709 3003 860 3066 laborese
879 3007 1013 3067 convivio
1030 3023 1150 3086 prospe-

155 3092 289 3144 ctantem.
325 3084 502 3148 reddendam
527 3105 581 3166 pro
605 3087 807 3168 intempestiva
832 3089 940 3150 laetitia
961 3100 1100 3152 maestam
1122 3095 1150 3148 et

37 3195 38 3202 κ
117 3186 143 3227 aa
154 3166 441 3248 lunebremuoeteru,
458 3189 514 3249 qua
530 3173 605 3232 sciat
619 3179 649 3230 et
664 3173 770 3232 sentiat
784 3173 886 3233 vivere
898 3172 1045 3237 Vitellium
1061 3181 1090 3234 et
1101 3173 1145 3230 im·

155 3267 277 3328 parare,
295 3252 362 3311 etsi
378 3253 445 3330 quid
460 3253 522 3314 lato
537 3254 665 3333 accidat,
685 3255 773 3316 filium
791 3256 910 3318 habere.

203 3333 265 3410 ¹39.
297 3335 465 3414 Trepidanti
486 3339 561 3398 iuter
581 3337 679 3398 soclus
697 3349 875 3420 metumque,
898 3359 934 3401 ne
951 3340 1037 3402 dilata
1052 3335 1149 3400 Blaesi
1257 3413 1258 3422 ἵ

155 3429 232 3472 mors
247 3425 383 3479 maturam
397 3420 571 3500 perniciem,
597 3421 691 3502 palam
705 3425 783 3486 iussa
800 3434 928 3486 atrocem
941 3424 1073 3486 inuidiam
1090 3421 1147 3481 ler-
