2568 3870
172 128 233 190 120
394 139 560 190 CORNELII
575 140 694 190 uectat
707 138 951 190 mesomedes

234 295 285 356 64.
305 292 346 354 At
366 296 508 373 primores
530 249 653 356 civitatis
673 291 803 355 Flavium
824 293 961 355 Sabinum
989 295 1175 375 praelectum
1264 261 1265 320 l

168 378 251 438 urbis
262 379 387 439 secretis
398 377 581 439 sermonibus
592 376 766 454 incitabant,
781 379 924 439 victoriae
936 378 1090 456 famaeque
1108 398 1176 458 par·
1206 375 1225 404 *

169 470 229 523 ιειιι
246 469 434 542 capesseret:
466 479 534 522 esse
553 461 597 521 illi
611 463 760 540 proprium
773 461 891 522 militem
907 462 1070 522 cohortium
1086 462 1176 522 urba·

168 563 286 622 uarum,
312 562 368 606 nec
389 545 536 606 defuturas
559 544 677 622 vigilum
699 542 855 622 cobortes,
886 547 1006 606 servitia
1030 547 1176 624 ipsorum,

147 630 313 689 slortunam
335 629 472 708 partium,
494 637 523 688 et
544 629 638 688 omnia
663 645 755 706 prona
776 627 951 690 victoribus:
986 647 1024 689 ue
1044 628 1183 688 Antonio
1265 635 1266 662 ³

170 711 310 790 Varoque
327 713 365 772 dc
383 712 478 790 gloria
499 710 686 772 concederet.
717 729 827 792 paucas
847 711 968 772 Vitellio
988 713 1129 773 cobortes
1146 723 1179 772 et

170 798 290 856 maestis
310 795 434 876 undique
461 797 566 856 nuntiis
590 794 734 874 trepidas:
761 795 863 876 populi
891 795 1029 856 mobilem
1051 797 1177 856 animum

1263 683 1266 770 l

172 888 218 956 et,
240 881 265 939 si
289 879 392 940 ducem
406 897 439 940 se
461 879 657 959 praebuisset,
685 880 803 941 easdem
823 879 890 940 illas
914 879 1097 940 adulationes
1118 897 1176 958 pro
1266 923 1267 964 ,

172 963 355 1042 Vespasiano
363 963 430 1024 lore
440 985 447 1031 ;
459 965 553 1043 ipsum
563 962 711 1024 Vitellium
723 981 760 1023 nc
772 965 924 1042 prosperis
937 963 1051 1043 quidem
1063 981 1177 1041 parem,

136 1047 248 1109 sordeo
264 1045 413 1106 ruentibus
430 1045 618 1107 debilitatum.
652 1047 775 1125 gratiam
790 1049 895 1126 patrati
914 1046 986 1108 belli
1000 1064 1092 1126 penes
1108 1064 1177 1107 eum

173 1132 220 1210 qui
231 1129 331 1189 urbem
343 1138 534 1208 occupasset:
550 1129 579 1190 id
586 1128 694 1190 Sabino
708 1131 876 1207 convenire,
888 1139 919 1190 ut
930 1132 1081 1209 imperium
1091 1129 1178 1204 fratri

171 1221 349 1289 reservaret,
362 1212 593 1293 idVespasiano,
607 1222 638 1273 nt
653 1214 745 1274 ceteri
757 1222 824 1294 post
835 1213 972 1274 Sabinum
985 1213 1176 1276 haberentur.

236 1297 287 1358 65.
310 1296 534 1376 Haudquaquam
563 1305 663 1357 erecto
694 1299 789 1357 animo
810 1314 861 1357 eas
881 1314 973 1357 voces
996 1296 1175 1376 accipiebat,
1267 1293 1268 1300 '

172 1378 314 1442 invalidus
329 1390 464 1450 senecta;
480 1379 533 1440 sed
550 1390 633 1440 eraut
647 1381 695 1459 qui
710 1380 835 1440 occultis
848 1379 1065 1458 suspicionibus
1079 1381 1176 1440 inees-

172 1473 288 1541 serent,
303 1474 445 1543 tamquam
463 1463 569 1524 invidia
589 1473 618 1524 et
632 1462 825 1524 aemulatione
842 1462 986 1544 fortunam·
999 1463 1096 1524 iratris
1114 1481 1174 1524 mo·

172 1558 294 1609 raretur.
320 1566 441 1627 namque
457 1546 575 1608 Flavius
590 1547 713 1608 Sabinus
728 1556 824 1608 aetate
838 1546 919 1625 prior
935 1547 1054 1625 privatis
1071 1547 1173 1607 utrius·

148 1651 231 1711 sque
247 1631 335 1692 rebus
355 1633 527 1692 auctoritate
550 1632 732 1710 pecuniaque
748 1631 960 1708 Vespasianum
976 1628 1119 1707 anteibat,
1147 1639 1176 1689 et
1268 1643 1269 1686 l

174 1715 347 1776 credebatur
367 1714 511 1775 adiectam
531 1716 593 1774 eius
605 1713 692 1772 fidem
703 1731 792 1792 parce
810 1715 918 1774 iuvisse
934 1712 1019 1774 domo
1034 1714 1177 1792 agrisque

171 1799 289 1878 pignori
312 1799 456 1876 acceptis:
474 1797 567 1874 unde,
584 1807 897 1876 quamquammanente
912 1798 1084 1877 inspeciem
1103 1815 1174 1856 con·

172 1881 286 1958 cordia,
301 1881 474 1941 offensarum
488 1890 591 1959 operta
607 1880 815 1941 metuebantur.
844 1881 947 1941 melior
961 1880 1175 1958 interpretatio,

171 1966 268 2025 mitem
279 1967 371 2024 virum
382 1963 543 2024 abhorrere
554 1983 571 2025 a
584 1965 724 2041 sanguine
737 1973 766 2023 et
781 1963 932 2040 caedibus,
949 1977 1045 2041 eoque
1060 1962 1175 2023 crebris

135 2065 163 2106 ro
176 2065 239 2108 carn
253 2047 374 2109 Vitellio
390 2049 572 2109 sermonibus
589 2048 625 2108 de
641 2065 715 2125 pace
734 2048 935 2126 ponendisque
953 2065 1006 2126 per
1024 2046 1174 2106 condicio·

172 2150 238 2192 nem
253 2134 339 2193 armis
354 2135 476 2210 agitare.
504 2150 595 2210 saepe
610 2131 687 2192 domi
704 2131 873 2207 congressi,
891 2139 1041 2209 postremo
1056 2130 1084 2189 in
1098 2130 1176 2190 aede

172 2217 336 2294 Apollinis,
362 2226 392 2275 ut
418 2216 492 2276 lama
517 2216 586 2291 luit,
611 2216 764 2292 pepigere.
801 2213 892 2274 verba
920 2230 1072 2293 vocesque
1098 2214 1175 2272 duos

171 2307 264 2358 testes
282 2299 444 2374 habebant,
467 2297 597 2358 Cluvium
614 2296 718 2357 Rufum
741 2305 770 2357 et
791 2297 891 2357 Silium
905 2295 1053 2358 Italicum:
1075 2297 1175 2357 voltus

172 2383 276 2461 procul
297 2381 457 2441 visentibus
479 2380 665 2458 notabantur,
685 2380 797 2440 Vitellii
818 2381 969 2459 proiectus
984 2389 1014 2440 et
1028 2381 1174 2458 degener,

135 2481 162 2523 rs
172 2465 296 2526 Sabinus
312 2482 369 2525 uon
384 2464 522 2524 insultans
540 2473 570 2524 et
586 2465 733 2524 miseranti
748 2465 879 2543 propior.

232 2548 283 2609 66.
302 2546 386 2623 Quod
407 2547 431 2606 si
451 2556 507 2608 tarn
522 2548 610 2609 facile
632 2564 748 2607 suorum
763 2556 875 2608 mentes
889 2548 1021 2609 flexisset
1035 2548 1175 2608 Vitellius

172 2649 256 2710 quam
271 2633 335 2710 ipse
356 2641 505 2708 cesserat,
527 2631 704 2692 incruentam
718 2631 819 2691 urbem
832 2631 1008 2710 Vespasiani
1025 2633 1174 2692 exercitus

171 2716 316 2774 intrasset.
356 2723 484 2774 ceterum
506 2723 536 2774 ut
555 2717 677 2793 quisque
696 2713 816 2775 Vitellio
841 2714 929 2791 lidus,
950 2716 990 2775 ita
1013 2733 1117 2796 pacem
1140 2723 1176 2774 et

173 2797 362 2858 condiciones
374 2797 554 2874 abnuebant,
572 2797 728 2858 discrimen
742 2815 779 2858 ac
793 2798 923 2859 dedecus
935 2807 1128 2873 ostentantes,
1142 2808 1176 2857 et

148 2882 258 2942 elidem
273 2883 303 2940 in
314 2880 433 2941 libidine
448 2883 576 2941 victoris.
605 2899 662 2940 nec
675 2890 780 2943 tautam
794 2882 978 2961 Vespasiano
994 2881 1174 2961 superbiam,

172 2975 203 3025 ut
224 2965 365 3043 privatum
383 2964 531 3024 Vitellium
551 2972 717 3044 pateretur:
738 2981 775 3025 ne
797 2967 892 3026 victos
913 2964 1029 3044 quidem
1045 2967 1173 3026 laturos:

172 3051 211 3109 ita
229 3048 387 3127 pericnlum
404 3067 440 3108 ex
451 3048 660 3110 misericordia.
672 3049 765 3129 ipsum
782 3067 852 3110 sane
864 3061 965 3110 senem
976 3059 1005 3109 et
1021 3049 1175 3129 prosperis

172 3131 364 3210 adversisque
386 3133 534 3193 satiatum:
556 3132 609 3193 sed
631 3133 709 3214 quod
729 3149 850 3209 nomen,
875 3152 959 3213 quem
984 3142 1088 3193 statum
1111 3133 1173 3192 lilio

172 3216 236 3275 eius
254 3215 424 3278 Germanico
446 3213 534 3276 iore'l
560 3234 635 3276 nunc
655 3218 807 3296 pecuniam
829 3228 858 3278 et
873 3217 1006 3278 familiam
1024 3225 1053 3276 et
1068 3216 1173 3275 beatos

138 3297 348 3376 rocampaniae
373 3301 452 3360 sinus
479 3301 621 3378 promitti:
656 3309 703 3360 set
730 3300 779 3360 ubi
799 3303 951 3380 imperium
971 3301 1172 3379 Vespasianus

172 3379 329 3459 invaserit,
351 3400 409 3442 non
432 3384 504 3463 ipsi,
526 3399 584 3444 non
605 3385 704 3444 amicis
729 3385 806 3462 eins,
822 3402 879 3444 non
895 3383 1019 3462 denique
1035 3382 1171 3442 exerciti·
