<?xml version="1.0" encoding="UTF-8"?>
<!DOCTYPE html PUBLIC "-//W3C//DTD XHTML 1.0 Transitional//EN"
    "http://www.w3.org/TR/xhtml1/DTD/xhtml1-transitional.dtd">
<html xmlns="http://www.w3.org/1999/xhtml" xml:lang="en" lang="en">
 <head>
  <title>
</title>
<meta http-equiv="Content-Type" content="text/html;charset=utf-8" />
  <meta name='ocr-system' content='tesseract 3.04.00' />
  <meta name='ocr-capabilities' content='ocr_page ocr_carea ocr_par ocr_line ocrx_word'/>
</head>
<body>
  <div class='ocr_page' id='page_1' title='image "./libriquisupersu02tacigoog/libriquisupersu02tacigoog_0687.png"; bbox 0 0 2510 3864; ppageno 0'>
   <div class='ocr_carea' id='block_1_1' title="bbox 199 176 959 238">
    <p class='ocr_par' dir='ltr' id='par_1_1' title="bbox 199 176 959 238">
     <span class='ocr_line' id='line_1_1' title="bbox 199 176 959 238; baseline -0.017 0"><span class='ocrx_word' id='word_1_1' title='bbox 199 176 260 238; x_wconf 74' lang='lat'><strong>242</strong></span> <span class='ocrx_word' id='word_1_2' title='bbox 426 183 539 234; x_wconf 79' lang='lat' dir='ltr'><strong>racrrr</strong></span> <span class='ocrx_word' id='word_1_3' title='bbox 555 182 653 230; x_wconf 79' lang='lat' dir='ltr'><strong>orso.</strong></span> <span class='ocrx_word' id='word_1_4' title='bbox 675 181 723 228; x_wconf 87' lang='lat' dir='ltr'><strong>nn</strong></span> <span class='ocrx_word' id='word_1_5' title='bbox 739 178 959 229; x_wconf 79' lang='lat' dir='ltr'><strong>onarourans</strong></span> 
     </span>
    </p>
   </div>
   <div class='ocr_carea' id='block_1_2' title="bbox 148 332 1237 3520">
    <p class='ocr_par' dir='ltr' id='par_1_2' title="bbox 148 332 1237 2996">
     <span class='ocr_line' id='line_1_2' title="bbox 200 332 1220 419; baseline -0.008 -15"><span class='ocrx_word' id='word_1_6' title='bbox 200 342 319 404; x_wconf 79' lang='lat' dir='ltr'><strong>alteram</strong></span> <span class='ocrx_word' id='word_1_7' title='bbox 333 339 411 419; x_wconf 85' lang='lat' dir='ltr'><strong>apud</strong></span> <span class='ocrx_word' id='word_1_8' title='bbox 426 355 479 399; x_wconf 89' lang='lat' dir='ltr'><strong>eos</strong></span> <span class='ocrx_word' id='word_1_9' title='bbox 494 346 606 418; x_wconf 87' lang='lat' dir='ltr'><strong>partem</strong></span> <span class='ocrx_word' id='word_1_10' title='bbox 619 335 714 413; x_wconf 71' lang='lat' dir='ltr'><strong>gratia</strong></span> <span class='ocrx_word' id='word_1_11' title='bbox 728 332 911 414; x_wconf 82' lang='lat' dir='ltr'><strong>praevalere.</strong></span> <span class='ocrx_word' id='word_1_12' title='bbox 940 334 1003 412; x_wconf 83' lang='lat' dir='ltr'><strong>quis</strong></span> <span class='ocrx_word' id='word_1_13' title='bbox 1019 333 1099 394; x_wconf 87' lang='lat' dir='ltr'><strong>eninr</strong></span> <span class='ocrx_word' id='word_1_14' title='bbox 1115 336 1220 396; x_wconf 83' lang='lat' dir='ltr'><strong>nescit</strong></span> 
     </span>
     <span class='ocr_line' id='line_1_3' title="bbox 148 416 1234 494; baseline -0.007 -8"><span class='ocrx_word' id='word_1_15' title='bbox 148 487 151 494; x_wconf 73' lang='grc'>,</span> <span class='ocrx_word' id='word_1_16' title='bbox 175 455 186 493; x_wconf 70' lang='grc' dir='ltr'><strong>ι</strong></span> <span class='ocrx_word' id='word_1_17' title='bbox 202 425 342 488; x_wconf 89' lang='lat' dir='ltr'><strong>neminem</strong></span> <span class='ocrx_word' id='word_1_18' title='bbox 356 421 424 484; x_wconf 88' lang='lat' dir='ltr'><strong>milri</strong></span> <span class='ocrx_word' id='word_1_19' title='bbox 441 421 667 482; x_wconf 77' lang='lat' dir='ltr'><strong>coniunctiorem</strong></span> <span class='ocrx_word' id='word_1_20' title='bbox 681 435 750 479; x_wconf 86' lang='lat' dir='ltr'><strong>esse</strong></span> <span class='ocrx_word' id='word_1_21' title='bbox 764 425 794 478; x_wconf 91' lang='lat' dir='ltr'><strong>et</strong></span> <span class='ocrx_word' id='word_1_22' title='bbox 808 435 862 478; x_wconf 88' lang='lat' dir='ltr'><strong>usu</strong></span> <span class='ocrx_word' id='word_1_23' title='bbox 879 416 1023 478; x_wconf 83' lang='lat' dir='ltr'><strong>amicitiae</strong></span> <span class='ocrx_word' id='word_1_24' title='bbox 1036 425 1069 476; x_wconf 91' lang='lat' dir='ltr'><strong>et</strong></span> <span class='ocrx_word' id='word_1_25' title='bbox 1087 417 1215 478; x_wconf 87' lang='lat' dir='ltr'><strong>assidui·</strong></span> <span class='ocrx_word' id='word_1_26' title='bbox 1233 455 1234 486; x_wconf 65' lang='grc'><strong>;</strong></span> 
     </span>
     <span class='ocr_line' id='line_1_4' title="bbox 202 500 1216 584; baseline -0.008 -14"><span class='ocrx_word' id='word_1_27' title='bbox 202 518 261 571; x_wconf 86' lang='lat' dir='ltr'><strong>tote</strong></span> <span class='ocrx_word' id='word_1_28' title='bbox 278 505 458 568; x_wconf 86' lang='lat' dir='ltr'><strong>contubernii</strong></span> <span class='ocrx_word' id='word_1_29' title='bbox 474 521 559 584; x_wconf 80' lang='lat' dir='ltr'><strong>quam</strong></span> <span class='ocrx_word' id='word_1_30' title='bbox 574 503 700 564; x_wconf 77' lang='lat' dir='ltr'><strong>Saleium</strong></span> <span class='ocrx_word' id='word_1_31' title='bbox 714 500 850 578; x_wconf 86' lang='lat' dir='ltr'><strong>Bassum,</strong></span> <span class='ocrx_word' id='word_1_32' title='bbox 876 518 940 562; x_wconf 87' lang='lat' dir='ltr'><strong>enm</strong></span> <span class='ocrx_word' id='word_1_33' title='bbox 957 501 1102 580; x_wconf 86' lang='lat' dir='ltr'><strong>optimum</strong></span> <span class='ocrx_word' id='word_1_34' title='bbox 1119 503 1216 562; x_wconf 82' lang='lat' dir='ltr'><strong>virum</strong></span> 
     </span>
     <span class='ocr_line' id='line_1_5' title="bbox 200 583 1215 668; baseline -0.009 -14"><span class='ocrx_word' id='word_1_35' title='bbox 200 603 258 654; x_wconf 90' lang='lat' dir='ltr'><strong>tum</strong></span> <span class='ocrx_word' id='word_1_36' title='bbox 276 589 518 652; x_wconf 82' lang='lat' dir='ltr'><strong>absolutisslmnm</strong></span> <span class='ocrx_word' id='word_1_37' title='bbox 534 583 671 668; x_wconf 80' lang='lat' dir='ltr'><strong>poetam?</strong></span> <span class='ocrx_word' id='word_1_38' title='bbox 692 601 782 664; x_wconf 91' lang='lat' dir='ltr'><strong>porro</strong></span> <span class='ocrx_word' id='word_1_39' title='bbox 793 587 819 644; x_wconf 83' lang='lat' dir='ltr'><strong>si</strong></span> <span class='ocrx_word' id='word_1_40' title='bbox 834 585 951 662; x_wconf 87' lang='lat' dir='ltr'><strong>poetica</strong></span> <span class='ocrx_word' id='word_1_41' title='bbox 966 592 1143 662; x_wconf 86' lang='lat' dir='ltr'><strong>accusatur,</strong></span> <span class='ocrx_word' id='word_1_42' title='bbox 1161 603 1215 646; x_wconf 89' lang='lat' dir='ltr'><strong>nor</strong></span> 
     </span>
     <span class='ocr_line' id='line_1_6' title="bbox 201 670 1235 751; baseline -0.018 -12"><span class='ocrx_word' id='word_1_43' title='bbox 201 676 286 740; x_wconf 79' lang='lat' dir='ltr'><strong>aliurn</strong></span> <span class='ocrx_word' id='word_1_44' title='bbox 301 673 387 736; x_wconf 80' lang='lat' dir='ltr'><strong>video</strong></span> <span class='ocrx_word' id='word_1_45' title='bbox 404 690 486 734; x_wconf 88' lang='lat' dir='ltr'><strong>reum</strong></span> <span class='ocrx_word' id='word_1_46' title='bbox 500 670 746 751; x_wconf 65' lang='lat' dir='ltr'><strong>locupletiorem!</strong></span> <span class='ocrx_word' id='word_1_47' title='bbox 1234 706 1235 748; x_wconf 47' lang='lat' dir='ltr'><strong>p</strong></span> 
     </span>
     <span class='ocr_line' id='line_1_7' title="bbox 263 751 1235 835; baseline -0.007 -15"><span class='ocrx_word' id='word_1_48' title='bbox 263 758 411 820; x_wconf 76' lang='lat' dir='ltr'><strong>‘Securus</strong></span> <span class='ocrx_word' id='word_1_49' title='bbox 428 757 484 818; x_wconf 85' lang='lat' dir='ltr'><strong>sit’</strong></span> <span class='ocrx_word' id='word_1_50' title='bbox 500 756 592 835; x_wconf 82' lang='lat' dir='ltr'><strong>iuquit</strong></span> <span class='ocrx_word' id='word_1_51' title='bbox 613 753 696 833; x_wconf 78' lang='lat' dir='ltr'><strong>Aper</strong></span> <span class='ocrx_word' id='word_1_52' title='bbox 711 754 754 813; x_wconf 79' lang='lat' dir='ltr'><strong>‘et</strong></span> <span class='ocrx_word' id='word_1_53' title='bbox 770 751 885 813; x_wconf 78' lang='lat' dir='ltr'><strong>Saleius</strong></span> <span class='ocrx_word' id='word_1_54' title='bbox 900 751 1009 812; x_wconf 87' lang='lat' dir='ltr'><strong>Bassus</strong></span> <span class='ocrx_word' id='word_1_55' title='bbox 1025 760 1057 811; x_wconf 90' lang='lat' dir='ltr'><strong>ct</strong></span> <span class='ocrx_word' id='word_1_56' title='bbox 1079 754 1217 832; x_wconf 80' lang='lat' dir='ltr'><strong>quisquis</strong></span> <span class='ocrx_word' id='word_1_57' title='bbox 1234 831 1235 834; x_wconf 8' lang='grc' dir='ltr'><strong>Ἴ</strong></span> 
     </span>
     <span class='ocr_line' id='line_1_8' title="bbox 168 834 1217 921; baseline -0.01 -15"><span class='ocrx_word' id='word_1_58' title='bbox 168 873 192 915; x_wconf 74' lang='lat'><strong>10</strong></span> <span class='ocrx_word' id='word_1_59' title='bbox 202 843 276 906; x_wconf 79' lang='lat' dir='ltr'><strong>alios</strong></span> <span class='ocrx_word' id='word_1_60' title='bbox 289 839 413 903; x_wconf 85' lang='lat' dir='ltr'><strong>studium</strong></span> <span class='ocrx_word' id='word_1_61' title='bbox 427 839 564 921; x_wconf 84' lang='lat' dir='ltr'><strong>poeticae</strong></span> <span class='ocrx_word' id='word_1_62' title='bbox 579 845 610 899; x_wconf 90' lang='lat' dir='ltr'><strong>et</strong></span> <span class='ocrx_word' id='word_1_63' title='bbox 625 837 780 898; x_wconf 84' lang='lat' dir='ltr'><strong>carminum</strong></span> <span class='ocrx_word' id='word_1_64' title='bbox 794 835 918 913; x_wconf 71' lang='lat' dir='ltr'><strong>gloriam</strong></span> <span class='ocrx_word' id='word_1_65' title='bbox 935 834 1035 912; x_wconf 84' lang='lat' dir='ltr'><strong>levet,</strong></span> <span class='ocrx_word' id='word_1_66' title='bbox 1058 851 1125 896; x_wconf 80' lang='lat' dir='ltr'><strong>curn</strong></span> <span class='ocrx_word' id='word_1_67' title='bbox 1144 854 1217 896; x_wconf 73' lang='lat' dir='ltr'><strong>cau⁴</strong></span> 
     </span>
     <span class='ocr_line' id='line_1_9' title="bbox 201 917 1218 1004; baseline -0.009 -16"><span class='ocrx_word' id='word_1_68' title='bbox 201 945 249 989; x_wconf 86' lang='lat' dir='ltr'><strong>sus</strong></span> <span class='ocrx_word' id='word_1_69' title='bbox 266 943 356 1004; x_wconf 70' lang='lat' dir='ltr'><strong>agere</strong></span> <span class='ocrx_word' id='word_1_70' title='bbox 372 942 430 985; x_wconf 94' lang='lat' dir='ltr'><strong>non</strong></span> <span class='ocrx_word' id='word_1_71' title='bbox 446 923 550 1003; x_wconf 88' lang='lat' dir='ltr'><strong>possit.</strong></span> <span class='ocrx_word' id='word_1_72' title='bbox 579 921 743 1000; x_wconf 70' lang='lat' dir='ltr'><strong>egoenim,</strong></span> <span class='ocrx_word' id='word_1_73' title='bbox 764 927 905 998; x_wconf 82' lang='lat' dir='ltr'><strong>quatenos</strong></span> <span class='ocrx_word' id='word_1_74' title='bbox 922 917 1062 980; x_wconf 83' lang='lat' dir='ltr'><strong>arbitrum</strong></span> <span class='ocrx_word' id='word_1_75' title='bbox 1084 919 1146 980; x_wconf 90' lang='lat' dir='ltr'><strong>litis</strong></span> <span class='ocrx_word' id='word_1_76' title='bbox 1162 919 1218 980; x_wconf 90' lang='lat' dir='ltr'><strong>lru·</strong></span> 
     </span>
     <span class='ocr_line' id='line_1_10' title="bbox 201 1001 1217 1087; baseline -0.008 -16"><span class='ocrx_word' id='word_1_77' title='bbox 201 1012 245 1071; x_wconf 89' lang='lat' dir='ltr'><strong>ius</strong></span> <span class='ocrx_word' id='word_1_78' title='bbox 267 1009 378 1087; x_wconf 84' lang='lat' dir='ltr'><strong>inveni,</strong></span> <span class='ocrx_word' id='word_1_79' title='bbox 400 1024 459 1068; x_wconf 93' lang='lat' dir='ltr'><strong>non</strong></span> <span class='ocrx_word' id='word_1_80' title='bbox 478 1006 572 1086; x_wconf 89' lang='lat' dir='ltr'><strong>patiar</strong></span> <span class='ocrx_word' id='word_1_81' title='bbox 585 1004 744 1066; x_wconf 83' lang='lat' dir='ltr'><strong>llaternum</strong></span> <span class='ocrx_word' id='word_1_82' title='bbox 765 1003 907 1064; x_wconf 86' lang='lat' dir='ltr'><strong>societate</strong></span> <span class='ocrx_word' id='word_1_83' title='bbox 931 1001 1057 1080; x_wconf 87' lang='lat' dir='ltr'><strong>plurium</strong></span> <span class='ocrx_word' id='word_1_84' title='bbox 1081 1003 1217 1081; x_wconf 84' lang='lat' dir='ltr'><strong>delendi,</strong></span> 
     </span>
     <span class='ocr_line' id='line_1_11' title="bbox 197 1088 1236 1173; baseline -0.006 -18"><span class='ocrx_word' id='word_1_85' title='bbox 197 1094 250 1155; x_wconf 90' lang='lat' dir='ltr'><strong>sed</strong></span> <span class='ocrx_word' id='word_1_86' title='bbox 272 1095 365 1173; x_wconf 88' lang='lat' dir='ltr'><strong>ipsum</strong></span> <span class='ocrx_word' id='word_1_87' title='bbox 382 1093 475 1153; x_wconf 90' lang='lat' dir='ltr'><strong>solum</strong></span> <span class='ocrx_word' id='word_1_88' title='bbox 489 1090 564 1170; x_wconf 87' lang='lat' dir='ltr'><strong>apud</strong></span> <span class='ocrx_word' id='word_1_89' title='bbox 580 1109 634 1154; x_wconf 82' lang='lat' dir='ltr'><strong>vos</strong></span> <span class='ocrx_word' id='word_1_90' title='bbox 653 1109 786 1169; x_wconf 82' lang='lat' dir='ltr'><strong>arguam,</strong></span> <span class='ocrx_word' id='word_1_91' title='bbox 812 1090 889 1170; x_wconf 87' lang='lat' dir='ltr'><strong>qnod</strong></span> <span class='ocrx_word' id='word_1_92' title='bbox 911 1098 995 1151; x_wconf 91' lang='lat' dir='ltr'><strong>natus</strong></span> <span class='ocrx_word' id='word_1_93' title='bbox 1018 1088 1055 1150; x_wconf 75' lang='lat' dir='ltr'><strong>all</strong></span> <span class='ocrx_word' id='word_1_94' title='bbox 1072 1089 1236 1170; x_wconf 71' lang='lat' dir='ltr'><strong>eloquen·÷</strong></span> 
     </span>
     <span class='ocr_line' id='line_1_12' title="bbox 200 1173 1216 1254; baseline -0.005 -17"><span class='ocrx_word' id='word_1_95' title='bbox 200 1179 266 1237; x_wconf 90' lang='lat' dir='ltr'><strong>tiam</strong></span> <span class='ocrx_word' id='word_1_96' title='bbox 283 1176 396 1237; x_wconf 86' lang='lat' dir='ltr'><strong>virilem</strong></span> <span class='ocrx_word' id='word_1_97' title='bbox 413 1183 444 1236; x_wconf 87' lang='lat' dir='ltr'><strong>et</strong></span> <span class='ocrx_word' id='word_1_98' title='bbox 461 1175 635 1253; x_wconf 87' lang='lat' dir='ltr'><strong>oratoriam,</strong></span> <span class='ocrx_word' id='word_1_99' title='bbox 656 1193 711 1254; x_wconf 85' lang='lat' dir='ltr'><strong>qua</strong></span> <span class='ocrx_word' id='word_1_100' title='bbox 727 1193 833 1253; x_wconf 89' lang='lat' dir='ltr'><strong>parere</strong></span> <span class='ocrx_word' id='word_1_101' title='bbox 855 1173 938 1235; x_wconf 88' lang='lat' dir='ltr'><strong>simul</strong></span> <span class='ocrx_word' id='word_1_102' title='bbox 961 1183 991 1233; x_wconf 90' lang='lat' dir='ltr'><strong>et</strong></span> <span class='ocrx_word' id='word_1_103' title='bbox 1015 1175 1100 1234; x_wconf 89' lang='lat' dir='ltr'><strong>tueri</strong></span> <span class='ocrx_word' id='word_1_104' title='bbox 1123 1173 1216 1234; x_wconf 89' lang='lat' dir='ltr'><strong>amiei-</strong></span> 
     </span>
     <span class='ocr_line' id='line_1_13' title="bbox 161 1257 1208 1338; baseline -0.004 -21"><span class='ocrx_word' id='word_1_105' title='bbox 161 1275 186 1317; x_wconf 68' lang='grc' dir='ltr'>ω</span> <span class='ocrx_word' id='word_1_106' title='bbox 200 1262 273 1336; x_wconf 89' lang='lat' dir='ltr'><strong>tias,</strong></span> <span class='ocrx_word' id='word_1_107' title='bbox 289 1259 455 1321; x_wconf 79' lang='lat' dir='ltr'><strong>adsciscere</strong></span> <span class='ocrx_word' id='word_1_108' title='bbox 471 1258 722 1335; x_wconf 74' lang='lat' dir='ltr'><strong>necessitudines,</strong></span> <span class='ocrx_word' id='word_1_109' title='bbox 743 1259 898 1338; x_wconf 90' lang='lat' dir='ltr'><strong>complecti</strong></span> <span class='ocrx_word' id='word_1_110' title='bbox 914 1258 1088 1336; x_wconf 86' lang='lat' dir='ltr'><strong>provincias</strong></span> <span class='ocrx_word' id='word_1_111' title='bbox 1110 1257 1208 1336; x_wconf 83' lang='lat' dir='ltr'><strong>possit,</strong></span> 
     </span>
     <span class='ocr_line' id='line_1_14' title="bbox 198 1339 1210 1424; baseline -0.005 -19"><span class='ocrx_word' id='word_1_112' title='bbox 198 1346 305 1405; x_wconf 89' lang='lat' dir='ltr'><strong>omittit</strong></span> <span class='ocrx_word' id='word_1_113' title='bbox 320 1344 461 1421; x_wconf 87' lang='lat' dir='ltr'><strong>studium,</strong></span> <span class='ocrx_word' id='word_1_114' title='bbox 484 1361 542 1424; x_wconf 90' lang='lat' dir='ltr'><strong>quo</strong></span> <span class='ocrx_word' id='word_1_115' title='bbox 557 1361 615 1404; x_wconf 93' lang='lat' dir='ltr'><strong>non</strong></span> <span class='ocrx_word' id='word_1_116' title='bbox 628 1341 704 1403; x_wconf 90' lang='lat' dir='ltr'><strong>aliud</strong></span> <span class='ocrx_word' id='word_1_117' title='bbox 719 1344 748 1404; x_wconf 91' lang='lat' dir='ltr'><strong>in</strong></span> <span class='ocrx_word' id='word_1_118' title='bbox 763 1344 881 1404; x_wconf 86' lang='lat' dir='ltr'><strong>civitate</strong></span> <span class='ocrx_word' id='word_1_119' title='bbox 904 1349 1003 1401; x_wconf 88' lang='lat' dir='ltr'><strong>nostra</strong></span> <span class='ocrx_word' id='word_1_120' title='bbox 1017 1341 1070 1402; x_wconf 86' lang='lat' dir='ltr'><strong>vel</strong></span> <span class='ocrx_word' id='word_1_121' title='bbox 1089 1342 1124 1402; x_wconf 89' lang='lat' dir='ltr'><strong>ad</strong></span> <span class='ocrx_word' id='word_1_122' title='bbox 1140 1339 1210 1400; x_wconf 87' lang='lat' dir='ltr'><strong>utili·</strong></span> 
     </span>
     <span class='ocr_line' id='line_1_15' title="bbox 198 1423 1205 1506; baseline -0.005 -18"><span class='ocrx_word' id='word_1_123' title='bbox 198 1436 286 1488; x_wconf 85' lang='lat' dir='ltr'><strong>tatem</strong></span> <span class='ocrx_word' id='word_1_124' title='bbox 301 1429 479 1490; x_wconf 83' lang='lat' dir='ltr'><strong>fructuosius</strong></span> <span class='ocrx_word' id='word_1_125' title='bbox 495 1427 544 1488; x_wconf 79' lang='lat' dir='ltr'><strong>uel</strong></span> <span class='ocrx_word' id='word_1_126' title='bbox 560 1427 595 1488; x_wconf 87' lang='lat' dir='ltr'><strong>ad</strong></span> <span class='ocrx_word' id='word_1_127' title='bbox 610 1427 790 1506; x_wconf 86' lang='lat' dir='ltr'><strong>voluptatem</strong></span> <span class='ocrx_word' id='word_1_128' title='bbox 806 1424 917 1487; x_wconf 89' lang='lat' dir='ltr'><strong>dulcius</strong></span> <span class='ocrx_word' id='word_1_129' title='bbox 934 1424 981 1485; x_wconf 85' lang='lat' dir='ltr'><strong>vel</strong></span> <span class='ocrx_word' id='word_1_130' title='bbox 994 1423 1030 1485; x_wconf 77' lang='lat' dir='ltr'><strong>acl</strong></span> <span class='ocrx_word' id='word_1_131' title='bbox 1043 1425 1205 1504; x_wconf 80' lang='lat' dir='ltr'><strong>dignitatem</strong></span> 
     </span>
     <span class='ocr_line' id='line_1_16' title="bbox 200 1508 1200 1600; baseline -0.006 -29"><span class='ocrx_word' id='word_1_132' title='bbox 200 1511 322 1592; x_wconf 87' lang='lat' dir='ltr'><strong>amplius</strong></span> <span class='ocrx_word' id='word_1_133' title='bbox 340 1513 388 1573; x_wconf 85' lang='lat' dir='ltr'><strong>vel</strong></span> <span class='ocrx_word' id='word_1_134' title='bbox 403 1511 439 1572; x_wconf 91' lang='lat' dir='ltr'><strong>ad</strong></span> <span class='ocrx_word' id='word_1_135' title='bbox 457 1511 537 1572; x_wconf 91' lang='lat' dir='ltr'><strong>urbis</strong></span> <span class='ocrx_word' id='word_1_136' title='bbox 551 1511 653 1572; x_wconf 88' lang='lat' dir='ltr'><strong>lamam</strong></span> <span class='ocrx_word' id='word_1_137' title='bbox 669 1511 817 1588; x_wconf 81' lang='lat' dir='ltr'><strong>pulchrius</strong></span> <span class='ocrx_word' id='word_1_138' title='bbox 829 1510 878 1571; x_wconf 80' lang='lat' dir='ltr'><strong>rel</strong></span> <span class='ocrx_word' id='word_1_139' title='bbox 891 1508 926 1570; x_wconf 87' lang='lat' dir='ltr'><strong>ad</strong></span> <span class='ocrx_word' id='word_1_140' title='bbox 940 1509 1031 1569; x_wconf 88' lang='lat' dir='ltr'><strong>totius</strong></span> <span class='ocrx_word' id='word_1_141' title='bbox 1044 1510 1200 1600; x_wconf 78' lang='lat' dir='ltr'><strong>imperiiat</strong></span> 
     </span>
     <span class='ocr_line' id='line_1_17' title="bbox 200 1593 1237 1674; baseline -0.004 -20"><span class='ocrx_word' id='word_1_142' title='bbox 200 1615 257 1674; x_wconf 92' lang='lat' dir='ltr'><strong>que</strong></span> <span class='ocrx_word' id='word_1_143' title='bbox 281 1596 405 1656; x_wconf 90' lang='lat' dir='ltr'><strong>omnium</strong></span> <span class='ocrx_word' id='word_1_144' title='bbox 431 1597 561 1673; x_wconf 78' lang='lat' dir='ltr'><strong>gentium</strong></span> <span class='ocrx_word' id='word_1_145' title='bbox 582 1595 712 1655; x_wconf 88' lang='lat' dir='ltr'><strong>notitiam</strong></span> <span class='ocrx_word' id='word_1_146' title='bbox 734 1595 884 1655; x_wconf 79' lang='lat' dir='ltr'><strong>inlustrius</strong></span> <span class='ocrx_word' id='word_1_147' title='bbox 911 1593 1077 1670; x_wconf 78' lang='lat' dir='ltr'><strong>excogitari</strong></span> <span class='ocrx_word' id='word_1_148' title='bbox 1100 1599 1205 1673; x_wconf 77' lang='lat' dir='ltr'><strong>petest.</strong></span> <span class='ocrx_word' id='word_1_149' title='bbox 1236 1659 1237 1666; x_wconf 18' lang='lat' dir='ltr'><strong>p</strong></span> 
     </span>
     <span class='ocr_line' id='line_1_18' title="bbox 162 1676 1211 1754; baseline -0.001 -19"><span class='ocrx_word' id='word_1_150' title='bbox 162 1694 187 1734; x_wconf 82' lang='lat' dir='ltr'><strong>co</strong></span> <span class='ocrx_word' id='word_1_151' title='bbox 203 1697 265 1739; x_wconf 89' lang='lat' dir='ltr'><strong>nam</strong></span> <span class='ocrx_word' id='word_1_152' title='bbox 282 1681 306 1738; x_wconf 89' lang='lat' dir='ltr'><strong>si</strong></span> <span class='ocrx_word' id='word_1_153' title='bbox 323 1679 358 1738; x_wconf 90' lang='lat' dir='ltr'><strong>ad</strong></span> <span class='ocrx_word' id='word_1_154' title='bbox 374 1679 528 1740; x_wconf 83' lang='lat' dir='ltr'><strong>utilitatem</strong></span> <span class='ocrx_word' id='word_1_155' title='bbox 544 1681 722 1740; x_wconf 89' lang='lat' dir='ltr'><strong>vitaeomnia</strong></span> <span class='ocrx_word' id='word_1_156' title='bbox 736 1677 859 1740; x_wconf 89' lang='lat' dir='ltr'><strong>consilia</strong></span> <span class='ocrx_word' id='word_1_157' title='bbox 873 1678 1010 1754; x_wconf 84' lang='lat' dir='ltr'><strong>iactaque</strong></span> <span class='ocrx_word' id='word_1_158' title='bbox 1028 1686 1140 1738; x_wconf 89' lang='lat' dir='ltr'><strong>nostra</strong></span> <span class='ocrx_word' id='word_1_159' title='bbox 1155 1676 1211 1738; x_wconf 80' lang='lat' dir='ltr'><strong>diri</strong></span> 
     </span>
     <span class='ocr_line' id='line_1_19' title="bbox 201 1759 1215 1843; baseline -0.003 -21"><span class='ocrx_word' id='word_1_160' title='bbox 201 1759 297 1840; x_wconf 79' lang='lat' dir='ltr'><strong>gcud&#39;a</strong></span> <span class='ocrx_word' id='word_1_161' title='bbox 313 1770 397 1839; x_wconf 84' lang='lat' dir='ltr'><strong>sunt,</strong></span> <span class='ocrx_word' id='word_1_162' title='bbox 423 1762 490 1840; x_wconf 89' lang='lat' dir='ltr'><strong>quid</strong></span> <span class='ocrx_word' id='word_1_163' title='bbox 506 1771 552 1823; x_wconf 89' lang='lat' dir='ltr'><strong>ost</strong></span> <span class='ocrx_word' id='word_1_164' title='bbox 568 1764 657 1822; x_wconf 89' lang='lat' dir='ltr'><strong>tutius</strong></span> <span class='ocrx_word' id='word_1_165' title='bbox 677 1781 761 1843; x_wconf 87' lang='lat' dir='ltr'><strong>quam</strong></span> <span class='ocrx_word' id='word_1_166' title='bbox 778 1779 842 1824; x_wconf 88' lang='lat' dir='ltr'><strong>eam</strong></span> <span class='ocrx_word' id='word_1_167' title='bbox 858 1778 1004 1822; x_wconf 79' lang='lat' dir='ltr'><strong>exercere</strong></span> <span class='ocrx_word' id='word_1_168' title='bbox 1025 1769 1142 1842; x_wconf 88' lang='lat' dir='ltr'><strong>artem,</strong></span> <span class='ocrx_word' id='word_1_169' title='bbox 1167 1778 1215 1840; x_wconf 88' lang='lat' dir='ltr'><strong>qua</strong></span> 
     </span>
     <span class='ocr_line' id='line_1_20' title="bbox 200 1844 1219 1926; baseline -0.001 -20"><span class='ocrx_word' id='word_1_170' title='bbox 200 1863 321 1924; x_wconf 86' lang='lat' dir='ltr'><strong>semper</strong></span> <span class='ocrx_word' id='word_1_171' title='bbox 337 1854 462 1906; x_wconf 90' lang='lat' dir='ltr'><strong>armatus</strong></span> <span class='ocrx_word' id='word_1_172' title='bbox 478 1847 654 1923; x_wconf 87' lang='lat' dir='ltr'><strong>praesidium</strong></span> <span class='ocrx_word' id='word_1_173' title='bbox 670 1848 780 1924; x_wconf 90' lang='lat' dir='ltr'><strong>amicis,</strong></span> <span class='ocrx_word' id='word_1_174' title='bbox 797 1863 882 1926; x_wconf 90' lang='lat' dir='ltr'><strong>opem</strong></span> <span class='ocrx_word' id='word_1_175' title='bbox 898 1844 1012 1922; x_wconf 87' lang='lat' dir='ltr'><strong>alienis,</strong></span> <span class='ocrx_word' id='word_1_176' title='bbox 1028 1845 1158 1906; x_wconf 85' lang='lat' dir='ltr'><strong>salntem</strong></span> <span class='ocrx_word' id='word_1_177' title='bbox 1172 1865 1219 1925; x_wconf 92' lang='lat' dir='ltr'><strong>pe·</strong></span> 
     </span>
     <span class='ocr_line' id='line_1_21' title="bbox 200 1928 1218 2006; baseline -0.003 -16"><span class='ocrx_word' id='word_1_178' title='bbox 200 1928 399 1990; x_wconf 88' lang='lat' dir='ltr'><strong>riclitantlbus</strong></span> <span class='ocrx_word' id='word_1_179' title='bbox 407 1971 417 2006; x_wconf 86' lang='lat'><strong><em>,</em></strong></span> <span class='ocrx_word' id='word_1_180' title='bbox 434 1929 539 1990; x_wconf 89' lang='lat' dir='ltr'><strong>invidis</strong></span> <span class='ocrx_word' id='word_1_181' title='bbox 552 1946 624 1991; x_wconf 87' lang='lat' dir='ltr'><strong>vero</strong></span> <span class='ocrx_word' id='word_1_182' title='bbox 635 1939 664 1990; x_wconf 91' lang='lat' dir='ltr'><strong>et</strong></span> <span class='ocrx_word' id='word_1_183' title='bbox 676 1931 800 1991; x_wconf 89' lang='lat' dir='ltr'><strong>inimicis</strong></span> <span class='ocrx_word' id='word_1_184' title='bbox 812 1938 919 1990; x_wconf 88' lang='lat' dir='ltr'><strong>metum</strong></span> <span class='ocrx_word' id='word_1_185' title='bbox 933 1937 963 1989; x_wconf 89' lang='lat' dir='ltr'><strong>ot</strong></span> <span class='ocrx_word' id='word_1_186' title='bbox 978 1937 1129 1990; x_wconf 90' lang='lat' dir='ltr'><strong>terrorem</strong></span> <span class='ocrx_word' id='word_1_187' title='bbox 1141 1930 1218 1990; x_wconf 92' lang='lat' dir='ltr'><strong>ultro</strong></span> 
     </span>
     <span class='ocr_line' id='line_1_22' title="bbox 200 2012 1220 2094; baseline 0.001 -22"><span class='ocrx_word' id='word_1_188' title='bbox 200 2012 298 2089; x_wconf 84' lang='lat' dir='ltr'><strong>ieras,</strong></span> <span class='ocrx_word' id='word_1_189' title='bbox 328 2012 394 2091; x_wconf 89' lang='lat' dir='ltr'><strong>ipse</strong></span> <span class='ocrx_word' id='word_1_190' title='bbox 417 2030 539 2074; x_wconf 89' lang='lat' dir='ltr'><strong>securus</strong></span> <span class='ocrx_word' id='word_1_191' title='bbox 566 2021 596 2075; x_wconf 88' lang='lat' dir='ltr'><strong>ot</strong></span> <span class='ocrx_word' id='word_1_192' title='bbox 621 2012 702 2074; x_wconf 83' lang='lat' dir='ltr'><strong>velut</strong></span> <span class='ocrx_word' id='word_1_193' title='bbox 723 2012 844 2094; x_wconf 86' lang='lat' dir='ltr'><strong>quadam</strong></span> <span class='ocrx_word' id='word_1_194' title='bbox 865 2020 1008 2091; x_wconf 87' lang='lat' dir='ltr'><strong>perpetua</strong></span> <span class='ocrx_word' id='word_1_195' title='bbox 1028 2015 1168 2093; x_wconf 88' lang='lat' dir='ltr'><strong>potentia</strong></span> <span class='ocrx_word' id='word_1_196' title='bbox 1187 2030 1220 2075; x_wconf 85' lang='lat' dir='ltr'><strong>ac</strong></span> 
     </span>
     <span class='ocr_line' id='line_1_23' title="bbox 164 2094 1220 2176; baseline -0.001 -19"><span class='ocrx_word' id='word_1_197' title='bbox 164 2105 189 2147; x_wconf 74' lang='lat' dir='ltr'><strong>tt</strong></span> <span class='ocrx_word' id='word_1_198' title='bbox 203 2103 355 2175; x_wconf 81' lang='lat' dir='ltr'><strong>potestate</strong></span> <span class='ocrx_word' id='word_1_199' title='bbox 368 2094 513 2157; x_wconf 85' lang='lat' dir='ltr'><strong>munitus?</strong></span> <span class='ocrx_word' id='word_1_200' title='bbox 535 2098 616 2157; x_wconf 90' lang='lat' dir='ltr'><strong>cuius</strong></span> <span class='ocrx_word' id='word_1_201' title='bbox 630 2097 674 2158; x_wconf 88' lang='lat' dir='ltr'><strong>vis</strong></span> <span class='ocrx_word' id='word_1_202' title='bbox 690 2105 720 2159; x_wconf 89' lang='lat' dir='ltr'><strong>et</strong></span> <span class='ocrx_word' id='word_1_203' title='bbox 749 2095 863 2158; x_wconf 85' lang='lat' dir='ltr'><strong>utilitas</strong></span> <span class='ocrx_word' id='word_1_204' title='bbox 896 2096 985 2157; x_wconf 87' lang='lat' dir='ltr'><strong>rebus</strong></span> <span class='ocrx_word' id='word_1_205' title='bbox 1001 2113 1153 2176; x_wconf 87' lang='lat' dir='ltr'><strong>prospere</strong></span> <span class='ocrx_word' id='word_1_206' title='bbox 1169 2095 1220 2156; x_wconf 81' lang='lat' dir='ltr'><strong>flu·</strong></span> 
     </span>
     <span class='ocr_line' id='line_1_24' title="bbox 198 2179 1218 2260; baseline -0.004 -18"><span class='ocrx_word' id='word_1_207' title='bbox 198 2180 316 2242; x_wconf 88' lang='lat' dir='ltr'><strong>entibus</strong></span> <span class='ocrx_word' id='word_1_208' title='bbox 331 2179 453 2240; x_wconf 88' lang='lat' dir='ltr'><strong>allorum</strong></span> <span class='ocrx_word' id='word_1_209' title='bbox 477 2181 613 2260; x_wconf 83' lang='lat' dir='ltr'><strong>perfugio</strong></span> <span class='ocrx_word' id='word_1_210' title='bbox 630 2189 660 2241; x_wconf 89' lang='lat' dir='ltr'><strong>et</strong></span> <span class='ocrx_word' id='word_1_211' title='bbox 680 2180 771 2243; x_wconf 85' lang='lat' dir='ltr'><strong>tutela</strong></span> <span class='ocrx_word' id='word_1_212' title='bbox 787 2180 985 2258; x_wconf 81' lang='lat' dir='ltr'><strong>intellegitur:</strong></span> <span class='ocrx_word' id='word_1_213' title='bbox 1008 2181 1054 2241; x_wconf 90' lang='lat' dir='ltr'><strong>sin</strong></span> <span class='ocrx_word' id='word_1_214' title='bbox 1066 2183 1218 2260; x_wconf 90' lang='lat' dir='ltr'><strong>proprium</strong></span> 
     </span>
     <span class='ocr_line' id='line_1_25' title="bbox 198 2262 1216 2343; baseline 0 -19"><span class='ocrx_word' id='word_1_215' title='bbox 198 2262 366 2343; x_wconf 89' lang='lat' dir='ltr'><strong>pericnlum</strong></span> <span class='ocrx_word' id='word_1_216' title='bbox 385 2265 546 2343; x_wconf 88' lang='lat' dir='ltr'><strong>increpuit,</strong></span> <span class='ocrx_word' id='word_1_217' title='bbox 566 2281 622 2324; x_wconf 89' lang='lat' dir='ltr'><strong>non</strong></span> <span class='ocrx_word' id='word_1_218' title='bbox 638 2264 758 2327; x_wconf 86' lang='lat' dir='ltr'><strong>hercule</strong></span> <span class='ocrx_word' id='word_1_219' title='bbox 774 2265 865 2327; x_wconf 90' lang='lat' dir='ltr'><strong>lorica</strong></span> <span class='ocrx_word' id='word_1_220' title='bbox 878 2273 907 2326; x_wconf 87' lang='lat' dir='ltr'><strong>el</strong></span> <span class='ocrx_word' id='word_1_221' title='bbox 921 2262 1033 2342; x_wconf 80' lang='lat' dir='ltr'><strong>gladius</strong></span> <span class='ocrx_word' id='word_1_222' title='bbox 1051 2266 1082 2325; x_wconf 91' lang='lat' dir='ltr'><strong>iu</strong></span> <span class='ocrx_word' id='word_1_223' title='bbox 1094 2267 1158 2326; x_wconf 89' lang='lat' dir='ltr'><strong>acie</strong></span> <span class='ocrx_word' id='word_1_224' title='bbox 1172 2263 1216 2324; x_wconf 86' lang='lat' dir='ltr'><strong>lir-</strong></span> 
     </span>
     <span class='ocr_line' id='line_1_26' title="bbox 198 2341 1211 2428; baseline 0.001 -22"><span class='ocrx_word' id='word_1_225' title='bbox 198 2348 277 2410; x_wconf 88' lang='lat' dir='ltr'><strong>mius</strong></span> <span class='ocrx_word' id='word_1_226' title='bbox 293 2349 500 2409; x_wconf 88' lang='lat' dir='ltr'><strong>munimentum</strong></span> <span class='ocrx_word' id='word_1_227' title='bbox 516 2366 599 2426; x_wconf 86' lang='lat' dir='ltr'><strong>quam</strong></span> <span class='ocrx_word' id='word_1_228' title='bbox 617 2366 671 2408; x_wconf 90' lang='lat' dir='ltr'><strong>reo</strong></span> <span class='ocrx_word' id='word_1_229' title='bbox 688 2357 718 2409; x_wconf 90' lang='lat' dir='ltr'><strong>et</strong></span> <span class='ocrx_word' id='word_1_230' title='bbox 735 2341 910 2428; x_wconf 86' lang='lat' dir='ltr'><strong>periclitanti</strong></span> <span class='ocrx_word' id='word_1_231' title='bbox 927 2346 1117 2428; x_wconf 86' lang='lat' dir='ltr'><strong>eloquentia,</strong></span> <span class='ocrx_word' id='word_1_232' title='bbox 1133 2366 1211 2428; x_wconf 90' lang='lat' dir='ltr'><strong>prae·</strong></span> 
     </span>
     <span class='ocr_line' id='line_1_27' title="bbox 200 2430 1207 2512; baseline -0.005 -20"><span class='ocrx_word' id='word_1_233' title='bbox 200 2430 308 2494; x_wconf 88' lang='lat' dir='ltr'><strong>sidium</strong></span> <span class='ocrx_word' id='word_1_234' title='bbox 323 2433 407 2494; x_wconf 87' lang='lat' dir='ltr'><strong>simul</strong></span> <span class='ocrx_word' id='word_1_235' title='bbox 424 2431 582 2508; x_wconf 85' lang='lat' dir='ltr'><strong>aetolum,</strong></span> <span class='ocrx_word' id='word_1_236' title='bbox 606 2449 663 2511; x_wconf 86' lang='lat' dir='ltr'><strong>qno</strong></span> <span class='ocrx_word' id='word_1_237' title='bbox 679 2449 866 2512; x_wconf 79' lang='lat' dir='ltr'><strong>propugnare</strong></span> <span class='ocrx_word' id='word_1_238' title='bbox 882 2433 992 2511; x_wconf 85' lang='lat' dir='ltr'><strong>parlier</strong></span> <span class='ocrx_word' id='word_1_239' title='bbox 1015 2440 1046 2494; x_wconf 88' lang='lat' dir='ltr'><strong>ct</strong></span> <span class='ocrx_word' id='word_1_240' title='bbox 1067 2433 1207 2494; x_wconf 84' lang='lat' dir='ltr'><strong>incessere</strong></span> 
     </span>
     <span class='ocr_line' id='line_1_28' title="bbox 162 2513 1206 2596; baseline -0.002 -21"><span class='ocrx_word' id='word_1_241' title='bbox 162 2523 187 2564; x_wconf 74' lang='lat'><strong>³⁰</strong></span> <span class='ocrx_word' id='word_1_242' title='bbox 202 2517 266 2575; x_wconf 86' lang='lat' dir='ltr'><strong>slve</strong></span> <span class='ocrx_word' id='word_1_243' title='bbox 282 2516 310 2574; x_wconf 90' lang='lat' dir='ltr'><strong>iu</strong></span> <span class='ocrx_word' id='word_1_244' title='bbox 324 2515 434 2576; x_wconf 87' lang='lat' dir='ltr'><strong>iudicio</strong></span> <span class='ocrx_word' id='word_1_245' title='bbox 452 2517 515 2575; x_wconf 88' lang='lat' dir='ltr'><strong>sive</strong></span> <span class='ocrx_word' id='word_1_246' title='bbox 534 2517 562 2575; x_wconf 91' lang='lat' dir='ltr'><strong>in</strong></span> <span class='ocrx_word' id='word_1_247' title='bbox 577 2517 750 2579; x_wconf 86' lang='lat' dir='ltr'><strong>senatusive</strong></span> <span class='ocrx_word' id='word_1_248' title='bbox 763 2515 838 2595; x_wconf 89' lang='lat' dir='ltr'><strong>apud</strong></span> <span class='ocrx_word' id='word_1_249' title='bbox 850 2517 1008 2596; x_wconf 88' lang='lat' dir='ltr'><strong>prinoipem</strong></span> <span class='ocrx_word' id='word_1_250' title='bbox 1019 2518 1131 2592; x_wconf 88' lang='lat' dir='ltr'><strong>possis.</strong></span> <span class='ocrx_word' id='word_1_251' title='bbox 1148 2513 1206 2594; x_wconf 85' lang='lat' dir='ltr'><strong>quid</strong></span> 
     </span>
     <span class='ocr_line' id='line_1_29' title="bbox 202 2599 1204 2680; baseline -0.002 -22"><span class='ocrx_word' id='word_1_252' title='bbox 202 2599 280 2658; x_wconf 88' lang='lat' dir='ltr'><strong>alind</strong></span> <span class='ocrx_word' id='word_1_253' title='bbox 299 2599 417 2659; x_wconf 82' lang='lat' dir='ltr'><strong>infestis</strong></span> <span class='ocrx_word' id='word_1_254' title='bbox 437 2599 570 2678; x_wconf 88' lang='lat' dir='ltr'><strong>patribus</strong></span> <span class='ocrx_word' id='word_1_255' title='bbox 585 2617 679 2678; x_wconf 87' lang='lat' dir='ltr'><strong>nuper</strong></span> <span class='ocrx_word' id='word_1_256' title='bbox 690 2599 799 2679; x_wconf 82' lang='lat' dir='ltr'><strong>Eprius</strong></span> <span class='ocrx_word' id='word_1_257' title='bbox 814 2600 1064 2678; x_wconf 83' lang='lat' dir='ltr'><strong>Marcellusquam</strong></span> <span class='ocrx_word' id='word_1_258' title='bbox 1076 2601 1204 2680; x_wconf 84' lang='lat' dir='ltr'><strong>eloquen-</strong></span> 
     </span>
     <span class='ocr_line' id='line_1_30' title="bbox 203 2680 1206 2764; baseline 0 -24"><span class='ocrx_word' id='word_1_259' title='bbox 203 2683 270 2745; x_wconf 92' lang='lat' dir='ltr'><strong>tiam</strong></span> <span class='ocrx_word' id='word_1_260' title='bbox 285 2699 366 2742; x_wconf 88' lang='lat' dir='ltr'><strong>snam</strong></span> <span class='ocrx_word' id='word_1_261' title='bbox 383 2680 541 2761; x_wconf 82' lang='lat' dir='ltr'><strong>opposuit?</strong></span> <span class='ocrx_word' id='word_1_262' title='bbox 564 2701 619 2761; x_wconf 86' lang='lat' dir='ltr'><strong>qua</strong></span> <span class='ocrx_word' id='word_1_263' title='bbox 633 2685 780 2746; x_wconf 89' lang='lat' dir='ltr'><strong>accinctus</strong></span> <span class='ocrx_word' id='word_1_264' title='bbox 794 2691 823 2744; x_wconf 90' lang='lat' dir='ltr'><strong>ct</strong></span> <span class='ocrx_word' id='word_1_265' title='bbox 835 2685 930 2746; x_wconf 88' lang='lat' dir='ltr'><strong>minax</strong></span> <span class='ocrx_word' id='word_1_266' title='bbox 942 2684 1206 2764; x_wconf 78' lang='lat' dir='ltr'><strong>disertumquidcm,</strong></span> 
     </span>
     <span class='ocr_line' id='line_1_31' title="bbox 202 2764 1209 2829; baseline 0 -5"><span class='ocrx_word' id='word_1_267' title='bbox 202 2765 253 2826; x_wconf 90' lang='lat' dir='ltr'><strong>sed</strong></span> <span class='ocrx_word' id='word_1_268' title='bbox 281 2766 504 2829; x_wconf 82' lang='lat' dir='ltr'><strong>inexercitatam</strong></span> <span class='ocrx_word' id='word_1_269' title='bbox 531 2775 562 2827; x_wconf 90' lang='lat' dir='ltr'><strong>et</strong></span> <span class='ocrx_word' id='word_1_270' title='bbox 582 2769 646 2829; x_wconf 90' lang='lat' dir='ltr'><strong>eius</strong></span> <span class='ocrx_word' id='word_1_271' title='bbox 668 2769 744 2829; x_wconf 87' lang='lat' dir='ltr'><strong>modi</strong></span> <span class='ocrx_word' id='word_1_272' title='bbox 767 2769 953 2828; x_wconf 87' lang='lat' dir='ltr'><strong>certaminum</strong></span> <span class='ocrx_word' id='word_1_273' title='bbox 974 2767 1079 2828; x_wconf 85' lang='lat' dir='ltr'><strong>rudem</strong></span> <span class='ocrx_word' id='word_1_274' title='bbox 1095 2764 1209 2829; x_wconf 85' lang='lat' dir='ltr'><strong>Helvidii</strong></span> 
     </span>
     <span class='ocr_line' id='line_1_32' title="bbox 204 2849 1210 2930; baseline 0.001 -23"><span class='ocrx_word' id='word_1_275' title='bbox 204 2850 375 2927; x_wconf 85' lang='lat' dir='ltr'><strong>sapientiam</strong></span> <span class='ocrx_word' id='word_1_276' title='bbox 393 2849 490 2910; x_wconf 88' lang='lat' dir='ltr'><strong>elusit.</strong></span> <span class='ocrx_word' id='word_1_277' title='bbox 514 2850 595 2927; x_wconf 88' lang='lat' dir='ltr'><strong>plura</strong></span> <span class='ocrx_word' id='word_1_278' title='bbox 608 2849 644 2911; x_wconf 89' lang='lat' dir='ltr'><strong>de</strong></span> <span class='ocrx_word' id='word_1_279' title='bbox 653 2850 777 2913; x_wconf 85' lang='lat' dir='ltr'><strong>utilitate</strong></span> <span class='ocrx_word' id='word_1_280' title='bbox 789 2869 848 2912; x_wconf 88' lang='lat' dir='ltr'><strong>non</strong></span> <span class='ocrx_word' id='word_1_281' title='bbox 860 2852 937 2929; x_wconf 91' lang='lat' dir='ltr'><strong>dico,</strong></span> <span class='ocrx_word' id='word_1_282' title='bbox 955 2852 1001 2912; x_wconf 91' lang='lat' dir='ltr'><strong>cui</strong></span> <span class='ocrx_word' id='word_1_283' title='bbox 1012 2853 1090 2930; x_wconf 91' lang='lat' dir='ltr'><strong>parti</strong></span> <span class='ocrx_word' id='word_1_284' title='bbox 1101 2852 1210 2911; x_wconf 88' lang='lat' dir='ltr'><strong>minime</strong></span> 
     </span>
     <span class='ocr_line' id='line_1_33' title="bbox 165 2933 906 2996; baseline 0.008 -8"><span class='ocrx_word' id='word_1_285' title='bbox 165 2945 191 2988; x_wconf 79' lang='lat' dir='ltr'><strong>tc</strong></span> <span class='ocrx_word' id='word_1_286' title='bbox 203 2941 308 2995; x_wconf 88' lang='lat' dir='ltr'><strong>contra</strong></span> <span class='ocrx_word' id='word_1_287' title='bbox 329 2933 475 2995; x_wconf 87' lang='lat' dir='ltr'><strong>dicturum</strong></span> <span class='ocrx_word' id='word_1_288' title='bbox 490 2933 651 2995; x_wconf 88' lang='lat' dir='ltr'><strong>Maternum</strong></span> <span class='ocrx_word' id='word_1_289' title='bbox 666 2953 758 2996; x_wconf 89' lang='lat' dir='ltr'><strong>mcum</strong></span> <span class='ocrx_word' id='word_1_290' title='bbox 770 2935 906 2996; x_wconf 88' lang='lat' dir='ltr'><strong>arbitror.</strong></span> 
     </span>
    </p>

    <p class='ocr_par' dir='ltr' id='par_1_3' title="bbox 210 3019 1208 3351">
     <span class='ocr_line' id='line_1_34' title="bbox 272 3019 1208 3102; baseline -0.001 -21"><span class='ocrx_word' id='word_1_291' title='bbox 272 3020 301 3081; x_wconf 86' lang='grc'><strong>6.</strong></span> <span class='ocrx_word' id='word_1_292' title='bbox 330 3019 375 3080; x_wconf 76' lang='lat' dir='ltr'><strong>Ad</strong></span> <span class='ocrx_word' id='word_1_293' title='bbox 398 3019 575 3098; x_wconf 85' lang='lat' dir='ltr'><strong>voluptatem</strong></span> <span class='ocrx_word' id='word_1_294' title='bbox 598 3023 743 3080; x_wconf 89' lang='lat' dir='ltr'><strong>oratoriae</strong></span> <span class='ocrx_word' id='word_1_295' title='bbox 764 3022 950 3102; x_wconf 79' lang='lat' dir='ltr'><strong>eloquentiae</strong></span> <span class='ocrx_word' id='word_1_296' title='bbox 969 3030 1105 3099; x_wconf 82' lang='lat' dir='ltr'><strong>transeo,</strong></span> <span class='ocrx_word' id='word_1_297' title='bbox 1133 3019 1208 3082; x_wconf 86' lang='lat' dir='ltr'><strong>onius</strong></span> 
     </span>
     <span class='ocr_line' id='line_1_35' title="bbox 210 3102 1207 3185; baseline 0 -21"><span class='ocrx_word' id='word_1_298' title='bbox 210 3102 369 3164; x_wconf 77' lang='lat' dir='ltr'><strong>iucunditas</strong></span> <span class='ocrx_word' id='word_1_299' title='bbox 384 3120 442 3165; x_wconf 90' lang='lat' dir='ltr'><strong>nou</strong></span> <span class='ocrx_word' id='word_1_300' title='bbox 462 3121 518 3163; x_wconf 91' lang='lat' dir='ltr'><strong>uno</strong></span> <span class='ocrx_word' id='word_1_301' title='bbox 538 3103 635 3182; x_wconf 87' lang='lat' dir='ltr'><strong>aliquo</strong></span> <span class='ocrx_word' id='word_1_302' title='bbox 655 3113 801 3167; x_wconf 89' lang='lat' dir='ltr'><strong>momento</strong></span> <span class='ocrx_word' id='word_1_303' title='bbox 817 3103 869 3166; x_wconf 85' lang='lat' dir='ltr'><strong>sed</strong></span> <span class='ocrx_word' id='word_1_304' title='bbox 892 3104 1024 3166; x_wconf 88' lang='lat' dir='ltr'><strong>omnibus</strong></span> <span class='ocrx_word' id='word_1_305' title='bbox 1042 3123 1137 3185; x_wconf 90' lang='lat' dir='ltr'><strong>prope</strong></span> <span class='ocrx_word' id='word_1_306' title='bbox 1153 3104 1207 3165; x_wconf 78' lang='lat' dir='ltr'><strong>die</strong></span> 
     </span>
     <span class='ocr_line' id='line_1_36' title="bbox 210 3186 1206 3268; baseline 0.002 -22"><span class='ocrx_word' id='word_1_307' title='bbox 210 3186 263 3247; x_wconf 83' lang='lat' dir='ltr'><strong>ltus</strong></span> <span class='ocrx_word' id='word_1_308' title='bbox 280 3203 314 3246; x_wconf 91' lang='lat' dir='ltr'><strong>ac</strong></span> <span class='ocrx_word' id='word_1_309' title='bbox 333 3203 426 3268; x_wconf 88' lang='lat' dir='ltr'><strong>prope</strong></span> <span class='ocrx_word' id='word_1_310' title='bbox 443 3186 574 3247; x_wconf 88' lang='lat' dir='ltr'><strong>omnibus</strong></span> <span class='ocrx_word' id='word_1_311' title='bbox 591 3186 671 3247; x_wconf 90' lang='lat' dir='ltr'><strong>horis</strong></span> <span class='ocrx_word' id='word_1_312' title='bbox 689 3189 840 3266; x_wconf 70' lang='lat' dir='ltr'><strong>contingit.</strong></span> <span class='ocrx_word' id='word_1_313' title='bbox 872 3187 941 3268; x_wconf 86' lang='lat' dir='ltr'><strong>quid</strong></span> <span class='ocrx_word' id='word_1_314' title='bbox 962 3189 1035 3249; x_wconf 87' lang='lat' dir='ltr'><strong>enim</strong></span> <span class='ocrx_word' id='word_1_315' title='bbox 1052 3188 1163 3248; x_wconf 90' lang='lat' dir='ltr'><strong>dulcius</strong></span> <span class='ocrx_word' id='word_1_316' title='bbox 1178 3189 1206 3248; x_wconf 92' lang='lat' dir='ltr'><strong>li·</strong></span> 
     </span>
     <span class='ocr_line' id='line_1_37' title="bbox 210 3270 1204 3351; baseline 0.002 -22"><span class='ocrx_word' id='word_1_317' title='bbox 210 3270 283 3331; x_wconf 88' lang='lat' dir='ltr'><strong>hero</strong></span> <span class='ocrx_word' id='word_1_318' title='bbox 305 3279 334 3330; x_wconf 88' lang='lat' dir='ltr'><strong>ct</strong></span> <span class='ocrx_word' id='word_1_319' title='bbox 349 3271 475 3348; x_wconf 78' lang='lat' dir='ltr'><strong>ingenuo</strong></span> <span class='ocrx_word' id='word_1_320' title='bbox 491 3271 584 3330; x_wconf 86' lang='lat' dir='ltr'><strong>animo</strong></span> <span class='ocrx_word' id='word_1_321' title='bbox 600 3279 628 3330; x_wconf 88' lang='lat' dir='ltr'><strong>et</strong></span> <span class='ocrx_word' id='word_1_322' title='bbox 651 3271 687 3332; x_wconf 90' lang='lat' dir='ltr'><strong>ad</strong></span> <span class='ocrx_word' id='word_1_323' title='bbox 703 3271 869 3351; x_wconf 82' lang='lat' dir='ltr'><strong>voluptates</strong></span> <span class='ocrx_word' id='word_1_324' title='bbox 885 3271 1022 3334; x_wconf 85' lang='lat' dir='ltr'><strong>honestas</strong></span> <span class='ocrx_word' id='word_1_325' title='bbox 1042 3281 1109 3333; x_wconf 88' lang='lat' dir='ltr'><strong>nato</strong></span> <span class='ocrx_word' id='word_1_326' title='bbox 1127 3289 1204 3350; x_wconf 84' lang='lat' dir='ltr'><strong>quam</strong></span> 
     </span>
    </p>

    <p class='ocr_par' dir='ltr' id='par_1_4' title="bbox 191 3352 1205 3520">
     <span class='ocr_line' id='line_1_38' title="bbox 191 3352 1205 3434; baseline 0 -22"><span class='ocrx_word' id='word_1_327' title='bbox 191 3352 313 3412; x_wconf 75' lang='lat' dir='ltr'><strong>evidere</strong></span> <span class='ocrx_word' id='word_1_328' title='bbox 329 3353 444 3430; x_wconf 90' lang='lat' dir='ltr'><strong>plenam</strong></span> <span class='ocrx_word' id='word_1_329' title='bbox 465 3371 583 3432; x_wconf 90' lang='lat' dir='ltr'><strong>semper</strong></span> <span class='ocrx_word' id='word_1_330' title='bbox 598 3363 627 3414; x_wconf 88' lang='lat' dir='ltr'><strong>et</strong></span> <span class='ocrx_word' id='word_1_331' title='bbox 643 3355 824 3434; x_wconf 81' lang='lat' dir='ltr'><strong>frequentem</strong></span> <span class='ocrx_word' id='word_1_332' title='bbox 842 3355 954 3418; x_wconf 87' lang='lat' dir='ltr'><strong>domum</strong></span> <span class='ocrx_word' id='word_1_333' title='bbox 971 3373 1047 3418; x_wconf 78' lang='lat' dir='ltr'><strong>suain</strong></span> <span class='ocrx_word' id='word_1_334' title='bbox 1066 3372 1205 3416; x_wconf 89' lang='lat' dir='ltr'><strong>concursu</strong></span> 
     </span>
     <span class='ocr_line' id='line_1_39' title="bbox 212 3433 1204 3520; baseline 0.004 -28"><span class='ocrx_word' id='word_1_335' title='bbox 212 3433 509 3511; x_wconf 84' lang='lat' dir='ltr'><strong>splendidissimorum</strong></span> <span class='ocrx_word' id='word_1_336' title='bbox 524 3435 688 3498; x_wconf 76' lang='lat' dir='ltr'><strong>hominum?</strong></span> <span class='ocrx_word' id='word_1_337' title='bbox 710 3438 796 3520; x_wconf 88' lang='lat' dir='ltr'><strong>idque</strong></span> <span class='ocrx_word' id='word_1_338' title='bbox 811 3441 888 3500; x_wconf 89' lang='lat' dir='ltr'><strong>scire</strong></span> <span class='ocrx_word' id='word_1_339' title='bbox 903 3458 961 3500; x_wconf 91' lang='lat' dir='ltr'><strong>non</strong></span> <span class='ocrx_word' id='word_1_340' title='bbox 978 3441 1135 3519; x_wconf 84' lang='lat' dir='ltr'><strong>pecuniae,</strong></span> <span class='ocrx_word' id='word_1_341' title='bbox 1152 3455 1204 3497; x_wconf 87' lang='lat' dir='ltr'><strong>roo</strong></span> 
     </span>
    </p>
   </div>
   <div class='ocr_carea' id='block_1_3' title="bbox 0 0 1260 3864">
    <p class='ocr_par' dir='ltr' id='par_1_5' title="bbox 0 0 1260 3864">
     <span class='ocr_line' id='line_1_40' title="bbox 0 0 1260 3864; baseline 0 0"><span class='ocrx_word' id='word_1_342' title='bbox 0 0 1260 3864; x_wconf 95' lang='lat' dir='ltr'><strong> </strong></span> 
     </span>
    </p>
   </div>
  </div>
 </body>
</html>
