2596 3872
412 178 519 225 urens
536 175 605 225 xrv.
630 177 704 226 one.
720 175 823 230 6-10.
847 221 867 246 „
1055 169 1118 229 257

121 348 181 409 pus
206 328 337 406 sinebat,
363 330 470 391 radere
493 330 521 390 iu
547 351 640 402 mare;
667 332 778 412 quidam
806 349 903 394 manus
929 333 1120 412 protendere;

120 413 294 493 questibus,
322 415 415 490 votis,
444 413 570 476 clamore
590 415 705 488 diuersa
729 417 910 492 rogitantium
937 424 984 476 aut
1010 416 1141 478 incertas

119 496 361 576 respondentium
384 499 475 557 omnis
502 516 553 560 ora
573 498 728 577 compleri:
758 500 884 560 adlluere
906 501 1009 576 ingens
1029 499 1120 560 multi·

120 580 194 641 tudo
212 599 275 642 eum
289 580 454 658 luminibus,
476 590 561 660 atque
581 582 627 642 ubi
643 581 813 642 iucolumem
829 601 895 643 esse
911 585 1070 662 pernotuit,
1091 593 1120 643 ut

121 663 161 740 ad
179 665 349 742 gratandum
371 683 437 748 sese
459 665 616 744 expedire,
641 666 735 727 donec
750 675 870 745 aspectu
887 666 985 727 armati
1000 675 1028 726 et
1042 667 1119 726 mini·

120 750 212 808 tantis
228 749 351 825 agminis
366 748 478 808 disiecti
494 757 566 810 sunt.
596 749 735 810 Anicetus
751 750 848 810 rillarn
863 750 985 812 statione
1001 751 1119 811 circum·

121 833 173 892 dat
188 831 372 911 refractaque
392 833 475 892 ianua
496 832 600 895 obvios
617 851 766 893 servorum
784 833 900 912 abripit,
918 833 1011 894 donec
1026 833 1062 894 ad
1076 833 1155 910 loeas

122 933 174 976 res
191 913 316 975 cubiculi
335 917 463 983 veniret;
489 919 533 977 cui
550 918 635 997 pauci
651 915 812 994 adstabant,
827 917 935 987 ceteris
950 926 1063 977 terrore
1080 918 1119 978 iu-

121 1001 314 1076 rumpentium
340 1000 493 1058 exterritis.
530 1000 662 1061 cubiculo
684 999 825 1060 modicum
850 1000 944 1060 lmnen
970 1001 1063 1060 inerat
1092 1008 1121 1059 et

121 1080 293 1142 ancillarum
308 1100 373 1159 una,
389 1085 481 1160 magis
497 1101 531 1144 so
546 1085 637 1161 magis
652 1084 736 1144 anxia
751 1083 929 1163 Agrippina,
947 1083 1023 1162 quod
1036 1099 1119 1144 nemo

121 1185 140 1226 a
158 1164 218 1225 blio
235 1183 270 1226 ao
285 1184 321 1224 ne
337 1165 481 1244 Agerinus
494 1168 624 1246 quidem:
649 1167 733 1228 aliam
746 1167 810 1227 lore
826 1167 921 1228 laetae
941 1167 983 1226 rei
1000 1166 1118 1234 faciem:

123 1267 202 1309 nuno
217 1248 397 1310 solitudinem
418 1269 454 1310 ao
475 1252 644 1330 repentinos
662 1252 799 1329 strepitus
817 1259 846 1310 et
860 1249 981 1310 extremi
997 1250 1063 1311 mali
1080 1251 1119 1309 in·
1131 1270 1154 1312 u

125 1333 211 1392 dicia.
243 1331 367 1392 abeunte
388 1333 492 1393 deliine
512 1333 616 1402 ancilla
638 1337 685 1394 ‘tu
707 1351 821 1412 quoque
838 1351 883 1392 me
901 1332 1031 1393 deseris’
1054 1349 1119 1412 pro-

124 1416 222 1475 locuta
233 1417 353 1494 respicit
365 1417 525 1494 Anicetum,
539 1417 700 1478 trierarcho
712 1416 867 1476 Herculeio
880 1426 909 1475 et
920 1415 1038 1477 Obarito
1052 1433 1119 1474 cen·

126 1501 239 1558 turione
255 1498 404 1564 classiario
421 1503 595 1560 comitatum:
608 1517 653 1578 ac,
670 1501 695 1559 si
710 1498 746 1559 ad
762 1498 909 1559 visendum
923 1499 1061 1575 venisset,
1073 1515 1118 1558 re-

125 1582 214 1642 iotam
237 1583 393 1652 nuntiaret,
417 1583 460 1642 sin
475 1583 585 1644 lacinus
599 1591 777 1662 patraturus,
795 1581 865 1641 nibil
880 1599 914 1641 se
928 1578 966 1642 de
982 1581 1041 1642 lilio
1057 1599 1119 1640 cre·

123 1665 210 1734 dere;
226 1681 284 1724 non
298 1666 466 1744 imperatum
480 1665 672 1744 parricidium.
703 1666 913 1728 circumsistunt
926 1665 1032 1725 lectum
1053 1682 1119 1743 pcr-
1129 1684 1154 1724 nc

125 1765 262 1808 cessores
284 1758 313 1808 et
330 1751 410 1827 prior
423 1749 598 1810 trierarchus
612 1749 681 1810 lusti
696 1759 781 1829 caput
798 1750 860 1809 eius
876 1748 994 1809 addixit.
1022 1751 1077 1808 iarn
1092 1749 1120 1806 in

123 1841 245 1892 mortem
277 1832 435 1892 centurioni
461 1832 568 1893 ferrum
594 1832 782 1910 destringenti
808 1831 985 1912 protendens
1011 1841 1120 1892 uterum

125 1919 273 1974 ‘ventrem
289 1915 362 1974 leri'
378 1916 550 1976 exclamarit
566 1917 718 1996 multisque
733 1915 898 1976 vulneribus
916 1915 1049 1977 coniecta
1065 1922 1119 1974 est.

80 1995 87 2002 ⁴
188 1999 217 2058 9.
248 1997 327 2058 llaec
350 2015 494 2058 consensu
514 2000 681 2078 produntur.
712 2000 898 2078 aspexeritne
923 2008 1041 2059 matrem
1070 2015 1119 2057 ex·

125 2085 245 2143 animem
266 2081 344 2141 Nero
366 2090 394 2142 et
414 2082 534 2143 lormam
553 2084 685 2162 corporis
707 2085 769 2142 eins
791 2082 965 2159 laudaverit,
987 2090 1052 2143 sunt
1071 2081 1120 2158 qui

125 2165 301 2241 tradiderint,
319 2174 383 2226 suut
398 2167 445 2243 qui
461 2164 595 2226 abnuant.
625 2173 751 2226 cremata
767 2174 812 2225 est
832 2175 919 2225 nocte
935 2165 1036 2224 eadem
1052 2180 1119 2225 con·

127 2249 212 2309 vivali
228 2247 305 2308 lecto
321 2257 350 2308 et
366 2249 514 2327 exsequiis
528 2249 647 2320 vilibus;
665 2266 769 2327 neque,
785 2248 848 2308 dum
862 2247 941 2308 Nero
956 2265 1052 2308 rerum
1068 2263 1118 2327 po-

126 2332 257 2408 tiebatur,
273 2341 412 2408 congesta
426 2341 474 2392 aut
486 2330 584 2394 clausa
600 2331 709 2392 burnus.
737 2349 805 2392 mox
816 2330 1039 2391 domesticorum
1051 2347 1143 2393 curae

127 2417 221 2477 levem
238 2414 373 2475 tumulum
394 2417 525 2494 accepit,
546 2417 621 2476 viam
635 2416 737 2476 bliseni
752 2423 873 2494 propter
891 2423 921 2474 et
936 2413 1032 2474 villam
1047 2411 1118 2474 (lae-

127 2500 198 2560 suris
220 2497 383 2574 dictatoris,
404 2516 478 2576 quae
499 2498 647 2559 subiectos
668 2499 747 2559 sinus
768 2497 923 2558 editissima
940 2504 1117 2577 prospectat.

128 2599 253 2643 accenso
267 2597 342 2659 rogo
358 2580 478 2642 libertus
493 2583 555 2643 eius
571 2590 764 2662 cognomento
778 2582 907 2643 blnester
919 2582 984 2659 ipse
995 2581 1119 2640 seierro

126 2667 273 2743 transegit,
289 2666 427 2725 incertum
444 2666 562 2727 caritate
575 2667 603 2726 in
620 2675 771 2744 patronam
783 2684 819 2726 an
832 2672 909 2726 metu
921 2665 1010 2724 exitii.
1044 2663 1118 2722 bunc

127 2750 167 2809 sui
183 2749 268 2810 linem
281 2748 386 2808 multos
401 2757 466 2808 ante
480 2767 569 2810 annos
585 2747 746 2810 crediderat
755 2748 918 2828 Agrippina
935 2756 1114 2824 contempse·
1128 2765 1152 2807 u

125 2842 235 2910 ratque.
259 2849 323 2892 nam
340 2831 502 2893 consulenti
519 2851 608 2912 super
621 2832 738 2892 Nerone
753 2831 971 2911 responderunt
979 2829 1117 2892 Chaldaei

125 2917 189 2975 lore
205 2924 234 2975 ut
248 2917 405 2994 imperaret
425 2923 601 2994 matremque
616 2914 779 2984 occideret;
802 2925 888 2994 atque
907 2914 955 2976 illa
977 2913 1116 2984 ‘occidat’

11 3063 15 3071 ,
127 2998 223 3077 inquit,
241 2998 317 3058 ‘dum
331 2999 474 3078 imperet!

185 3083 232 3142 10.
254 3081 313 3142 Sed
338 3101 356 3142 a
377 3081 504 3142 (lassare
528 3083 660 3162 perlecto
682 3082 793 3144 demum
814 3082 928 3142 scelere
952 3080 1116 3159 magnitudo

81 3171 84 3177 “
128 3166 347 3226 erusintellecta
363 3174 417 3226 est.
447 3165 558 3246 reliquo
571 3167 666 3226 noetis
676 3164 761 3226 modo
773 3184 827 3245 per
838 3165 980 3225 silentium
992 3164 1115 3238 delirus,

127 3251 241 3325 saepius
264 3267 375 3328 pavore
391 3267 552 3327 exsurgens
577 3258 606 3308 et
622 3248 730 3310 'mentis
749 3252 836 3328 inops
861 3249 955 3309 breem
982 3247 1115 3326 opperie-

128 3331 207 3391 batur
224 3337 365 3411 tamquam
381 3333 497 3394 exitium
514 3332 679 3394 adlaturam.
710 3343 796 3412 atque
813 3349 877 3391 eum
891 3340 1009 3392 auctore
1023 3329 1115 3388 Burro

128 3416 216 3492 prima
231 3417 425 3476 centurionum
443 3417 676 3494 tribunorumque
691 3416 816 3475 adulatio
830 3413 866 3473 ad
881 3433 964 3493 spem
981 3412 1138 3486 firmarit„

167 3517 254 3556 sacrm
275 3519 345 3560 anas
366 3520 386 3561 t.
918 3498 955 3554 17
