2440 3886
162 139 201 200 14
414 149 580 197 oonnnmr
594 148 711 197 raorur
722 148 905 198 urrunnun

160 305 247 366 tionis
264 304 448 383 invidiaeque
468 306 609 381 concivit,
632 314 660 364 ut
682 322 751 384 pars
769 303 887 366 militum
910 303 1105 382 gladiatores
1133 309 1193 387 qui

136 414 148 455 s
163 408 180 450 e
196 390 316 449 servitio
331 388 428 449 Blaesi
444 398 543 466 erant,
558 406 626 468 pars
645 398 772 448 ceteram
793 388 922 448 eiusdem
942 387 1091 449 familiam
1118 396 1194 452 vin·

163 475 266 549 cirent,
283 473 332 534 alii
350 473 386 534 ad
405 474 600 552 quaerendum
618 475 724 550 corpus
741 471 965 533 effunderentur.
998 490 1034 532 ae
1052 475 1089 534 ni
1109 495 1190 555 pro-

163 576 235 636 pere
251 575 347 636 neque
362 575 470 636 corpus
486 558 573 618 ullum
588 558 723 637 reperiri,
740 566 770 617 et
784 573 888 617 servos
904 555 1041 644 adhibitis
1057 563 1192 630 erucia-

162 640 239 701 tibus
251 641 379 702 abnuere
399 641 529 718 caedem,
545 659 641 720 neque
656 640 698 700 illi
713 640 805 701 fuisse
820 655 952 718 umquam
963 641 1096 703 fratrem
1113 663 1189 724 per·

163 727 317 801 notuisset,
334 725 410 785 haud
425 725 543 785 multum
557 724 593 785 ab
609 725 803 803 exitiolegati
814 723 943 786 aberant.
974 724 1124 788 tribunos
1144 740 1189 790 ta·

130 829 153 872 ro
162 826 227 870 men
242 827 277 870 ac
292 809 472 888 praelectum
490 818 649 870 castrorum
666 817 829 885 extrusere,
848 810 978 874 sarcinae
994 809 1191 888 fugientium

163 894 306 972 direptae,
320 903 349 953 et
365 893 495 954 centurio
508 892 633 954 Lucilius
653 893 840 968 interficitur,
864 893 910 952 cui
931 892 1119 958 militaribus
1143 900 1189 976 fa·

164 979 246 1038 celiis
261 975 436 1037 vocabulum
457 977 550 1037 ‘cedo
566 978 704 1038 alteram’
721 976 897 1052 indiderant,
917 977 983 1055 quia
1000 977 1111 1041 fracta
1124 985 1190 1043 vite

163 1063 192 1121 in
206 1071 289 1139 tergo
305 1061 402 1120 militis
417 1060 537 1123 alteram
553 1061 631 1122 clara
646 1077 773 1123 vooa'ac
785 1077 884 1120 rursus
905 1061 990 1121 aliam
1012 1066 1186 1142 poscebat.

165 1154 281 1206 ceteros
297 1144 429 1207 latebrae
444 1153 558 1220 texere,
574 1162 630 1205 nno
643 1153 757 1206 retento
772 1141 923 1206 Clemente
934 1143 1022 1223 lulio,
1041 1150 1097 1227 qui
1114 1170 1188 1230 per-

132 1253 154 1294 u
166 1229 294 1290 ferendis
317 1229 438 1290 militum
457 1229 597 1290 mandatis
617 1228 777 1290 habebatur
795 1229 917 1290 idoneus
937 1229 975 1289 ob
1004 1245 1186 1314 promptum

164 1313 317 1392 ingenium.
349 1313 417 1391 quin
431 1312 605 1392 ipsaeinter
621 1331 654 1372 se
669 1313 802 1391 legiones
819 1321 923 1375 octava
944 1322 974 1374 at
998 1317 1109 1396 quinta
1133 1321 1186 1381 de·

166 1395 369 1458 cumaferrum
385 1396 542 1476 parabant,
563 1397 629 1458 dum
644 1398 840 1458 centurionem
860 1410 1066 1476 cognomento
1089 1403 1187 1483 Sir-pi·

166 1500 230 1542 cum
246 1481 296 1541 illa
310 1483 394 1542 morti
409 1481 554 1560 deposcit,
572 1481 818 1560 quintadecumani
830 1491 955 1561 tuentur,
971 1484 1004 1544 ni
1020 1487 1114 1548 miles
1131 1507 1184 1549 no·

165 1569 254 1626 nands
270 1582 376 1643 preces
391 1574 421 1625 et
436 1565 589 1626 adversum
605 1566 786 1645 aspernantis
800 1567 891 1626 minas
906 1567 1129 1633 interfecisset.

225 1649 274 1708 24.
297 1649 378 1709 llaec
392 1649 489 1710 audita
506 1667 676 1728 quamquam
688 1648 850 1710 abstrusum
862 1659 891 1710 et
903 1651 1076 1715 tristissima
1091 1674 1183 1736 quae·

165 1751 222 1812 que
248 1733 370 1791 maxime
402 1733 596 1794 occultantem
625 1733 770 1795 'liberium
797 1735 958 1816 perpulere
989 1747 1024 1797 ut
1052 1739 1185 1800 Drusum

165 1815 331 1876 liliumcum
347 1815 520 1894 primoribus
539 1818 662 1877 civitatis
677 1817 844 1896 duabusque
863 1821 1024 1897 praetoriis
1050 1825 1182 1884 cohorti·

165 1901 219 1961 bus
236 1901 371 1976 mitteret,
388 1899 474 1960 nullis
487 1902 558 1960 satis
573 1903 660 1961 certis
676 1901 831 1978 mandatis,
852 1920 889 1962 ex
910 1921 943 1963 re
962 1908 1181 1969 consulturum.

142 1993 198 2046 set
222 1983 359 2044 cobortes
380 1983 499 2044 delecto
522 1985 611 2044 milite
636 2003 723 2064 supra
743 1986 859 2047 solitum
883 1987 1028 2051 firmatae.
1065 1991 1182 2052 additur

165 2085 267 2145 magna
283 2085 350 2147 pars
368 2068 544 2148 praetoriani
567 2071 671 2148 equitis
693 2078 723 2129 et
745 2069 853 2132 robora
868 2069 1102 2152 Germanorum,
1131 2077 1179 2154 qui

166 2163 224 2212 tum
240 2151 377 2212 custodes
393 2153 562 2231 imperatori
580 2153 713 2228 aderant;
741 2155 824 2214 sirnul
840 2158 984 2234 praetorii
1005 2159 1179 2238 praefectus

126 2227 133 2241 ’
165 2236 267 2297 Aelius
283 2236 416 2314 Seianus,
433 2236 550 2316 collega
562 2237 698 2298 Straboni
710 2239 784 2318 patri
797 2255 850 2299 suo
862 2239 960 2318 datus,
979 2259 1088 2322 magna
1100 2243 1177 2322 apud

165 2319 314 2381 'liberium-
335 2321 522 2398 auctoritate,
551 2331 651 2383 rector
678 2323 825 2404 inueniet
846 2325 956 2385 ceteris
977 2327 1177 2405 periculorum

133 2425 155 2467 ro
166 2406 417 2485 praemiorumque
438 2414 609 2466 ostentator.
646 2406 742 2466 Druso
777 2408 986 2487 propinquanti
1016 2411 1099 2491 quasi
1122 2426 1176 2487 per

165 2488 293 2548 officium
308 2487 413 2549 obviae
428 2489 512 2550 fuere
528 2490 674 2567 legiones,
690 2508 747 2551 non
762 2491 867 2571 laetae,
883 2500 915 2551 ut
931 2494 1063 2572 adsolet,
1078 2511 1174 2571 neque

164 2572 324 2648 insignibus
340 2572 498 2650 fulgentes,
517 2575 569 2635 sed
584 2574 691 2652 inluvie
708 2574 830 2635 deformi
846 2585 876 2636 et
890 2577 984 2654 vultu,
1002 2595 1173 2658 quamquam

164 2657 335 2718 maestitiam
357 2659 544 2735 imitarentur,
561 2659 758 2720 contumaciae
774 2660 943 2739 propiores.
1094 2675 1097 2680 '

228 2739 278 2800 25.
299 2741 455 2821 Postquam
470 2741 576 2802 vallum
591 2744 713 2820 introiit,
728 2752 830 2823 portas
852 2745 1028 2806 stationibus
1052 2748 1174 2817 firmant,

165 2821 272 2902 globos
296 2833 468 2886 armatorum
493 2827 582 2887 certis
603 2836 763 2889 castrorum
788 2827 862 2890 locis
891 2831 1026 2909 opperiri
1057 2829 1171 2890 iubent:

166 2909 257 2967 ceteri
272 2908 396 2970 tribunal
411 2910 520 2988 ingenti
538 2913 652 2989 agmine
674 2913 909 2974 circumveniunt.
941 2914 1038 2975 stabat
1061 2914 1173 2975 Drusus

166 2991 309 3052 silentium
323 3011 406 3055 manu
422 3010 560 3073 poscens.
591 2996 633 3056 illi
649 2998 784 3076 quotiens
797 2999 900 3058 oculos
915 2996 952 3058 ad
964 2996 1171 3058 multitudinem

143 3075 355 3154 rrettulerant,
379 3078 502 3138 vocibus
524 3080 693 3142 truculentis
711 3090 863 3161 strepere,
887 3098 1003 3141 rursum
1017 3080 1081 3140 viso
1098 3077 1169 3139 Gae-

165 3177 232 3221 sare
250 3161 412 3239 trepidare;
437 3179 562 3223 murmur
577 3165 733 3242 incertum,
755 3175 840 3226 atrox
862 3165 974 3226 clamor
998 3173 1028 3223 et
1047 3169 1170 3240 repente

165 3245 263 3322 quies;
288 3245 413 3306 diversis
435 3248 593 3308 ammarum
624 3249 750 3310 motibus
777 3248 924 3329 parebant
951 3248 1165 3320 terrebantque.

164 3328 280 3389 tandem
295 3330 457 3410 interrupto
471 3331 592 3392 tumultu
607 3333 707 3396 literas
724 3336 814 3413 patris
830 3333 955 3410 recitat,
977 3333 1005 3391 in'
1023 3329 1085 3408 quis
1099 3341 1164 3402 per·

164 3413 302 3492 scriptum
321 3423 400 3492 erat,
422 3417 609 3496 praeeipuam
631 3419 687 3498 ipsi
711 3418 931 3480 fortissimarum
953 3415 1097 3493 legionum
1117 3421 1165 3464 cu·
