2536 3870
406 119 511 214 nmen
524 167 571 214 nv.
586 165 661 214 ens.
676 162 797 221 'ta-to·
967 210 973 214 .
1043 155 1103 217 tra

90 326 247 403 utriusque
262 323 396 391 fortunae
411 320 582 382 documenta
602 339 639 396 ne
657 321 864 382 contumaciam
887 337 950 381 cum
971 322 1101 402 pernicie
1144 341 1146 346 ·

91 427 185 491 quarn
208 405 378 485 obsequium
399 423 463 465 cunr
484 405 642 465 securitate
663 405 790 466 malitis!
820 403 870 464 tali
888 405 1019 466 oratione
1035 423 1102 483 gra·

91 495 182 553 viora
197 498 359 551 metuentes
373 489 530 568 ‚conposuit
547 489 708 568 erexitque.
738 533 744 537 „
1109 503 1136 545 tt

161 575 212 636 75.
234 571 419 634 Tenebantur
435 575 549 632 uictore
573 574 705 633 exercitu
720 571 858 650 Treveri,
875 589 938 633 cum
955 569 1056 632 Civilis
1072 581 1182 632 etms

94 657 249 720 Classicus
265 658 371 717 misere
387 655 423 716 ad
440 654 586 717 Genialem
599 656 749 735 epistulas,
766 675 884 736 quarum
897 657 971 718 baec
986 665 1101 716 senten·

91 743 136 802 tia
152 742 223 802 init:
255 741 483 820 Vespasianum,
505 757 674 820 quamquam
689 741 804 801 nuntios
822 740 1020 818 occultarent,
1051 758 1101 800 ex·

93 827 225 886 cessisse
239 826 314 899 vita,
333 822 433 884 urbem
452 832 539 902 atque
549 823 659 885 ltaliam
675 826 789 884 interno
799 823 878 886 bello
891 832 1099 904 consumptam,

90 908 221 971 Muciani
237 925 272 969 ac
285 907 440 968 Domitiani
455 925 528 967 vana
547 917 576 967 et
592 908 655 968 sine
669 908 779 978 viribus
790 910 919 970 nomina:
934 913 958 968 si
977 907 1122 969 Cerialist

91 993 247 1072 imperium
261 990 416 1054 Galliarum
429 990 512 1069 uelit,
527 993 610 1072 ipsos
623 992 726 1052 linibus
740 992 1018 1053 civitatiamsuarum
1033 1009 1100 1054 eon·

92 1084 207 1144 teutona
223 1077 248 1134 si
259 1075 402 1154 proelium
418 1074 514 1153 malit,
530 1094 568 1135 ne
585 1075 614 1134 id
630 1077 744 1156 quidem
765 1075 903 1136 abnuere.
933 1076 969 1137 ad
989 1093 1024 1136 ea
1044 1074 1100 1136 Ce-

93 1159 176 1220 rialis
188 1157 274 1219 (livill
289 1168 318 1219 et
333 1157 467 1220 classico
483 1159 571 1220 nibil:
589 1177 652 1220 eum
662 1158 981 1238 quiattuleratetipsas
993 1161 1099 1240 epistu-

92 1243 140 1304 las
154 1242 190 1304 ad
206 1241 397 1303 Domitianum
414 1244 530 1306 misit..-

125 1353 127 1356 ·
157 1327 266 1402 Hostes
282 1325 382 1387 divisis
400 1327 495 1405 copiis
510 1326 656 1387 aduenere
673 1326 809 1405 undique.
842 1327 974 1405 plenique
999 1325 1096 1403 culpa·
1109 1327 1134 1370 ¹⁰

93 1410 164 1470 bant
178 1409 323 1472 Genialem
339 1427 455 1491 passum
471 1411 550 1487 iungi
565 1426 638 1488 quos
651 1410 796 1470 discretos
809 1411 985 1487 intercipere
1001 1408 1097 1468 licuis-

94 1503 150 1556 set.
180 1495 328 1556 Romanus
351 1494 498 1554 exercitus
521 1502 616 1553 castra
635 1493 716 1554 fossa
737 1485 875 1573 valloque
899 1490 1114 1567 circumdedit,-

94 1581 159 1659 quis
175 1588 285 1640 temere
300 1586 384 1639 antea
399 1578 495 1636 intutis
512 1576 695 1637 consederat.

158 1663 208 1727 tt.
230 1661 317 1742 Apud
333 1661 492 1724 Germanos
508 1660 632 1720 diversis
647 1661 798 1722 sententiis
813 1659 986 1726 certabatur,
1019 1656 1096 1718 civi-

94 1747 132 1806 lis
159 1745 354 1824 opperiendas
380 1744 666 1807 Transrhenanorum
689 1753 810 1822 gentes,
841 1761 959 1823 quarum
982 1751 1097 1802 terrore

93 1831 205 1891 fractae
222 1830 325 1909 populi
338 1829 460 1890 Romani
476 1829 554 1888 vires
570 1837 789 1906 optererentur:
811 1827 912 1891 Gallos
933 1825 1000 1906 qnid
1021 1825 1097 1886 aliud

94 1931 179 1994 quarn
193 1912 330 1992 praedam
344 1909 524 1972 victoribus?
553 1921 708 1988 ettamen,
726 1911 804 1991 quod
819 1908 936 1973 roboris
956 1911 1008 1987 sit,
1031 1909 1095 1972 Bel-

94 2013 149 2076 gas
166 2011 265 2058 secum
278 1995 372 2076 palam
389 2004 436 2056 ant
450 2005 520 2057 voto
536 2005 624 2056 stare.
654 1996 745 2056 Tutor
761 1998 944 2056 cunctatione
960 2011 1119 2056 cresceret

94 2099 156 2141 rem
178 2081 335 2142 Romanam
362 2079 545 2156 adfirmabat,
569 2078 738 2145 coeuntibus
759 2077 886 2159 undique
901 2076 1094 2139 exercitibus:

95 2173 291 2226 transvectam
313 2182 330 2225 e
352 2163 499 2225 Britannia
516 2163 680 2241 legionem,
703 2163 813 2224 accitas
831 2181 869 2222 ex
882 2161 1030 2241 Hispania,
1047 2158 1096 2219 ad·

93 2256 213 2310 ventare
234 2267 272 2308 ex
293 2247 390 2318 ltalia:
412 2264 469 2308 nec
484 2246 606 2307 subitum
620 2247 751 2324 militem,
772 2245 823 2306 sed
843 2254 972 2307 veterem
990 2261 1095 2323 exper-

93 2344 209 2413 tumque
225 2332 305 2393 belli.
334 2350 399 2393 nam
417 2330 588 2408 Germanos,
604 2333 651 2411 qui
665 2330 703 2392 ab
718 2331 790 2409 ipsis
802 2337 965 2408 sperentur,
981 2346 1039 2389 non
1054 2327 1094 2386 iu-

93 2417 168 2495 beri,
185 2434 243 2478 non
260 2417 336 2495 regi,
352 2415 405 2476 aed
421 2423 523 2477 cuncto
534 2432 573 2476 ex
583 2414 701 2475 libidine
712 2433 818 2492 agere;
836 2414 1043 2492 pecuniamque
1059 2427 1094 2472 ac
1105 2429 1130 2471 aa

94 2502 178 2579 dona,
194 2503 258 2580 quis
278 2500 350 2562 solis
365 2507 594 2578 corrumpantur,
611 2498 721 2561 maiora
735 2497 811 2578 apud
825 2496 983 2573 Romanos,
999 2502 1028 2555 et
1045 2512 1094 2553 ne·

94 2585 197 2646 minem
219 2584 293 2645 adeo
314 2585 344 2645 in
367 2600 445 2644 arma
465 2599 602 2663 pronum,
631 2591 744 2642 utnon
758 2581 835 2642 idem
851 2581 975 2661 pretium
989 2579 1095 2659 quietis

95 2686 178 2750 quam
194 2667 318 2746 periculi
330 2667 418 2732 malit.
434 2666 513 2748 quod
527 2667 663 2727 triniatim
673 2666 906 2746 congrediantur,
921 2663 1014 2725 nullas
1027 2679 1095 2722 esse

95 2752 203 2814 Ceriali
224 2752 311 2814 nisie
331 2751 386 2813 rell
426 2752 462 2812 iit
477 2749 639 2813 Germanici
660 2751 807 2812 exercitus
828 2750 973 2828 legiones,
993 2745 1093 2808 loede-

94 2835 173 2898 ribus
195 2835 351 2899 Galliarum
376 2852 394 2895 o
416 2837 541 2897 strictas.
572 2834 661 2914 idque
680 2836 790 2914 ipsum,
820 2833 897 2914 quod
919 2831 1094 2894 inconditam
1103 2847 1130 2888 rr

93 2937 187 2999 nuper
207 2919 354 2982 Valentini
375 2937 488 2982 manum
508 2928 608 2980 contra
624 2936 706 2998 spem
724 2935 804 2980 snam
818 2918 959 2994 foderint,
978 2915 1093 2978 alimen-

93 3015 152 3064 tum
173 3003 231 3064 illis
250 3003 377 3082 ducique
393 3005 578 3065 temeritatis:
602 3013 724 3063 ausuros
739 3019 840 3063 rursus
854 3011 1051 3079 venturosque
1065 2998 1095 3056 in

94 3102 195 3145 manus
215 3101 274 3145 non
299 3087 415 3165 inperiti
435 3087 661 3164 adulescentuli,
685 3086 775 3147 verba
798 3095 827 3146 et
842 3087 994 3147 contiones
1010 3099 1094 3160 quarn

94 3169 203 3229 terrum
218 3177 247 3228 et
267 3187 346 3230 arura
360 3169 538 3247 meditantis,
560 3170 612 3231 sed
629 3169 731 3231 civilis
747 3179 776 3230 et
791 3168 915 3230 Classici
921 3192 929 3240 ;
952 3183 1026 3248 quos
1045 3163 1096 3223 ubi

96 3250 293 3329 adspexerint,
308 3252 463 3314 redituram
476 3255 505 3312 in
521 3254 631 3314 animos
646 3253 842 3331 formidinem,
864 3251 963 3330 lugam
976 3251 1093 3312 lumem·
1102 3261 1130 3304 ar

96 3351 153 3416 que
169 3353 204 3396 ac
227 3337 336 3398 totiens
357 3339 449 3416 captis
466 3337 626 3416 precariam
642 3338 739 3398 vitam.
769 3343 865 3414 nequ'e
880 3334 1029 3396 Treveros
1046 3339 1095 3391 ant

96 3418 241 3498 lingonas
256 3419 463 3483 benevolentia
479 3421 636 3482 contineri:
651 3427 852 3499 resumpturos
867 3437 960 3495 arma,
975 3416 1023 3477 nbi
1035 3431 1095 3474 me·
