2568 3870
360 193 465 242 crana
480 195 532 241 111.
556 194 633 244 cna.
649 165 779 250 75—792
1023 192 1084 254 127

21 376 34 417 p
79 345 197 406 militari
212 346 306 406 cincta
321 346 395 407 inter
410 347 517 408 luctum
534 348 691 429 cladesque
707 348 891 430 efj'ffgnatae
908 355 1084 420 Tarracinae

21 459 33 501 ,r
80 429 211 509 superbe
226 446 374 510 saeveque
391 432 512 508 egisset.
537 432 602 512 ipse
618 432 745 494 lauream
760 444 864 514 gestae
881 457 1025 518 prospere
1040 442 1083 501 rei

21 531 34 586 t
79 514 116 575 ad
136 513 255 574 fratrem
276 514 369 592 rnisit,
391 524 579 592 percontatus
602 517 697 578 statim
719 519 838 597 regredi
861 539 894 581 se
918 541 954 582 an
976 523 1082 603 perdo·

21 631 33 672 ,q
78 596 201 658 mendae
214 595 389 678 Campaniae
400 600 537 660 insistere
549 599 672 660 iuberet.
701 602 778 680 quod
790 603 916 666 salutare
928 623 986 666 non
996 607 1082 668 modo

22 717 31 756 εἰ
79 681 211 761 partibus
239 680 414 760 Vespasiani
441 683 494 744 sed
518 684 561 743 rel
588 683 725 764 publicae
746 686 808 746 init.
845 706 910 750 narn
931 690 956 750 si
977 708 1120 752 recenses

21 782 34 840 ,t
81 765 206 826 victoria
219 765 304 826 railes
320 775 349 826 st
368 783 457 846 super
485 768 597 828 insitam
619 769 819 848 pervicaciam
837 773 974 834 secundis
997 774 1083 836 ieron

21 865 34 924 p
77 851 200 911 Romam
223 849 436 927 contendisset,
463 849 539 913 lraud
561 870 653 930 parva
673 853 751 914 mole
775 865 914 916 certatum
938 875 994 918 nee
1020 859 1085 918 sine

21 958 35 1007 ,p
80 934 169 994 exitio
187 931 267 994 urbis
287 933 376 994 toret.
408 935 518 1015 quippe
539 934 571 996 b.
586 935 706 997 Vitellio
723 941 853 1016 quamvis
870 941 967 1002 infami
990 942 1084 1002 inerat
1101 933 1112 962 ⁸

23 1039 36 1093 1,
81 1017 233 1084 industria;
256 1035 312 1078 nec
329 1017 498 1095 virtutibus,
521 1027 552 1079 ut
575 1019 660 1097 boni,
683 1021 737 1082 sed
761 1040 818 1102 quo
834 1024 922 1085 modo
938 1027 1082 1105 pessimus

21 1131 36 1176 ,a
82 1100 221 1180 quisque,
237 1101 314 1161 vitiis
329 1101 456 1162 valebat.
1089 1128 1117 1167 nn

143 1183 193 1244 78.
213 1184 286 1245 Dum
309 1185 384 1246 haee
415 1186 444 1245 in
465 1185 595 1265 partibus
615 1187 726 1250 Vitellii
750 1201 906 1268 geruntur,
929 1192 1081 1270 digressus

21 1295 34 1348 p
77 1267 186 1330 Narnia
201 1267 375 1348 Vespasiani
391 1272 539 1331 exercitus
560 1270 654 1331 festos
670 1273 785 1334 Saturni
800 1274 863 1335 dies
880 1275 1010 1337 Ocriculi
1028 1295 1082 1356 per

21 1393 31 1433 n
77 1354 167 1413 otium
182 1351 318 1430 agitabat.
347 1371 433 1414 causa
449 1363 505 1414 tarn
521 1371 631 1432 pravae
644 1372 756 1435 morae,
771 1367 801 1417 ut
814 1359 976 1420 llucianum
988 1377 1080 1441 oppa·

21 1467 33 1518 p
77 1438 213 1498 rirentar.
248 1455 304 1496 nec
322 1436 442 1498 defuere
466 1439 514 1516 qui
528 1437 685 1500 Antonium
696 1441 913 1519 suspicionibus
924 1437 1082 1521 arguerent

22 1546 33 1603 q.
78 1532 221 1599 tamquam
246 1519 315 1582 dolo
341 1529 522 1582 cunctantem
544 1531 611 1601 post
636 1533 767 1584 secretas
788 1525 899 1586 Vitellii
928 1526 1107 1606 epistulas,s

27 1653 33 1683 Γ.
78 1604 183 1684 quibus
201 1604 379 1668 consulatum
396 1614 426 1665 et
439 1603 567 1666 nubilem
581 1606 668 1668 liliam
686 1617 716 1668 et
739 1608 853 1671 dotales
869 1627 943 1689 opes
959 1611 1081 1690 pretinm

23 1729 32 1770 ,2
76 1688 252 1770 proditionis
272 1687 426 1752 odorabat.
458 1688 506 1750 alii
527 1691 594 1751 licta
617 1691 691 1752 haee
711 1701 741 1753 et
762 1693 790 1753 in
813 1695 935 1772 gratiam
958 1693 1081 1756 bluciani

23 1810 32 1853 ,2
77 1773 255 1852 composita:
274 1773 388 1851 quidam
400 1773 523 1833 omniurn
538 1773 567 1834 id
577 1774 680 1836 ducum
693 1776 843 1837 consilium
858 1777 967 1854 luisse,
984 1787 1079 1838 osten·

21 1897 30 1938 „
77 1868 142 1919 tare
166 1857 260 1935 potius
282 1857 347 1918 urbi
368 1856 475 1917 bellum
496 1877 579 1936 quarn
601 1860 727 1938 inferre,
748 1861 863 1939 quando
885 1861 1080 1924 validissimae

21 1978 29 2021 q
76 1941 218 2002 cohortes
233 1958 249 2000 a
264 1940 385 2001 Vitellio
401 1940 609 2018 descivissent,
635 1953 664 2004 et
681 1943 805 2006 abscisis
819 1944 950 2006 omnibus
971 1945 1079 2025 praesi·
1090 1957 1115 2000 ro

22 2063 28 2104 ,
75 2027 132 2086 diis
158 2041 293 2084 cessurus
323 2025 444 2101 imperio
474 2025 640 2089 videbatur:
672 2028 727 2090 sed
751 2038 855 2090 cuncta
884 2029 1079 2106 festinatione,

22 2146 27 2188 ,
75 2107 182 2170 deinde
203 2107 318 2185 ignavia
336 2105 435 2168 Sabini
466 2119 619 2190 corrupta,
642 2116 689 2190 qni
710 2114 832 2192 surnptis
860 2122 971 2174 temere
993 2112 1081 2174 armis

75 2192 292 2254 munitissimam
308 2188 447 2268 Capitolii
461 2207 559 2251 arcem
576 2203 606 2251 et
626 2213 663 2255 ne
684 2197 795 2274 magnis
811 2196 926 2276 quidem
944 2197 1080 2257 exerciti·

22 2315 23 2352 ,
75 2279 132 2337 bus
148 2274 372 2354 expugnabilem
397 2273 538 2334 adversus
559 2275 611 2334 tris
634 2275 773 2336 cohortes
794 2281 868 2341 tueri
890 2281 1080 2357 nequivisset.

76 2357 153 2428 baud
172 2359 260 2418 iacile
275 2358 340 2437 quis
353 2357 401 2418 uni
417 2356 614 2435 adsignaverit
630 2359 761 2438 culpam,
783 2378 858 2439 quae
874 2363 995 2421 omnium
1016 2361 1078 2421 luit.
1091 2373 1116 2412 ¹⁶

76 2461 143 2503 narn
165 2451 194 2500 et
216 2441 366 2502 blasianus
386 2439 531 2520 ambiguis
546 2443 680 2521 epistulis
699 2444 829 2504 victores
846 2443 1032 2520 morabatur,
1053 2453 1082 2502 et

77 2525 221 2587 Antonius
243 2535 436 2604 praepostero
461 2525 622 2606 obsequio,
643 2525 692 2588 vel
714 2525 780 2586 dum
800 2531 913 2606 regerit
934 2528 1080 2604 invidiam,

77 2611 186 2672 crimen
205 2610 321 2680 merare
340 2609 492 2689 ceterique
504 2610 595 2673 duces
608 2610 835 2690 damperaoturn
850 2610 958 2674 bellurn
970 2620 1080 2690 putant,

77 2698 163 2756 tinem
178 2694 243 2754 elus
250 2693 438 2771 insignivere.
462 2712 499 2754 ne
510 2694 631 2756 Petilius
641 2695 757 2774 quidem
767 2693 906 2773 Cerialis,
923 2713 988 2756 cunr
1002 2694 1081 2755 mille

77 2779 223 2858 equitibus
250 2779 444 2858 praemissus,
475 2786 506 2838 nt
530 2780 706 2840 transversis
726 2778 877 2840 itineribus
902 2798 956 2860 per
977 2796 1078 2856 agrum
1089 2788 1115 2828 2⁰

76 2864 213 2925 Sabinum
225 2862 334 2924 Salaria
346 2863 393 2924 via
405 2861 507 2923 urbem
518 2863 666 2940 introiret,
680 2864 749 2924 satis
761 2872 968 2942 maturaverat,
985 2862 1081 2923 donec

76 2947 194 3008 obsessi
208 2946 346 3026 Capitolii
358 2946 435 3008 fama
450 2955 572 3008 cunctos
589 2946 674 3008 simul
689 2947 811 3008 exciret.

77 3047 81 3056 ¹
142 3033 193 3094 79.
215 3029 359 3092 Antonius
381 3048 434 3110 per
454 3029 622 3104 Flaminiam
641 3031 679 3092 ad
699 3032 775 3092 Saxa
796 3030 882 3092 rubra
907 3029 997 3091 multo
1025 3030 1080 3088 iam

77 3113 174 3174 noctis
190 3129 285 3174 aarum
300 3114 435 3174 auxilium
449 3115 537 3174 venit.
569 3115 630 3176 illic
644 3114 828 3178 interfectum
843 3113 997 3191 Sabinum,
1012 3129 1079 3172 corr·

22 3195 25 3258 i
77 3200 223 3276 flagrasse
237 3196 428 3277 Capitolium,
444 3205 570 3258 trernere
581 3197 699 3273 urbem,
714 3207 824 3260 maesta
842 3199 935 3258 onmia
948 3196 1079 3275 accepit:

23 3279 24 3284 ’
76 3281 195 3362 plebem
216 3298 332 3362 quoque
348 3287 377 3340 et
388 3280 507 3340 servitia
520 3297 574 3360 pro
586 3281 706 3343 Vitellio
721 3283 824 3343 armari
836 3280 1029 3342 nuntiabatur.
1052 3286 1081 3338 et

23 3377 24 3380 ’
76 3366 182 3430 l’etilio
201 3366 309 3428 Ceriali
333 3372 472 3443 equestre
494 3365 637 3442 proelium
657 3363 812 3426 adversum
832 3364 939 3432 iuerat;
955 3378 1105 3440 namqnea

76 3455 220 3515 incautum
233 3459 262 3512 et
277 3459 420 3528 tamquam
435 3446 471 3507 ad
481 3447 576 3510 victos
589 3457 719 3512 ruentem
730 3447 895 3522 Vitelliani,
912 3446 1081 3505 interiectus
