<?xml version="1.0" encoding="UTF-8"?>
<!DOCTYPE html PUBLIC "-//W3C//DTD XHTML 1.0 Transitional//EN"
    "http://www.w3.org/TR/xhtml1/DTD/xhtml1-transitional.dtd">
<html xmlns="http://www.w3.org/1999/xhtml" xml:lang="en" lang="en">
 <head>
  <title>
</title>
<meta http-equiv="Content-Type" content="text/html;charset=utf-8" />
  <meta name='ocr-system' content='tesseract 3.04.00' />
  <meta name='ocr-capabilities' content='ocr_page ocr_carea ocr_par ocr_line ocrx_word'/>
</head>
<body>
  <div class='ocr_page' id='page_1' title='image "./libriquisupersu02tacigoog/libriquisupersu02tacigoog_0343.png"; bbox 0 0 2596 3872; ppageno 0'>
   <div class='ocr_carea' id='block_1_1' title="bbox 149 149 1008 224">
    <p class='ocr_par' dir='ltr' id='par_1_1' title="bbox 149 149 1008 224">
     <span class='ocr_line' id='line_1_1' title="bbox 149 149 1008 224; baseline -0.01 -10"><span class='ocrx_word' id='word_1_1' title='bbox 149 149 210 214; x_wconf 77' lang='lat'><strong>284</strong></span> <span class='ocrx_word' id='word_1_2' title='bbox 408 159 574 210; x_wconf 81' lang='lat' dir='ltr'><strong>ooauumu</strong></span> <span class='ocrx_word' id='word_1_3' title='bbox 586 158 703 208; x_wconf 78' lang='lat' dir='ltr'><strong>uacuus</strong></span> <span class='ocrx_word' id='word_1_4' title='bbox 715 159 900 207; x_wconf 77' lang='lat' dir='ltr'><strong>suasurum</strong></span> <span class='ocrx_word' id='word_1_5' title='bbox 1005 217 1008 224; x_wconf 26' lang='lat'><em>¹</em></span> 
     </span>
    </p>
   </div>
   <div class='ocr_carea' id='block_1_2' title="bbox 56 312 1285 2407">
    <p class='ocr_par' dir='ltr' id='par_1_2' title="bbox 118 312 1281 1068">
     <span class='ocr_line' id='line_1_2' title="bbox 150 312 1281 397; baseline -0.004 -17"><span class='ocrx_word' id='word_1_6' title='bbox 150 331 250 380; x_wconf 85' lang='lat' dir='ltr'><strong>eorum</strong></span> <span class='ocrx_word' id='word_1_7' title='bbox 269 314 464 391; x_wconf 76' lang='lat' dir='ltr'><strong>Monobazus,</strong></span> <span class='ocrx_word' id='word_1_8' title='bbox 488 333 573 397; x_wconf 83' lang='lat' dir='ltr'><strong>quem</strong></span> <span class='ocrx_word' id='word_1_9' title='bbox 593 331 686 395; x_wconf 83' lang='lat' dir='ltr'><strong>penes</strong></span> <span class='ocrx_word' id='word_1_10' title='bbox 711 313 891 375; x_wconf 83' lang='lat' dir='ltr'><strong>Adiabenum</strong></span> <span class='ocrx_word' id='word_1_11' title='bbox 906 312 1053 390; x_wconf 87' lang='lat' dir='ltr'><strong>regimen,</strong></span> <span class='ocrx_word' id='word_1_12' title='bbox 1079 313 1158 392; x_wconf 84' lang='lat' dir='ltr'><strong>qnod</strong></span> <span class='ocrx_word' id='word_1_13' title='bbox 1280 349 1281 352; x_wconf 61' lang='lat'><em>=</em></span> 
     </span>
     <span class='ocr_line' id='line_1_3' title="bbox 118 394 1158 484; baseline -0.004 -21"><span class='ocrx_word' id='word_1_14' title='bbox 118 421 142 464; x_wconf 81' lang='lat' dir='ltr'><strong>ao</strong></span> <span class='ocrx_word' id='word_1_15' title='bbox 152 400 327 484; x_wconf 77' lang='lat' dir='ltr'><strong>praesidium</strong></span> <span class='ocrx_word' id='word_1_16' title='bbox 341 408 389 460; x_wconf 91' lang='lat' dir='ltr'><strong>aut</strong></span> <span class='ocrx_word' id='word_1_17' title='bbox 409 400 484 461; x_wconf 89' lang='lat' dir='ltr'><strong>unde</strong></span> <span class='ocrx_word' id='word_1_18' title='bbox 505 409 622 482; x_wconf 87' lang='lat' dir='ltr'><strong>peteret</strong></span> <span class='ocrx_word' id='word_1_19' title='bbox 639 400 782 478; x_wconf 75' lang='lat' dir='ltr'><strong>rogitans.</strong></span> <span class='ocrx_word' id='word_1_20' title='bbox 814 399 869 458; x_wconf 92' lang='lat' dir='ltr'><strong>iam</strong></span> <span class='ocrx_word' id='word_1_21' title='bbox 884 395 920 458; x_wconf 92' lang='lat' dir='ltr'><strong>de</strong></span> <span class='ocrx_word' id='word_1_22' title='bbox 936 394 1072 458; x_wconf 83' lang='lat' dir='ltr'><strong>Armenia</strong></span> <span class='ocrx_word' id='word_1_23' title='bbox 1088 405 1158 460; x_wconf 84' lang='lat' dir='ltr'><strong>edn-</strong></span> 
     </span>
     <span class='ocr_line' id='line_1_4' title="bbox 152 479 1161 564; baseline -0.004 -18"><span class='ocrx_word' id='word_1_24' title='bbox 152 503 277 564; x_wconf 90' lang='lat' dir='ltr'><strong>oessum,</strong></span> <span class='ocrx_word' id='word_1_25' title='bbox 293 484 425 564; x_wconf 84' lang='lat' dir='ltr'><strong>proxima</strong></span> <span class='ocrx_word' id='word_1_26' title='bbox 440 483 530 555; x_wconf 89' lang='lat' dir='ltr'><strong>trabi;</strong></span> <span class='ocrx_word' id='word_1_27' title='bbox 555 493 585 545; x_wconf 90' lang='lat' dir='ltr'><strong>et</strong></span> <span class='ocrx_word' id='word_1_28' title='bbox 598 483 654 543; x_wconf 88' lang='lat' dir='ltr'><strong>uisi</strong></span> <span class='ocrx_word' id='word_1_29' title='bbox 672 482 827 544; x_wconf 70' lang='lat' dir='ltr'><strong>defendant</strong></span> <span class='ocrx_word' id='word_1_30' title='bbox 843 479 956 559; x_wconf 85' lang='lat' dir='ltr'><strong>Parthi,</strong></span> <span class='ocrx_word' id='word_1_31' title='bbox 979 481 1073 542; x_wconf 88' lang='lat' dir='ltr'><strong>levius</strong></span> <span class='ocrx_word' id='word_1_32' title='bbox 1096 487 1161 542; x_wconf 87' lang='lat' dir='ltr'><strong>ser·¹</strong></span> 
     </span>
     <span class='ocr_line' id='line_1_5' title="bbox 152 565 1159 648; baseline -0.004 -17"><span class='ocrx_word' id='word_1_33' title='bbox 152 571 251 631; x_wconf 80' lang='lat' dir='ltr'><strong>vitium</strong></span> <span class='ocrx_word' id='word_1_34' title='bbox 270 568 346 648; x_wconf 84' lang='lat' dir='ltr'><strong>apud</strong></span> <span class='ocrx_word' id='word_1_35' title='bbox 368 569 517 629; x_wconf 80' lang='lat' dir='ltr'><strong>Romanos</strong></span> <span class='ocrx_word' id='word_1_36' title='bbox 541 567 646 629; x_wconf 88' lang='lat' dir='ltr'><strong>deditis</strong></span> <span class='ocrx_word' id='word_1_37' title='bbox 668 585 751 647; x_wconf 82' lang='lat' dir='ltr'><strong>quarn</strong></span> <span class='ocrx_word' id='word_1_38' title='bbox 779 567 874 645; x_wconf 82' lang='lat' dir='ltr'><strong>oaptis</strong></span> <span class='ocrx_word' id='word_1_39' title='bbox 902 583 979 626; x_wconf 88' lang='lat' dir='ltr'><strong>esse.</strong></span> <span class='ocrx_word' id='word_1_40' title='bbox 1012 565 1159 627; x_wconf 75' lang='lat' dir='ltr'><strong>Tiridates</strong></span> 
     </span>
     <span class='ocr_line' id='line_1_6' title="bbox 153 650 1159 735; baseline -0.004 -20"><span class='ocrx_word' id='word_1_41' title='bbox 153 671 268 735; x_wconf 88' lang='lat' dir='ltr'><strong>quoque</strong></span> <span class='ocrx_word' id='word_1_42' title='bbox 290 654 374 732; x_wconf 88' lang='lat' dir='ltr'><strong>regni</strong></span> <span class='ocrx_word' id='word_1_43' title='bbox 396 652 540 732; x_wconf 80' lang='lat' dir='ltr'><strong>prologus</strong></span> <span class='ocrx_word' id='word_1_44' title='bbox 560 670 614 734; x_wconf 86' lang='lat' dir='ltr'><strong>per</strong></span> <span class='ocrx_word' id='word_1_45' title='bbox 631 651 777 713; x_wconf 89' lang='lat' dir='ltr'><strong>silentium</strong></span> <span class='ocrx_word' id='word_1_46' title='bbox 804 658 852 711; x_wconf 89' lang='lat' dir='ltr'><strong>aut</strong></span> <span class='ocrx_word' id='word_1_47' title='bbox 871 650 986 711; x_wconf 84' lang='lat' dir='ltr'><strong>madiae</strong></span> <span class='ocrx_word' id='word_1_48' title='bbox 1007 650 1159 730; x_wconf 83' lang='lat' dir='ltr'><strong>querendo</strong></span> 
     </span>
     <span class='ocr_line' id='line_1_7' title="bbox 152 735 1157 818; baseline -0.006 -19"><span class='ocrx_word' id='word_1_49' title='bbox 152 738 272 818; x_wconf 77' lang='lat' dir='ltr'><strong>grauior</strong></span> <span class='ocrx_word' id='word_1_50' title='bbox 286 745 363 798; x_wconf 87' lang='lat' dir='ltr'><strong>erat:</strong></span> <span class='ocrx_word' id='word_1_51' title='bbox 379 754 437 797; x_wconf 95' lang='lat' dir='ltr'><strong>uon</strong></span> <span class='ocrx_word' id='word_1_52' title='bbox 454 738 529 798; x_wconf 85' lang='lat' dir='ltr'><strong>enirn</strong></span> <span class='ocrx_word' id='word_1_53' title='bbox 544 737 660 815; x_wconf 84' lang='lat' dir='ltr'><strong>ignavia</strong></span> <span class='ocrx_word' id='word_1_54' title='bbox 678 753 783 816; x_wconf 87' lang='lat' dir='ltr'><strong>magua</strong></span> <span class='ocrx_word' id='word_1_55' title='bbox 798 735 920 814; x_wconf 88' lang='lat' dir='ltr'><strong>imperia</strong></span> <span class='ocrx_word' id='word_1_56' title='bbox 936 735 1094 804; x_wconf 81' lang='lat' dir='ltr'><strong>ooutlueii3</strong></span> <span class='ocrx_word' id='word_1_57' title='bbox 1117 737 1157 794; x_wconf 84' lang='lat' dir='ltr'><strong>vi-</strong></span> 
     </span>
     <span class='ocr_line' id='line_1_8' title="bbox 118 817 1158 902; baseline -0.005 -17"><span class='ocrx_word' id='word_1_58' title='bbox 118 839 252 886; x_wconf 80' lang='lat' dir='ltr'><strong>sororum</strong></span> <span class='ocrx_word' id='word_1_59' title='bbox 267 837 468 902; x_wconf 83' lang='lat' dir='ltr'><strong>armorumque</strong></span> <span class='ocrx_word' id='word_1_60' title='bbox 482 821 645 884; x_wconf 81' lang='lat' dir='ltr'><strong>iaciendum</strong></span> <span class='ocrx_word' id='word_1_61' title='bbox 660 829 822 891; x_wconf 75' lang='lat' dir='ltr'><strong>certamem</strong></span> <span class='ocrx_word' id='word_1_62' title='bbox 839 817 869 882; x_wconf 88' lang='lat' dir='ltr'><strong>id</strong></span> <span class='ocrx_word' id='word_1_63' title='bbox 882 821 911 880; x_wconf 93' lang='lat' dir='ltr'><strong>in</strong></span> <span class='ocrx_word' id='word_1_64' title='bbox 922 837 1033 880; x_wconf 89' lang='lat' dir='ltr'><strong>summa</strong></span> <span class='ocrx_word' id='word_1_65' title='bbox 1044 819 1158 885; x_wconf 86' lang='lat' dir='ltr'><strong>lurtuna</strong></span> 
     </span>
     <span class='ocr_line' id='line_1_9' title="bbox 153 902 1160 986; baseline -0.004 -18"><span class='ocrx_word' id='word_1_66' title='bbox 153 906 274 986; x_wconf 87' lang='lat' dir='ltr'><strong>aequius</strong></span> <span class='ocrx_word' id='word_1_67' title='bbox 295 905 374 986; x_wconf 83' lang='lat' dir='ltr'><strong>quod</strong></span> <span class='ocrx_word' id='word_1_68' title='bbox 395 905 531 978; x_wconf 85' lang='lat' dir='ltr'><strong>ualidius;</strong></span> <span class='ocrx_word' id='word_1_69' title='bbox 556 916 587 967; x_wconf 92' lang='lat' dir='ltr'><strong>et</strong></span> <span class='ocrx_word' id='word_1_70' title='bbox 607 924 659 966; x_wconf 86' lang='lat' dir='ltr'><strong>soa</strong></span> <span class='ocrx_word' id='word_1_71' title='bbox 679 905 808 966; x_wconf 87' lang='lat' dir='ltr'><strong>retinere</strong></span> <span class='ocrx_word' id='word_1_72' title='bbox 826 905 958 984; x_wconf 81' lang='lat' dir='ltr'><strong>privatae</strong></span> <span class='ocrx_word' id='word_1_73' title='bbox 979 902 1098 979; x_wconf 89' lang='lat' dir='ltr'><strong>domus,</strong></span> <span class='ocrx_word' id='word_1_74' title='bbox 1123 903 1160 964; x_wconf 88' lang='lat' dir='ltr'><strong>de</strong></span> 
     </span>
     <span class='ocr_line' id='line_1_10' title="bbox 153 990 732 1068; baseline -0.003 -17"><span class='ocrx_word' id='word_1_75' title='bbox 153 990 256 1052; x_wconf 89' lang='lat' dir='ltr'><strong>alienis</strong></span> <span class='ocrx_word' id='word_1_76' title='bbox 273 999 388 1050; x_wconf 84' lang='lat' dir='ltr'><strong>oertara</strong></span> <span class='ocrx_word' id='word_1_77' title='bbox 400 991 512 1068; x_wconf 85' lang='lat' dir='ltr'><strong>regiam</strong></span> <span class='ocrx_word' id='word_1_78' title='bbox 526 991 641 1052; x_wconf 88' lang='lat' dir='ltr'><strong>laudem</strong></span> <span class='ocrx_word' id='word_1_79' title='bbox 656 1007 732 1050; x_wconf 88' lang='lat' dir='ltr'><strong>esse.</strong></span> 
     </span>
    </p>

    <p class='ocr_par' dir='ltr' id='par_1_3' title="bbox 156 1072 1162 1407">
     <span class='ocr_line' id='line_1_11' title="bbox 215 1072 1161 1152; baseline -0.002 -19"><span class='ocrx_word' id='word_1_80' title='bbox 215 1072 244 1133; x_wconf 81' lang='grc'><strong>2.</strong></span> <span class='ocrx_word' id='word_1_81' title='bbox 274 1073 366 1152; x_wconf 86' lang='lat' dir='ltr'><strong>Igitur</strong></span> <span class='ocrx_word' id='word_1_82' title='bbox 389 1085 549 1137; x_wconf 88' lang='lat' dir='ltr'><strong>aomrnotus</strong></span> <span class='ocrx_word' id='word_1_83' title='bbox 576 1075 622 1136; x_wconf 88' lang='lat' dir='ltr'><strong>bis</strong></span> <span class='ocrx_word' id='word_1_84' title='bbox 641 1073 813 1151; x_wconf 80' lang='lat' dir='ltr'><strong>Vologeses</strong></span> <span class='ocrx_word' id='word_1_85' title='bbox 843 1072 996 1133; x_wconf 89' lang='lat' dir='ltr'><strong>oouoilium</strong></span> <span class='ocrx_word' id='word_1_86' title='bbox 1021 1081 1110 1133; x_wconf 82' lang='lat' dir='ltr'><strong>vocat</strong></span> <span class='ocrx_word' id='word_1_87' title='bbox 1130 1081 1161 1132; x_wconf 86' lang='lat' dir='ltr'><strong>et</strong></span> 
     </span>
     <span class='ocr_line' id='line_1_12' title="bbox 156 1155 1162 1238; baseline -0.003 -19"><span class='ocrx_word' id='word_1_88' title='bbox 156 1158 316 1238; x_wconf 82' lang='lat' dir='ltr'><strong>proximum</strong></span> <span class='ocrx_word' id='word_1_89' title='bbox 338 1157 393 1219; x_wconf 87' lang='lat' dir='ltr'><strong>sibi</strong></span> <span class='ocrx_word' id='word_1_90' title='bbox 415 1157 562 1222; x_wconf 80' lang='lat' dir='ltr'><strong>Tiridaten</strong></span> <span class='ocrx_word' id='word_1_91' title='bbox 583 1159 734 1220; x_wconf 88' lang='lat' dir='ltr'><strong>eonstituit&#39;</strong></span> <span class='ocrx_word' id='word_1_92' title='bbox 747 1165 834 1237; x_wconf 77' lang='lat' dir='ltr'><strong>atquo</strong></span> <span class='ocrx_word' id='word_1_93' title='bbox 855 1158 894 1218; x_wconf 92' lang='lat' dir='ltr'><strong>ita</strong></span> <span class='ocrx_word' id='word_1_94' title='bbox 913 1157 1037 1218; x_wconf 86' lang='lat' dir='ltr'><strong>orditur:</strong></span> <span class='ocrx_word' id='word_1_95' title='bbox 1064 1155 1162 1236; x_wconf 76' lang='lat' dir='ltr'><strong>‘buno</strong></span> 
     </span>
     <span class='ocr_line' id='line_1_13' title="bbox 156 1241 1161 1324; baseline -0.003 -21"><span class='ocrx_word' id='word_1_96' title='bbox 156 1259 213 1320; x_wconf 88' lang='lat' dir='ltr'><strong>ago</strong></span> <span class='ocrx_word' id='word_1_97' title='bbox 236 1242 339 1304; x_wconf 88' lang='lat' dir='ltr'><strong>eudem</strong></span> <span class='ocrx_word' id='word_1_98' title='bbox 358 1261 470 1304; x_wconf 85' lang='lat' dir='ltr'><strong>meeum</strong></span> <span class='ocrx_word' id='word_1_99' title='bbox 498 1251 582 1324; x_wconf 82' lang='lat' dir='ltr'><strong>patro</strong></span> <span class='ocrx_word' id='word_1_100' title='bbox 609 1244 754 1322; x_wconf 85' lang='lat' dir='ltr'><strong>genitum,</strong></span> <span class='ocrx_word' id='word_1_101' title='bbox 784 1260 848 1303; x_wconf 87' lang='lat' dir='ltr'><strong>oum</strong></span> <span class='ocrx_word' id='word_1_102' title='bbox 870 1241 936 1313; x_wconf 84' lang='lat' dir='ltr'><strong>milri</strong></span> <span class='ocrx_word' id='word_1_103' title='bbox 959 1258 1013 1320; x_wconf 83' lang='lat' dir='ltr'><strong>per</strong></span> <span class='ocrx_word' id='word_1_104' title='bbox 1037 1248 1161 1304; x_wconf 76' lang='lat' dir='ltr'><strong>aetenam</strong></span> 
     </span>
     <span class='ocr_line' id='line_1_14' title="bbox 156 1324 1158 1407; baseline -0.004 -20"><span class='ocrx_word' id='word_1_105' title='bbox 156 1344 269 1388; x_wconf 87' lang='lat' dir='ltr'><strong>summo</strong></span> <span class='ocrx_word' id='word_1_106' title='bbox 282 1327 398 1390; x_wconf 89' lang='lat' dir='ltr'><strong>nomine</strong></span> <span class='ocrx_word' id='word_1_107' title='bbox 415 1330 629 1406; x_wconf 85' lang='lat' dir='ltr'><strong>ooneessisset,</strong></span> <span class='ocrx_word' id='word_1_108' title='bbox 651 1329 680 1387; x_wconf 94' lang='lat' dir='ltr'><strong>in</strong></span> <span class='ocrx_word' id='word_1_109' title='bbox 702 1328 923 1407; x_wconf 86' lang='lat' dir='ltr'><strong>possessionem</strong></span> <span class='ocrx_word' id='word_1_110' title='bbox 938 1324 1094 1385; x_wconf 74' lang='lat' dir='ltr'><strong>Armeniae</strong></span> <span class='ocrx_word' id='word_1_111' title='bbox 1110 1324 1158 1384; x_wconf 86' lang='lat' dir='ltr'><strong>de·</strong></span> 
     </span>
    </p>

    <p class='ocr_par' dir='ltr' id='par_1_4' title="bbox 56 1407 1159 1574">
     <span class='ocr_line' id='line_1_15' title="bbox 56 1407 1159 1493; baseline -0.009 -15"><span class='ocrx_word' id='word_1_112' title='bbox 56 1467 63 1478; x_wconf 90' lang='lat'><strong>.</strong></span> <span class='ocrx_word' id='word_1_113' title='bbox 128 1411 239 1490; x_wconf 77' lang='lat' dir='ltr'><strong>sanxi,</strong></span> <span class='ocrx_word' id='word_1_114' title='bbox 260 1412 309 1492; x_wconf 83' lang='lat' dir='ltr'><strong>qui</strong></span> <span class='ocrx_word' id='word_1_115' title='bbox 330 1413 433 1474; x_wconf 87' lang='lat' dir='ltr'><strong>tertius</strong></span> <span class='ocrx_word' id='word_1_116' title='bbox 454 1414 603 1493; x_wconf 85' lang='lat' dir='ltr'><strong>potentiae</strong></span> <span class='ocrx_word' id='word_1_117' title='bbox 617 1411 726 1490; x_wconf 85' lang='lat' dir='ltr'><strong>gradus</strong></span> <span class='ocrx_word' id='word_1_118' title='bbox 748 1410 885 1472; x_wconf 82' lang='lat' dir='ltr'><strong>babetur:</strong></span> <span class='ocrx_word' id='word_1_119' title='bbox 907 1427 973 1470; x_wconf 88' lang='lat' dir='ltr'><strong>nam</strong></span> <span class='ocrx_word' id='word_1_120' title='bbox 987 1408 1091 1471; x_wconf 78' lang='lat' dir='ltr'><strong>meaos</strong></span> <span class='ocrx_word' id='word_1_121' title='bbox 1106 1407 1159 1469; x_wconf 87' lang='lat' dir='ltr'><strong>Pa·</strong></span> 
     </span>
     <span class='ocr_line' id='line_1_16' title="bbox 157 1493 1158 1574; baseline -0.004 -18"><span class='ocrx_word' id='word_1_122' title='bbox 157 1513 245 1557; x_wconf 89' lang='lat' dir='ltr'><strong>oorus</strong></span> <span class='ocrx_word' id='word_1_123' title='bbox 260 1504 333 1555; x_wconf 87' lang='lat' dir='ltr'><strong>ante</strong></span> <span class='ocrx_word' id='word_1_124' title='bbox 349 1505 481 1574; x_wconf 78' lang='lat' dir='ltr'><strong>ceperat.</strong></span> <span class='ocrx_word' id='word_1_125' title='bbox 504 1494 685 1572; x_wconf 82' lang='lat' dir='ltr'><strong>videbarque</strong></span> <span class='ocrx_word' id='word_1_126' title='bbox 700 1500 801 1553; x_wconf 86' lang='lat' dir='ltr'><strong>eontra</strong></span> <span class='ocrx_word' id='word_1_127' title='bbox 822 1501 925 1554; x_wconf 81' lang='lat' dir='ltr'><strong>vetera</strong></span> <span class='ocrx_word' id='word_1_128' title='bbox 949 1494 1070 1554; x_wconf 83' lang='lat' dir='ltr'><strong>instrum</strong></span> <span class='ocrx_word' id='word_1_129' title='bbox 1092 1493 1158 1554; x_wconf 91' lang='lat' dir='ltr'><strong>odia</strong></span> 
     </span>
    </p>

    <p class='ocr_par' dir='ltr' id='par_1_5' title="bbox 79 1577 1285 2407">
     <span class='ocr_line' id='line_1_17' title="bbox 158 1577 1285 1656; baseline -0.004 -14"><span class='ocrx_word' id='word_1_130' title='bbox 158 1587 189 1642; x_wconf 87' lang='lat' dir='ltr'><strong>et</strong></span> <span class='ocrx_word' id='word_1_131' title='bbox 204 1580 363 1640; x_wconf 80' lang='lat' dir='ltr'><strong>certamina</strong></span> <span class='ocrx_word' id='word_1_132' title='bbox 375 1577 500 1640; x_wconf 82' lang='lat' dir='ltr'><strong>familiae</strong></span> <span class='ocrx_word' id='word_1_133' title='bbox 513 1586 632 1638; x_wconf 86' lang='lat' dir='ltr'><strong>uestrae</strong></span> <span class='ocrx_word' id='word_1_134' title='bbox 649 1584 771 1656; x_wconf 86' lang='lat' dir='ltr'><strong>penates</strong></span> <span class='ocrx_word' id='word_1_135' title='bbox 782 1578 840 1638; x_wconf 89' lang='lat' dir='ltr'><strong>rite</strong></span> <span class='ocrx_word' id='word_1_136' title='bbox 856 1579 1068 1656; x_wconf 82' lang='lat' dir='ltr'><strong>composuisse.</strong></span> <span class='ocrx_word' id='word_1_137' title='bbox 1091 1593 1160 1654; x_wconf 84' lang='lat' dir='ltr'><strong>pro·</strong></span> <span class='ocrx_word' id='word_1_138' title='bbox 1284 1613 1285 1624; x_wconf 29' lang='grc' dir='ltr'><strong>κ</strong></span> 
     </span>
     <span class='ocr_line' id='line_1_18' title="bbox 158 1661 1159 1740; baseline -0.002 -18"><span class='ocrx_word' id='word_1_139' title='bbox 158 1664 260 1724; x_wconf 85' lang='lat' dir='ltr'><strong>albent</strong></span> <span class='ocrx_word' id='word_1_140' title='bbox 272 1661 392 1722; x_wconf 84' lang='lat' dir='ltr'><strong>Romani</strong></span> <span class='ocrx_word' id='word_1_141' title='bbox 413 1670 443 1722; x_wconf 88' lang='lat' dir='ltr'><strong>et</strong></span> <span class='ocrx_word' id='word_1_142' title='bbox 460 1679 561 1738; x_wconf 88' lang='lat' dir='ltr'><strong>paoem</strong></span> <span class='ocrx_word' id='word_1_143' title='bbox 576 1677 727 1738; x_wconf 85' lang='lat' dir='ltr'><strong>numquam</strong></span> <span class='ocrx_word' id='word_1_144' title='bbox 740 1662 813 1738; x_wconf 84' lang='lat' dir='ltr'><strong>ipsis</strong></span> <span class='ocrx_word' id='word_1_145' title='bbox 832 1677 978 1740; x_wconf 76' lang='lat' dir='ltr'><strong>prospero</strong></span> <span class='ocrx_word' id='word_1_146' title='bbox 993 1661 1159 1721; x_wconf 88' lang='lat' dir='ltr'><strong>laosssitam</strong></span> 
     </span>
     <span class='ocr_line' id='line_1_19' title="bbox 160 1743 1159 1823; baseline -0.001 -19"><span class='ocrx_word' id='word_1_147' title='bbox 160 1765 235 1806; x_wconf 90' lang='lat' dir='ltr'><strong>nuno</strong></span> <span class='ocrx_word' id='word_1_148' title='bbox 252 1763 369 1823; x_wconf 88' lang='lat' dir='ltr'><strong>quoque</strong></span> <span class='ocrx_word' id='word_1_149' title='bbox 385 1747 415 1803; x_wconf 89' lang='lat' dir='ltr'><strong>in</strong></span> <span class='ocrx_word' id='word_1_150' title='bbox 433 1745 553 1804; x_wconf 83' lang='lat' dir='ltr'><strong>exitium</strong></span> <span class='ocrx_word' id='word_1_151' title='bbox 568 1761 650 1804; x_wconf 87' lang='lat' dir='ltr'><strong>suum</strong></span> <span class='ocrx_word' id='word_1_152' title='bbox 664 1743 845 1822; x_wconf 85' lang='lat' dir='ltr'><strong>abrumpant.</strong></span> <span class='ocrx_word' id='word_1_153' title='bbox 884 1762 942 1806; x_wconf 92' lang='lat' dir='ltr'><strong>non</strong></span> <span class='ocrx_word' id='word_1_154' title='bbox 966 1745 1017 1805; x_wconf 93' lang='lat' dir='ltr'><strong>ibo</strong></span> <span class='ocrx_word' id='word_1_155' title='bbox 1036 1744 1159 1804; x_wconf 80' lang='lat' dir='ltr'><strong>infitias:</strong></span> 
     </span>
     <span class='ocr_line' id='line_1_20' title="bbox 126 1829 1162 1908; baseline -0.003 -17"><span class='ocrx_word' id='word_1_156' title='bbox 126 1831 305 1908; x_wconf 83' lang='lat' dir='ltr'><strong>auaeqnitate</strong></span> <span class='ocrx_word' id='word_1_157' title='bbox 325 1843 408 1906; x_wconf 85' lang='lat' dir='ltr'><strong>quarn</strong></span> <span class='ocrx_word' id='word_1_158' title='bbox 431 1829 590 1904; x_wconf 84' lang='lat' dir='ltr'><strong>sanguine,</strong></span> <span class='ocrx_word' id='word_1_159' title='bbox 613 1843 698 1887; x_wconf 85' lang='lat' dir='ltr'><strong>eausa</strong></span> <span class='ocrx_word' id='word_1_160' title='bbox 721 1843 804 1904; x_wconf 86' lang='lat' dir='ltr'><strong>quam</strong></span> <span class='ocrx_word' id='word_1_161' title='bbox 828 1829 915 1888; x_wconf 89' lang='lat' dir='ltr'><strong>armis</strong></span> <span class='ocrx_word' id='word_1_162' title='bbox 930 1830 1061 1890; x_wconf 89' lang='lat' dir='ltr'><strong>retinere</strong></span> <span class='ocrx_word' id='word_1_163' title='bbox 1077 1835 1162 1906; x_wconf 87' lang='lat' dir='ltr'><strong>parte</strong></span> 
     </span>
     <span class='ocr_line' id='line_1_21' title="bbox 159 1909 1161 1990; baseline -0.001 -19"><span class='ocrx_word' id='word_1_164' title='bbox 159 1911 317 1972; x_wconf 89' lang='lat' dir='ltr'><strong>maioribus</strong></span> <span class='ocrx_word' id='word_1_165' title='bbox 328 1909 491 1970; x_wconf 82' lang='lat' dir='ltr'><strong>malueram.</strong></span> <span class='ocrx_word' id='word_1_166' title='bbox 509 1912 533 1969; x_wconf 90' lang='lat' dir='ltr'><strong>si</strong></span> <span class='ocrx_word' id='word_1_167' title='bbox 546 1912 729 1972; x_wconf 86' lang='lat' dir='ltr'><strong>annotatione</strong></span> <span class='ocrx_word' id='word_1_168' title='bbox 742 1909 870 1990; x_wconf 88' lang='lat' dir='ltr'><strong>deliqui,</strong></span> <span class='ocrx_word' id='word_1_169' title='bbox 885 1913 993 1974; x_wconf 85' lang='lat' dir='ltr'><strong>virtute</strong></span> <span class='ocrx_word' id='word_1_170' title='bbox 1003 1912 1161 1990; x_wconf 86' lang='lat' dir='ltr'><strong>eorrigaru.</strong></span> 
     </span>
     <span class='ocr_line' id='line_1_22' title="bbox 79 1991 1163 2072; baseline 0.001 -19"><span class='ocrx_word' id='word_1_171' title='bbox 79 2063 83 2070; x_wconf 31' lang='grc' dir='ltr'>Ι</span> <span class='ocrx_word' id='word_1_172' title='bbox 158 2004 257 2055; x_wconf 81' lang='lat' dir='ltr'><strong>vestra</strong></span> <span class='ocrx_word' id='word_1_173' title='bbox 274 1993 389 2072; x_wconf 88' lang='lat' dir='ltr'><strong>quidem</strong></span> <span class='ocrx_word' id='word_1_174' title='bbox 406 1995 451 2052; x_wconf 83' lang='lat' dir='ltr'><strong>vis</strong></span> <span class='ocrx_word' id='word_1_175' title='bbox 466 2003 496 2054; x_wconf 89' lang='lat' dir='ltr'><strong>et</strong></span> <span class='ocrx_word' id='word_1_176' title='bbox 510 1991 606 2070; x_wconf 87' lang='lat' dir='ltr'><strong>gloria</strong></span> <span class='ocrx_word' id='word_1_177' title='bbox 622 1999 654 2056; x_wconf 82' lang='lat' dir='ltr'><strong>ira</strong></span> <span class='ocrx_word' id='word_1_178' title='bbox 668 1996 786 2071; x_wconf 87' lang='lat' dir='ltr'><strong>integro</strong></span> <span class='ocrx_word' id='word_1_179' title='bbox 802 2003 868 2067; x_wconf 87' lang='lat' dir='ltr'><strong>ost,</strong></span> <span class='ocrx_word' id='word_1_180' title='bbox 889 1996 984 2056; x_wconf 90' lang='lat' dir='ltr'><strong>addita</strong></span> <span class='ocrx_word' id='word_1_181' title='bbox 999 1995 1163 2056; x_wconf 77' lang='lat' dir='ltr'><strong>modestiae</strong></span> 
     </span>
     <span class='ocr_line' id='line_1_23' title="bbox 157 2077 1162 2158; baseline 0 -20"><span class='ocrx_word' id='word_1_182' title='bbox 157 2079 248 2153; x_wconf 79' lang='lat' dir='ltr'><strong>fama,</strong></span> <span class='ocrx_word' id='word_1_183' title='bbox 272 2095 348 2157; x_wconf 89' lang='lat' dir='ltr'><strong>quae</strong></span> <span class='ocrx_word' id='word_1_184' title='bbox 364 2095 459 2158; x_wconf 76' lang='lat' dir='ltr'><strong>neque</strong></span> <span class='ocrx_word' id='word_1_185' title='bbox 475 2079 592 2139; x_wconf 83' lang='lat' dir='ltr'><strong>summis</strong></span> <span class='ocrx_word' id='word_1_186' title='bbox 605 2077 766 2150; x_wconf 77' lang='lat' dir='ltr'><strong>mortalium</strong></span> <span class='ocrx_word' id='word_1_187' title='bbox 780 2078 947 2158; x_wconf 78' lang='lat' dir='ltr'><strong>spernenda</strong></span> <span class='ocrx_word' id='word_1_188' title='bbox 962 2086 1009 2140; x_wconf 87' lang='lat' dir='ltr'><strong>est</strong></span> <span class='ocrx_word' id='word_1_189' title='bbox 1023 2085 1054 2139; x_wconf 85' lang='lat' dir='ltr'><strong>et</strong></span> <span class='ocrx_word' id='word_1_190' title='bbox 1075 2095 1092 2138; x_wconf 93' lang='lat' dir='ltr'><strong>a</strong></span> <span class='ocrx_word' id='word_1_191' title='bbox 1117 2077 1162 2138; x_wconf 88' lang='lat' dir='ltr'><strong>dis</strong></span> 
     </span>
     <span class='ocr_line' id='line_1_24' title="bbox 158 2161 1161 2242; baseline -0.001 -19"><span class='ocrx_word' id='word_1_192' title='bbox 158 2162 347 2223; x_wconf 67' lang='lat' dir='ltr'><strong>aestimatur!</strong></span> <span class='ocrx_word' id='word_1_193' title='bbox 378 2161 462 2223; x_wconf 90' lang='lat' dir='ltr'><strong>simul</strong></span> <span class='ocrx_word' id='word_1_194' title='bbox 485 2162 645 2224; x_wconf 88' lang='lat' dir='ltr'><strong>diademate</strong></span> <span class='ocrx_word' id='word_1_195' title='bbox 663 2171 750 2242; x_wconf 82' lang='lat' dir='ltr'><strong>eaput</strong></span> <span class='ocrx_word' id='word_1_196' title='bbox 764 2161 900 2223; x_wconf 76' lang='lat' dir='ltr'><strong>Tiridatis</strong></span> <span class='ocrx_word' id='word_1_197' title='bbox 920 2162 1042 2232; x_wconf 72' lang='lat' dir='ltr'><strong>eduxit:</strong></span> <span class='ocrx_word' id='word_1_198' title='bbox 1065 2179 1161 2241; x_wconf 84' lang='lat' dir='ltr'><strong>prom·</strong></span> 
     </span>
     <span class='ocr_line' id='line_1_25' title="bbox 122 2241 1163 2329; baseline -0.002 -23"><span class='ocrx_word' id='word_1_199' title='bbox 122 2255 148 2299; x_wconf 75' lang='lat'><strong>1⁵</strong></span> <span class='ocrx_word' id='word_1_200' title='bbox 159 2256 235 2329; x_wconf 88' lang='lat' dir='ltr'><strong>ptam</strong></span> <span class='ocrx_word' id='word_1_201' title='bbox 251 2245 378 2325; x_wconf 81' lang='lat' dir='ltr'><strong>equiturn</strong></span> <span class='ocrx_word' id='word_1_202' title='bbox 394 2262 517 2324; x_wconf 91' lang='lat' dir='ltr'><strong>manum,</strong></span> <span class='ocrx_word' id='word_1_203' title='bbox 531 2263 605 2326; x_wconf 75' lang='lat' dir='ltr'><strong>quiae</strong></span> <span class='ocrx_word' id='word_1_204' title='bbox 621 2261 723 2322; x_wconf 89' lang='lat' dir='ltr'><strong>regem</strong></span> <span class='ocrx_word' id='word_1_205' title='bbox 738 2264 777 2307; x_wconf 84' lang='lat' dir='ltr'><strong>ax</strong></span> <span class='ocrx_word' id='word_1_206' title='bbox 790 2263 872 2307; x_wconf 90' lang='lat' dir='ltr'><strong>more</strong></span> <span class='ocrx_word' id='word_1_207' title='bbox 881 2253 1020 2312; x_wconf 82' lang='lat' dir='ltr'><strong>sectatur,</strong></span> <span class='ocrx_word' id='word_1_208' title='bbox 1028 2241 1163 2306; x_wconf 82' lang='lat' dir='ltr'><strong>Monaesi</strong></span> 
     </span>
     <span class='ocr_line' id='line_1_26' title="bbox 157 2327 1162 2407; baseline -0.001 -16"><span class='ocrx_word' id='word_1_209' title='bbox 157 2330 245 2393; x_wconf 92' lang='lat' dir='ltr'><strong>nubili</strong></span> <span class='ocrx_word' id='word_1_210' title='bbox 263 2331 326 2391; x_wconf 86' lang='lat' dir='ltr'><strong>viro</strong></span> <span class='ocrx_word' id='word_1_211' title='bbox 341 2328 472 2407; x_wconf 89' lang='lat' dir='ltr'><strong>tradidit,</strong></span> <span class='ocrx_word' id='word_1_212' title='bbox 488 2329 610 2391; x_wconf 81' lang='lat' dir='ltr'><strong>adiectis</strong></span> <span class='ocrx_word' id='word_1_213' title='bbox 624 2328 840 2391; x_wconf 78' lang='lat' dir='ltr'><strong>Adiabenorum</strong></span> <span class='ocrx_word' id='word_1_214' title='bbox 854 2330 982 2407; x_wconf 84' lang='lat' dir='ltr'><strong>auxiliis,</strong></span> <span class='ocrx_word' id='word_1_215' title='bbox 1004 2327 1162 2391; x_wconf 82' lang='lat' dir='ltr'><strong>mandavit·</strong></span> 
     </span>
    </p>
   </div>
   <div class='ocr_carea' id='block_1_3' title="bbox 157 2412 1163 2558">
    <p class='ocr_par' dir='ltr' id='par_1_6' title="bbox 157 2412 1163 2558">
     <span class='ocr_line' id='line_1_27' title="bbox 157 2412 1163 2558; baseline -0.005 -81"><span class='ocrx_word' id='word_1_216' title='bbox 157 2433 215 2494; x_wconf 82' lang='lat' dir='ltr'><strong>qus</strong></span> <span class='ocrx_word' id='word_1_217' title='bbox 230 2413 375 2492; x_wconf 77' lang='lat' dir='ltr'><strong>Tigranen</strong></span> <span class='ocrx_word' id='word_1_218' title='bbox 389 2412 528 2476; x_wconf 77' lang='lat' dir='ltr'><strong>Armenia</strong></span> <span class='ocrx_word' id='word_1_219' title='bbox 543 2413 717 2492; x_wconf 85' lang='lat' dir='ltr'><strong>exturbare,</strong></span> <span class='ocrx_word' id='word_1_220' title='bbox 739 2413 803 2474; x_wconf 90' lang='lat' dir='ltr'><strong>dum</strong></span> <span class='ocrx_word' id='word_1_221' title='bbox 819 2416 884 2493; x_wconf 87' lang='lat' dir='ltr'><strong>ipse</strong></span> <span class='ocrx_word' id='word_1_222' title='bbox 900 2415 1007 2558; x_wconf 36' lang='lat' dir='ltr'><strong>&amp;osilia</strong></span> <span class='ocrx_word' id='word_1_223' title='bbox 1022 2414 1163 2476; x_wconf 88' lang='lat' dir='ltr'><strong>adversus</strong></span> 
     </span>
    </p>
   </div>
   <div class='ocr_carea' id='block_1_4' title="bbox 124 2496 1164 3503">
    <p class='ocr_par' dir='ltr' id='par_1_7' title="bbox 155 2496 890 2645">
     <span class='ocr_line' id='line_1_28' title="bbox 155 2496 890 2578; baseline 0 -18"><span class='ocrx_word' id='word_1_224' title='bbox 155 2499 308 2576; x_wconf 75' lang='lat' dir='ltr'><strong>llyroauos</strong></span> <span class='ocrx_word' id='word_1_225' title='bbox 325 2496 481 2559; x_wconf 77' lang='lat' dir='ltr'><strong>discordiis</strong></span> <span class='ocrx_word' id='word_1_226' title='bbox 499 2499 577 2560; x_wconf 85' lang='lat' dir='ltr'><strong>vires</strong></span> <span class='ocrx_word' id='word_1_227' title='bbox 599 2499 711 2558; x_wconf 89' lang='lat' dir='ltr'><strong>intimas</strong></span> <span class='ocrx_word' id='word_1_228' title='bbox 725 2498 890 2578; x_wconf 87' lang='lat' dir='ltr'><strong>molemque</strong></span> 
     </span>
     <span class='ocr_line' id='line_1_29' title="bbox 157 2581 573 2645; baseline -0.005 -1"><span class='ocrx_word' id='word_1_229' title='bbox 157 2583 261 2645; x_wconf 87' lang='lat' dir='ltr'><strong>vinoiis</strong></span> <span class='ocrx_word' id='word_1_230' title='bbox 275 2581 412 2642; x_wconf 85' lang='lat' dir='ltr'><strong>liumauis</strong></span> <span class='ocrx_word' id='word_1_231' title='bbox 430 2583 573 2643; x_wconf 89' lang='lat' dir='ltr'><strong>minitans.</strong></span> 
     </span>
    </p>

    <p class='ocr_par' dir='ltr' id='par_1_8' title="bbox 157 2663 1164 2998">
     <span class='ocr_line' id='line_1_30' title="bbox 218 2663 1163 2744; baseline -0.003 -17"><span class='ocrx_word' id='word_1_232' title='bbox 218 2665 248 2727; x_wconf 84' lang='grc'><strong>3.</strong></span> <span class='ocrx_word' id='word_1_233' title='bbox 269 2667 350 2742; x_wconf 82' lang='lat' dir='ltr'><strong>Quae</strong></span> <span class='ocrx_word' id='word_1_234' title='bbox 366 2664 414 2726; x_wconf 90' lang='lat' dir='ltr'><strong>ubi</strong></span> <span class='ocrx_word' id='word_1_235' title='bbox 428 2663 590 2727; x_wconf 71' lang='lat' dir='ltr'><strong>Corbuloni</strong></span> <span class='ocrx_word' id='word_1_236' title='bbox 602 2667 692 2727; x_wconf 89' lang='lat' dir='ltr'><strong>oertis</strong></span> <span class='ocrx_word' id='word_1_237' title='bbox 706 2665 917 2729; x_wconf 86' lang='lat' dir='ltr'><strong>nuntiisaudita</strong></span> <span class='ocrx_word' id='word_1_238' title='bbox 929 2675 1009 2744; x_wconf 90' lang='lat' dir='ltr'><strong>sunt,</strong></span> <span class='ocrx_word' id='word_1_239' title='bbox 1027 2663 1163 2744; x_wconf 75' lang='lat' dir='ltr'><strong>legiones</strong></span> 
     </span>
     <span class='ocr_line' id='line_1_31' title="bbox 158 2745 1163 2828; baseline -0.004 -16"><span class='ocrx_word' id='word_1_240' title='bbox 158 2751 228 2813; x_wconf 91' lang='lat' dir='ltr'><strong>duas</strong></span> <span class='ocrx_word' id='word_1_241' title='bbox 241 2767 305 2811; x_wconf 87' lang='lat' dir='ltr'><strong>ourn</strong></span> <span class='ocrx_word' id='word_1_242' title='bbox 315 2748 464 2811; x_wconf 84' lang='lat' dir='ltr'><strong>Verulano</strong></span> <span class='ocrx_word' id='word_1_243' title='bbox 478 2751 591 2811; x_wconf 83' lang='lat' dir='ltr'><strong>Severo</strong></span> <span class='ocrx_word' id='word_1_244' title='bbox 604 2749 738 2815; x_wconf 79' lang='lat' dir='ltr'><strong>etvettio</strong></span> <span class='ocrx_word' id='word_1_245' title='bbox 748 2749 860 2812; x_wconf 83' lang='lat' dir='ltr'><strong>Rolano</strong></span> <span class='ocrx_word' id='word_1_246' title='bbox 873 2747 1030 2812; x_wconf 85' lang='lat' dir='ltr'><strong>subsidium</strong></span> <span class='ocrx_word' id='word_1_247' title='bbox 1043 2745 1163 2828; x_wconf 83' lang='lat' dir='ltr'><strong>Tigrani</strong></span> 
     </span>
     <span class='ocr_line' id='line_1_32' title="bbox 157 2829 1163 2914; baseline -0.004 -18"><span class='ocrx_word' id='word_1_248' title='bbox 157 2835 255 2912; x_wconf 87' lang='lat' dir='ltr'><strong>mittit,</strong></span> <span class='ocrx_word' id='word_1_249' title='bbox 273 2831 390 2895; x_wconf 90' lang='lat' dir='ltr'><strong>oooultu</strong></span> <span class='ocrx_word' id='word_1_250' title='bbox 409 2842 584 2914; x_wconf 79' lang='lat' dir='ltr'><strong>praesepto,</strong></span> <span class='ocrx_word' id='word_1_251' title='bbox 600 2835 790 2914; x_wconf 81' lang='lat' dir='ltr'><strong>sumpositius</strong></span> <span class='ocrx_word' id='word_1_252' title='bbox 806 2841 909 2896; x_wconf 86' lang='lat' dir='ltr'><strong>aunuta</strong></span> <span class='ocrx_word' id='word_1_253' title='bbox 924 2851 1009 2914; x_wconf 83' lang='lat' dir='ltr'><strong>quam</strong></span> <span class='ocrx_word' id='word_1_254' title='bbox 1024 2829 1163 2894; x_wconf 87' lang='lat' dir='ltr'><strong>iestiuan·</strong></span> 
     </span>
     <span class='ocr_line' id='line_1_33' title="bbox 158 2915 1164 2998; baseline -0.004 -17"><span class='ocrx_word' id='word_1_255' title='bbox 158 2921 214 2981; x_wconf 88' lang='lat' dir='ltr'><strong>tius</strong></span> <span class='ocrx_word' id='word_1_256' title='bbox 235 2925 375 2997; x_wconf 77' lang='lat' dir='ltr'><strong>agerent:</strong></span> <span class='ocrx_word' id='word_1_257' title='bbox 398 2917 509 2998; x_wconf 82' lang='lat' dir='ltr'><strong>quippe</strong></span> <span class='ocrx_word' id='word_1_258' title='bbox 528 2916 636 2978; x_wconf 89' lang='lat' dir='ltr'><strong>bellum</strong></span> <span class='ocrx_word' id='word_1_259' title='bbox 660 2915 769 2980; x_wconf 87' lang='lat' dir='ltr'><strong>babere</strong></span> <span class='ocrx_word' id='word_1_260' title='bbox 792 2935 876 2998; x_wconf 82' lang='lat' dir='ltr'><strong>quam</strong></span> <span class='ocrx_word' id='word_1_261' title='bbox 896 2936 1004 2998; x_wconf 88' lang='lat' dir='ltr'><strong>gerere</strong></span> <span class='ocrx_word' id='word_1_262' title='bbox 1026 2916 1164 2978; x_wconf 87' lang='lat' dir='ltr'><strong>malebat.</strong></span> 
     </span>
    </p>

    <p class='ocr_par' dir='ltr' id='par_1_9' title="bbox 135 2999 1164 3419">
     <span class='ocr_line' id='line_1_34' title="bbox 135 2999 1164 3082; baseline -0.001 -20"><span class='ocrx_word' id='word_1_263' title='bbox 135 3003 375 3082; x_wconf 76' lang='lat' dir='ltr'><strong>ascripseratque</strong></span> <span class='ocrx_word' id='word_1_264' title='bbox 392 2999 513 3062; x_wconf 78' lang='lat' dir='ltr'><strong>(lassari</strong></span> <span class='ocrx_word' id='word_1_265' title='bbox 531 3005 653 3082; x_wconf 88' lang='lat' dir='ltr'><strong>proprio</strong></span> <span class='ocrx_word' id='word_1_266' title='bbox 669 3001 743 3064; x_wconf 85' lang='lat' dir='ltr'><strong>duee</strong></span> <span class='ocrx_word' id='word_1_267' title='bbox 758 3019 833 3082; x_wconf 91' lang='lat' dir='ltr'><strong>opus</strong></span> <span class='ocrx_word' id='word_1_268' title='bbox 844 3020 923 3080; x_wconf 89' lang='lat' dir='ltr'><strong>esse,</strong></span> <span class='ocrx_word' id='word_1_269' title='bbox 938 3003 986 3082; x_wconf 86' lang='lat' dir='ltr'><strong>qui</strong></span> <span class='ocrx_word' id='word_1_270' title='bbox 997 3001 1164 3063; x_wconf 83' lang='lat' dir='ltr'><strong>Armeniam</strong></span> 
     </span>
     <span class='ocr_line' id='line_1_35' title="bbox 157 3083 1163 3166; baseline -0.003 -16"><span class='ocrx_word' id='word_1_271' title='bbox 157 3085 344 3150; x_wconf 83' lang='lat' dir='ltr'><strong>defenderat:</strong></span> <span class='ocrx_word' id='word_1_272' title='bbox 363 3083 477 3147; x_wconf 82' lang='lat' dir='ltr'><strong>Suriam</strong></span> <span class='ocrx_word' id='word_1_273' title='bbox 490 3087 643 3164; x_wconf 78' lang='lat' dir='ltr'><strong>ingruente</strong></span> <span class='ocrx_word' id='word_1_274' title='bbox 655 3086 809 3166; x_wconf 81' lang='lat' dir='ltr'><strong>Vologese</strong></span> <span class='ocrx_word' id='word_1_275' title='bbox 825 3088 939 3148; x_wconf 81' lang='lat' dir='ltr'><strong>acriore</strong></span> <span class='ocrx_word' id='word_1_276' title='bbox 957 3087 985 3146; x_wconf 91' lang='lat' dir='ltr'><strong>iu</strong></span> <span class='ocrx_word' id='word_1_277' title='bbox 997 3083 1163 3150; x_wconf 78' lang='lat' dir='ltr'><strong>discrimine</strong></span> 
     </span>
     <span class='ocr_line' id='line_1_36' title="bbox 158 3167 1163 3272; baseline -0.003 -39"><span class='ocrx_word' id='word_1_278' title='bbox 158 3189 235 3234; x_wconf 91' lang='lat' dir='ltr'><strong>esse.</strong></span> <span class='ocrx_word' id='word_1_279' title='bbox 252 3179 338 3250; x_wconf 88' lang='lat' dir='ltr'><strong>atque</strong></span> <span class='ocrx_word' id='word_1_280' title='bbox 350 3167 464 3230; x_wconf 89' lang='lat' dir='ltr'><strong>interim</strong></span> <span class='ocrx_word' id='word_1_281' title='bbox 476 3171 604 3272; x_wconf 58' lang='lat' dir='ltr'><strong>reliquas</strong></span> <span class='ocrx_word' id='word_1_282' title='bbox 615 3171 756 3248; x_wconf 87' lang='lat' dir='ltr'><strong>legiones·</strong></span> <span class='ocrx_word' id='word_1_283' title='bbox 764 3186 818 3249; x_wconf 84' lang='lat' dir='ltr'><strong>pro</strong></span> <span class='ocrx_word' id='word_1_284' title='bbox 830 3169 894 3252; x_wconf 76' lang='lat' dir='ltr'><strong>elpa</strong></span> <span class='ocrx_word' id='word_1_285' title='bbox 905 3167 1061 3250; x_wconf 79' lang='lat' dir='ltr'><strong>Euphratis</strong></span> <span class='ocrx_word' id='word_1_286' title='bbox 1073 3168 1163 3247; x_wconf 83' lang='lat' dir='ltr'><strong>locat,</strong></span> 
     </span>
     <span class='ocr_line' id='line_1_37' title="bbox 157 3253 1163 3334; baseline -0.004 -18"><span class='ocrx_word' id='word_1_287' title='bbox 157 3253 366 3316; x_wconf 89' lang='lat' dir='ltr'><strong>tumultuariam</strong></span> <span class='ocrx_word' id='word_1_288' title='bbox 382 3255 604 3332; x_wconf 74' lang='lat' dir='ltr'><strong>provincialium</strong></span> <span class='ocrx_word' id='word_1_289' title='bbox 618 3267 730 3317; x_wconf 91' lang='lat' dir='ltr'><strong>manum</strong></span> <span class='ocrx_word' id='word_1_290' title='bbox 746 3263 852 3331; x_wconf 91' lang='lat' dir='ltr'><strong>armat,</strong></span> <span class='ocrx_word' id='word_1_291' title='bbox 868 3253 991 3316; x_wconf 87' lang='lat' dir='ltr'><strong>hostiles</strong></span> <span class='ocrx_word' id='word_1_292' title='bbox 1011 3255 1163 3334; x_wconf 86' lang='lat' dir='ltr'><strong>ingressus</strong></span> 
     </span>
     <span class='ocr_line' id='line_1_38' title="bbox 158 3335 1162 3419; baseline 0 -21"><span class='ocrx_word' id='word_1_293' title='bbox 158 3337 313 3416; x_wconf 82' lang='lat' dir='ltr'><strong>praesidiis</strong></span> <span class='ocrx_word' id='word_1_294' title='bbox 321 3339 477 3418; x_wconf 77' lang='lat' dir='ltr'><strong>intercipit.</strong></span> <span class='ocrx_word' id='word_1_295' title='bbox 493 3347 522 3400; x_wconf 91' lang='lat' dir='ltr'><strong>et</strong></span> <span class='ocrx_word' id='word_1_296' title='bbox 530 3340 597 3419; x_wconf 87' lang='lat' dir='ltr'><strong>quia</strong></span> <span class='ocrx_word' id='word_1_297' title='bbox 606 3355 702 3418; x_wconf 89' lang='lat' dir='ltr'><strong>egena</strong></span> <span class='ocrx_word' id='word_1_298' title='bbox 716 3355 853 3418; x_wconf 88' lang='lat' dir='ltr'><strong>aquamm</strong></span> <span class='ocrx_word' id='word_1_299' title='bbox 864 3339 948 3418; x_wconf 91' lang='lat' dir='ltr'><strong>regio</strong></span> <span class='ocrx_word' id='word_1_300' title='bbox 966 3345 1022 3417; x_wconf 88' lang='lat' dir='ltr'><strong>est,</strong></span> <span class='ocrx_word' id='word_1_301' title='bbox 1041 3335 1162 3399; x_wconf 85' lang='lat' dir='ltr'><strong>eastella</strong></span> 
     </span>
    </p>

    <p class='ocr_par' dir='ltr' id='par_1_10' title="bbox 124 3417 1129 3503">
     <span class='ocr_line' id='line_1_39' title="bbox 124 3417 1129 3503; baseline 0.007 -30"><span class='ocrx_word' id='word_1_302' title='bbox 124 3433 150 3474; x_wconf 80' lang='lat' dir='ltr'><strong>ro</strong></span> <span class='ocrx_word' id='word_1_303' title='bbox 160 3421 288 3482; x_wconf 82' lang='lat' dir='ltr'><strong>lontibus</strong></span> <span class='ocrx_word' id='word_1_304' title='bbox 301 3420 442 3500; x_wconf 81' lang='lat' dir='ltr'><strong>inposita;</strong></span> <span class='ocrx_word' id='word_1_305' title='bbox 461 3422 602 3502; x_wconf 83' lang='lat' dir='ltr'><strong>quosdam</strong></span> <span class='ocrx_word' id='word_1_306' title='bbox 615 3425 696 3485; x_wconf 86' lang='lat' dir='ltr'><strong>rivos</strong></span> <span class='ocrx_word' id='word_1_307' title='bbox 712 3432 855 3503; x_wconf 86' lang='lat' dir='ltr'><strong>oougestu</strong></span> <span class='ocrx_word' id='word_1_308' title='bbox 869 3421 995 3486; x_wconf 85' lang='lat' dir='ltr'><strong>harenae</strong></span> <span class='ocrx_word' id='word_1_309' title='bbox 1011 3417 1129 3485; x_wconf 86' lang='lat' dir='ltr'><strong>abdidit.</strong></span> 
     </span>
    </p>
   </div>
   <div class='ocr_carea' id='block_1_5' title="bbox 931 2495 1160 2592">
    <p class='ocr_par' dir='ltr' id='par_1_11' title="bbox 931 2495 1160 2592">
     <span class='ocr_line' id='line_1_40' title="bbox 931 2495 1160 2592; baseline 0 -34"><span class='ocrx_word' id='word_1_310' title='bbox 931 2495 980 2560; x_wconf 89' lang='lat' dir='ltr'><strong>elli</strong></span> <span class='ocrx_word' id='word_1_311' title='bbox 996 2498 1070 2576; x_wconf 82' lang='lat' dir='ltr'><strong>ciet,</strong></span> <span class='ocrx_word' id='word_1_312' title='bbox 1095 2515 1160 2592; x_wconf 74' lang='lat' dir='ltr'><strong>pro·</strong></span> 
     </span>
    </p>
   </div>
   <div class='ocr_carea' id='block_1_6' title="bbox 0 0 1308 3872">
    <p class='ocr_par' dir='ltr' id='par_1_12' title="bbox 0 0 1308 3872">
     <span class='ocr_line' id='line_1_41' title="bbox 0 0 1308 3872; baseline 0 0"><span class='ocrx_word' id='word_1_313' title='bbox 0 0 1308 3872; x_wconf 95' lang='lat' dir='ltr'><strong> </strong></span> 
     </span>
    </p>
   </div>
   <div class='ocr_carea' id='block_1_7' title="bbox 42 3748 121 3768">
    <p class='ocr_par' dir='ltr' id='par_1_13' title="bbox 42 3748 121 3768">
     <span class='ocr_line' id='line_1_42' title="bbox 42 3748 121 3768; baseline 0 0"><span class='ocrx_word' id='word_1_314' title='bbox 42 3748 121 3768; x_wconf 61' lang='lat'><strong>*-</strong></span> 
     </span>
    </p>
   </div>
   <div class='ocr_carea' id='block_1_8' title="bbox 17 3787 161 3846">
    <p class='ocr_par' dir='ltr' id='par_1_14' title="bbox 17 3787 161 3846">
     <span class='ocr_line' id='line_1_43' title="bbox 17 3787 161 3846; baseline -0.014 1"><span class='ocrx_word' id='word_1_315' title='bbox 17 3787 161 3846; x_wconf 69' lang='lat' dir='ltr'><strong>—b</strong></span> 
     </span>
    </p>
   </div>
  </div>
 </body>
</html>
