2596 3872
426 217 531 265 ernon
545 217 616 265 xiv.
633 217 709 267 car.
725 193 845 272 rt-ssao.
1073 207 1132 270 261

134 374 181 436 dia
198 373 352 434 frueretur.
383 390 440 434 neo
460 373 579 434 deerant
601 373 649 452 qui
672 390 725 435 ore
740 373 877 454 uultuque
899 373 972 435 tristi
994 375 1068 438 inter
1084 377 1135 439 ob

134 459 307 522 leotamenta
322 457 405 535 regia
420 458 547 538 spectari
563 467 712 537 cuperent.
1146 488 1170 530 η

201 543 248 602 17.-
272 539 333 602 Sub
355 541 429 602 idem
445 551 558 621 tempus
578 540 637 601 leui
659 541 738 603 initio
760 551 844 603 atrox
860 544 965 605 caedes
982 555 1045 606 orta
1063 548 1137 607 inter

136 627 259 687 colonos
282 624 447 687 Nucerinos
472 626 725 706 Pompeianosque
753 625 927 705 gladiatorio
954 631 1136 709 spectaculo,

133 709 213 792 quod
226 709 371 772 Livineius
385 709 530 788 Regulus,
553 727 637 789 qoem
652 719 758 771 motum
774 719 875 772 senatu
890 715 1003 791 rettuli,
1020 714 1136 776 edebat.

134 797 245 876 quippe
260 793 406 872 oppidana
422 794 543 855 lascivia
566 794 594 870 in
609 795 702 855 vicem
722 796 904 857 incessentes
925 797 1049 877 probra,
1070 797 1137 859 dein

134 896 222 956 saxa,
245 887 392 958 postremo
416 877 524 940 ierrum
541 896 710 958 sumpsere,
734 879 876 941 solidiore
894 880 1158 962 Pompeianorums

133 962 238 1044 plebe,
254 961 330 1042 apud
344 980 420 1046 quos
435 962 633 1042 spectaculum
645 963 793 1025 edebatur.
824 982 897 1042 ergo
914 965 1058 1045 deportati
1072 976 1139 1027 sunt

133 1050 162 1110 in
177 1047 279 1108 orbem
299 1046 379 1106 multi
397 1045 580 1108 eNuoerinis
599 1056 702 1110 trunco
725 1067 778 1128 per
795 1049 915 1110 vulnera
935 1067 1080 1130 corpore,
1102 1069 1138 1112 ac

134 1131 268 1212 plerique
286 1129 445 1192 liberorum
462 1140 510 1192 aut
525 1140 673 1210 parentum
689 1141 798 1194 mortes
813 1132 968 1196 dedebant.
1001 1137 1081 1196 cuius
1096 1137 1139 1196 rei

135 1215 268 1276 iudicium
290 1215 429 1294 princeps
452 1217 578 1292 senatui,
601 1226 719 1278 senatus
742 1216 909 1280 consulibus
933 1220 1072 1298 permisit.
1110 1227 1139 1280 et
1196 1211 1198 1216 ’
1292 1282 1293 1292 ,

135 1317 234 1363 rursus
248 1318 281 1359 re
298 1298 334 1360 ad
352 1309 451 1378 patres
465 1298 572 1378 relata,
595 1301 731 1379 prohibiti
748 1300 864 1381 publice
879 1303 908 1362 in
927 1302 1029 1364 decem
1047 1321 1171 1366 annosae

135 1387 198 1446 eius
219 1382 297 1446 modi
320 1393 406 1445 coetu
421 1383 604 1462 Pompeiani,
628 1385 814 1465 collegiaque
836 1403 910 1464 quae
931 1396 1032 1448 contra
1052 1388 1138 1466 leges

135 1467 315 1530 instituerant
333 1466 489 1538 dissoluta;
511 1466 657 1528 Livineius
677 1477 707 1528 et
723 1471 771 1546 qui
786 1469 834 1529 alii
856 1468 1025 1531 seditionem
1042 1472 1138 1533 conoi-

136 1562 237 1614 verant
252 1552 340 1612 exilio
357 1552 465 1612 multati
481 1561 556 1612 sunt.

204 1635 252 1698 18.
273 1636 369 1698 illotus
391 1645 491 1697 senatu
513 1645 542 1695 et
563 1635 669 1697 Pedius
690 1635 828 1714 Blaesus,
855 1635 1059 1700 accusantibus
1082 1634 1139 1712 Cy-

134 1720 306 1783 renensibus
321 1721 459 1782 violatum
475 1718 511 1782 ab
527 1737 562 1780 eo
578 1719 743 1781 thesaurum
760 1720 930 1800 Aesculapii
946 1721 1139 1800 dilectumque

132 1807 287 1867 militarem
310 1806 405 1883 pretio
427 1813 457 1865 et
477 1803 631 1865 ambitione
653 1813 829 1884 corruptum.
861 1805 937 1866 idem
954 1804 1140 1880 Cyrenenses

135 1907 217 1952 reum
238 1887 364 1968 agebant
378 1889 504 1949 Acilium
518 1887 708 1966 Strabonem,
729 1891 875 1968 praetoria
896 1898 1041 1968 potestate
1059 1907 1139 1950 usum

137 1983 166 2036 et
179 1975 295 2035 missum
311 1973 536 2052 disceptatorem
551 1991 567 2034 a
580 1971 701 2035 Claudio
714 1990 859 2054 aprorum,
873 1991 946 2052 quos
957 1974 1038 2051 repis
1048 1971 1163 2054 Apio-s

139 2060 182 2118 nis
203 2057 346 2142 qnondam
366 2058 460 2118 avitos
481 2066 510 2118 et
529 2057 640 2137 populo
659 2057 790 2118 Romano
814 2075 877 2118 cnm
899 2074 992 2134 regno
1019 2056 1140 2116 relictos

141 2144 287 2221 proximus
311 2143 435 2221 quisque
456 2158 615 2219 possessor
635 2142 815 2217 invaserant,
839 2141 1003 2220 diutinaque
1025 2140 1141 2200 licentia

139 2237 168 2287 et
188 2226 288 2286 iniuria
307 2227 389 2304 quasi
410 2226 472 2285 iure
492 2234 521 2286 et
538 2242 632 2305 aequo
656 2223 829 2285 nitebantur.
864 2226 952 2303 igitur
972 2223 1142 2284 abiudicatis

137 2311 219 2390 agris
239 2319 303 2370 orta
325 2308 466 2371 adversus
485 2308 608 2370 iudicem
629 2308 749 2379 inridia;
776 2317 806 2368 et
824 2317 943 2369 senatus
963 2309 1064 2386 ignota
1087 2305 1141 2367 sibi

138 2413 208 2458 esse
226 2393 358 2455 mandata
380 2392 492 2456 claudit
519 2403 547 2454 et
569 2392 776 2454 consulendum
798 2393 958 2472 principem
980 2389 1176 2470 responditao

137 2479 219 2542 Nero
237 2477 361 2558 probata
378 2478 529 2540 Strabonis
545 2477 703 2554 sententia,
725 2494 757 2536 se
774 2476 863 2537 nihilo
879 2477 973 2537 minus
987 2474 1144 2536 subuenire
1259 2497 1263 2506 ¹

140 2565 229 2628 sociis
246 2571 276 2623 et
288 2571 423 2641 usurpata
440 2562 605 2624 concedere
620 2561 781 2641 rescripsit.

205 2648 255 2710 19.
278 2646 442 2727 Sequuntur
465 2648 592 2708 uirorum
613 2645 772 2706 inlustrium
792 2653 917 2723 mortes,
943 2643 1059 2706 Domitii
1079 2642 1144 2704 Airi

140 2741 169 2794 et
182 2731 222 2794 bl.
239 2731 375 2809 Servilii,
400 2733 448 2812 qui
465 2732 580 2792 summis
597 2729 755 2792 honoribus
774 2739 803 2790 et
819 2728 907 2789 multa
922 2728 1088 2806 eloquentia
1104 2729 1143 2786 vi-

139 2825 274 2896 guerant,
289 2815 338 2875 ille
353 2817 462 2878 orando
476 2833 590 2893 causas,
606 2813 747 2876 Servilius
761 2813 808 2874 diu
822 2813 899 2891 loro,
914 2830 982 2873 mox
998 2810 1144 2872 tradendis

140 2901 230 2962 rebus
246 2897 384 2961 Romanis
400 2899 528 2962 celebris
551 2907 580 2959 et
602 2897 748 2976 elegantia
766 2898 858 2975 vitae,
883 2914 969 2976 quam
991 2895 1144 2957 clariorem

141 2985 257 3062 eiiecit,
272 2991 303 3044 ut
320 3003 373 3063 par
387 2986 523 3063 ingenio,
539 2984 579 3044 ita
593 3000 703 3044 morum
717 2981 859 3043 diversus.
1154 2995 1166 3035 u

205 3067 257 3132 20.
277 3066 304 3128 N
307 3077 541 3148 erone'quartum
553 3065 690 3127 Cornelio
701 3065 797 3128 Cosso
811 3065 978 3127 consulibus
988 3065 1147 3145 quinquen·

92 3221 97 3232 ¹
141 3153 209 3215 nale
229 3151 370 3214 ludicrum
384 3153 495 3232 Rornae
517 3152 673 3213 institutum
694 3159 740 3212 est
756 3149 792 3212 ad
807 3168 916 3212 morem
933 3149 1037 3212 Graeci
1053 3156 1145 3209 eertu-

141 3237 243 3316 minis‚
264 3241 345 3298 varia
366 3237 459 3315 lama,
483 3246 513 3298 nt
528 3245 631 3298 cuneta
646 3235 739 3296 ferme
754 3252 840 3297 nora.
875 3236 985 3315 quippe
1001 3241 1083 3294 erant
1098 3232 1145 3311 qui

143 3321 272 3386 Gnaeum
294 3339 411 3402 quoque
433 3321 602 3400 Pompeium
622 3322 780 3380 incusatum
800 3337 818 3381 a
840 3317 1003 3380 senioribus
1023 3316 1145 3391 terrent,

17 3411 31 3450 '=
144 3405 222 3486 quod
237 3423 398 3467 mansuram
408 3405 512 3466 theatri
527 3404 626 3466 sedem
642 3405 798 3484 posuisset.
829 3420 894 3463 nam
905 3409 989 3463 antea
1002 3398 1168 3460 subitariisu

144 3489 283 3568 gradibus
303 3499 338 3553 ‚et
356 3507 464 3552 scaena
487 3491 516 3550 in
530 3498 643 3568 tempus
661 3496 768 3548 structa
788 3485 874 3546 ludos
891 3483 939 3544 edi
956 3482 1076 3554 solitos,
1097 3478 1146 3537 vel
