<?xml version="1.0" encoding="UTF-8"?>
<!DOCTYPE html PUBLIC "-//W3C//DTD XHTML 1.0 Transitional//EN"
    "http://www.w3.org/TR/xhtml1/DTD/xhtml1-transitional.dtd">
<html xmlns="http://www.w3.org/1999/xhtml" xml:lang="en" lang="en">
 <head>
  <title>
</title>
<meta http-equiv="Content-Type" content="text/html;charset=utf-8" />
  <meta name='ocr-system' content='tesseract 3.04.00' />
  <meta name='ocr-capabilities' content='ocr_page ocr_carea ocr_par ocr_line ocrx_word'/>
</head>
<body>
  <div class='ocr_page' id='page_1' title='image "./libriquisupersu02tacigoog/libriquisupersu02tacigoog_0064.png"; bbox 0 0 2440 3886; ppageno 0'>
   <div class='ocr_carea' id='block_1_1' title="bbox 438 205 1110 292">
    <p class='ocr_par' dir='ltr' id='par_1_1' title="bbox 438 205 1110 292">
     <span class='ocr_line' id='line_1_1' title="bbox 438 205 1110 292; baseline 0 -4"><span class='ocrx_word' id='word_1_1' title='bbox 438 239 545 288; x_wconf 77' lang='lat' dir='ltr'><strong>ursus</strong></span> <span class='ocrx_word' id='word_1_2' title='bbox 556 205 582 288; x_wconf 67' lang='grc' dir='ltr'><strong>ιζ</strong></span> <span class='ocrx_word' id='word_1_3' title='bbox 598 240 672 287; x_wconf 79' lang='lat' dir='ltr'><strong>cnr.</strong></span> <span class='ocrx_word' id='word_1_4' title='bbox 688 238 773 292; x_wconf 84' lang='lat'><strong>3-7.</strong></span> <span class='ocrx_word' id='word_1_5' title='bbox 1090 231 1110 288; x_wconf 79' lang='lat'><strong>5</strong></span> 
     </span>
    </p>
   </div>
   <div class='ocr_carea' id='block_1_2' title="bbox 49 393 1152 3418">
    <p class='ocr_par' dir='ltr' id='par_1_2' title="bbox 117 393 1148 1315">
     <span class='ocr_line' id='line_1_2' title="bbox 133 393 1110 475; baseline 0.002 -19"><span class='ocrx_word' id='word_1_6' title='bbox 133 394 199 475; x_wconf 91' lang='lat' dir='ltr'><strong>quod</strong></span> <span class='ocrx_word' id='word_1_7' title='bbox 212 393 357 455; x_wconf 90' lang='lat' dir='ltr'><strong>llaximum</strong></span> <span class='ocrx_word' id='word_1_8' title='bbox 372 397 455 456; x_wconf 84' lang='lat' dir='ltr'><strong>uxori</strong></span> <span class='ocrx_word' id='word_1_9' title='bbox 473 394 600 456; x_wconf 75' lang='lat' dir='ltr'><strong>Marciae</strong></span> <span class='ocrx_word' id='word_1_10' title='bbox 620 396 787 474; x_wconf 85' lang='lat' dir='ltr'><strong>aperuisse,</strong></span> <span class='ocrx_word' id='word_1_11' title='bbox 810 398 888 458; x_wconf 89' lang='lat' dir='ltr'><strong>illam</strong></span> <span class='ocrx_word' id='word_1_12' title='bbox 908 396 1016 456; x_wconf 86' lang='lat' dir='ltr'><strong>Liviae.</strong></span> <span class='ocrx_word' id='word_1_13' title='bbox 1042 416 1110 472; x_wconf 84' lang='lat' dir='ltr'><strong>gua·</strong></span> 
     </span>
     <span class='ocr_line' id='line_1_3' title="bbox 131 475 1111 558; baseline 0 -19"><span class='ocrx_word' id='word_1_14' title='bbox 131 497 184 539; x_wconf 92' lang='lat' dir='ltr'><strong>rum</strong></span> <span class='ocrx_word' id='word_1_15' title='bbox 199 479 225 538; x_wconf 92' lang='lat' dir='ltr'><strong>id</strong></span> <span class='ocrx_word' id='word_1_16' title='bbox 239 475 370 548; x_wconf 80' lang='lat' dir='ltr'><strong>Gaesari;</strong></span> <span class='ocrx_word' id='word_1_17' title='bbox 392 497 488 558; x_wconf 90' lang='lat' dir='ltr'><strong>neque</strong></span> <span class='ocrx_word' id='word_1_18' title='bbox 509 480 599 540; x_wconf 91' lang='lat' dir='ltr'><strong>multo</strong></span> <span class='ocrx_word' id='word_1_19' title='bbox 615 487 682 557; x_wconf 92' lang='lat' dir='ltr'><strong>post</strong></span> <span class='ocrx_word' id='word_1_20' title='bbox 697 481 825 540; x_wconf 85' lang='lat' dir='ltr'><strong>extincto</strong></span> <span class='ocrx_word' id='word_1_21' title='bbox 839 480 980 558; x_wconf 84' lang='lat' dir='ltr'><strong>Maximo,</strong></span> <span class='ocrx_word' id='word_1_22' title='bbox 997 480 1111 542; x_wconf 91' lang='lat' dir='ltr'><strong>dubium</strong></span> 
     </span>
     <span class='ocr_line' id='line_1_4' title="bbox 129 563 1111 642; baseline -0.002 -18"><span class='ocrx_word' id='word_1_23' title='bbox 129 584 159 624; x_wconf 90' lang='lat' dir='ltr'><strong>an</strong></span> <span class='ocrx_word' id='word_1_24' title='bbox 177 565 299 642; x_wconf 91' lang='lat' dir='ltr'><strong>quaesita</strong></span> <span class='ocrx_word' id='word_1_25' title='bbox 316 573 427 639; x_wconf 90' lang='lat' dir='ltr'><strong>morte,</strong></span> <span class='ocrx_word' id='word_1_26' title='bbox 452 563 565 623; x_wconf 90' lang='lat' dir='ltr'><strong>auditos</strong></span> <span class='ocrx_word' id='word_1_27' title='bbox 584 564 613 622; x_wconf 95' lang='lat' dir='ltr'><strong>in</strong></span> <span class='ocrx_word' id='word_1_28' title='bbox 632 563 736 623; x_wconf 88' lang='lat' dir='ltr'><strong>iuuere</strong></span> <span class='ocrx_word' id='word_1_29' title='bbox 759 566 821 624; x_wconf 92' lang='lat' dir='ltr'><strong>eius</strong></span> <span class='ocrx_word' id='word_1_30' title='bbox 839 564 966 627; x_wconf 81' lang='lat' dir='ltr'><strong>Marciae</strong></span> <span class='ocrx_word' id='word_1_31' title='bbox 987 565 1111 642; x_wconf 81' lang='lat' dir='ltr'>gemitus</span> 
     </span>
     <span class='ocr_line' id='line_1_5' title="bbox 127 647 1147 731; baseline 0.001 -24"><span class='ocrx_word' id='word_1_32' title='bbox 127 656 209 707; x_wconf 87' lang='lat' dir='ltr'><strong>semet</strong></span> <span class='ocrx_word' id='word_1_33' title='bbox 221 648 386 724; x_wconf 79' lang='lat' dir='ltr'><strong>incusantis,</strong></span> <span class='ocrx_word' id='word_1_34' title='bbox 404 647 481 726; x_wconf 90' lang='lat' dir='ltr'><strong>quod</strong></span> <span class='ocrx_word' id='word_1_35' title='bbox 498 664 586 710; x_wconf 86' lang='lat' dir='ltr'><strong>causa</strong></span> <span class='ocrx_word' id='word_1_36' title='bbox 602 648 681 706; x_wconf 89' lang='lat' dir='ltr'><strong>exitii</strong></span> <span class='ocrx_word' id='word_1_37' title='bbox 694 648 797 707; x_wconf 87' lang='lat' dir='ltr'><strong>marito</strong></span> <span class='ocrx_word' id='word_1_38' title='bbox 811 649 924 731; x_wconf 74' lang='lat' dir='ltr'><strong>luisset.</strong></span> <span class='ocrx_word' id='word_1_39' title='bbox 958 649 1112 726; x_wconf 83' lang='lat' dir='ltr'><strong>utcumque</strong></span> <span class='ocrx_word' id='word_1_40' title='bbox 1122 668 1147 709; x_wconf 76' lang='grc' dir='ltr'><strong>ιι</strong></span> 
     </span>
     <span class='ocr_line' id='line_1_6' title="bbox 125 725 1111 811; baseline -0.004 -16"><span class='ocrx_word' id='word_1_41' title='bbox 125 751 154 798; x_wconf 85' lang='lat' dir='ltr'><strong>se</strong></span> <span class='ocrx_word' id='word_1_42' title='bbox 170 750 202 792; x_wconf 84' lang='lat' dir='ltr'><strong>ea</strong></span> <span class='ocrx_word' id='word_1_43' title='bbox 215 750 263 792; x_wconf 92' lang='lat' dir='ltr'><strong>res</strong></span> <span class='ocrx_word' id='word_1_44' title='bbox 276 731 391 806; x_wconf 83' lang='lat' dir='ltr'><strong>babuit,</strong></span> <span class='ocrx_word' id='word_1_45' title='bbox 413 730 530 790; x_wconf 89' lang='lat' dir='ltr'><strong>vixdum</strong></span> <span class='ocrx_word' id='word_1_46' title='bbox 550 731 700 808; x_wconf 87' lang='lat' dir='ltr'><strong>ingressus</strong></span> <span class='ocrx_word' id='word_1_47' title='bbox 721 730 868 808; x_wconf 74' lang='lat' dir='ltr'><strong>illyricum</strong></span> <span class='ocrx_word' id='word_1_48' title='bbox 888 725 1023 811; x_wconf 72' lang='lat' dir='ltr'><strong>&#39;liberius&#39;</strong></span> <span class='ocrx_word' id='word_1_49' title='bbox 1044 749 1111 810; x_wconf 91' lang='lat' dir='ltr'><strong>prc-</strong></span> 
     </span>
     <span class='ocr_line' id='line_1_7' title="bbox 123 816 1112 895; baseline -0.002 -19"><span class='ocrx_word' id='word_1_50' title='bbox 123 817 195 894; x_wconf 90' lang='lat' dir='ltr'><strong>peris</strong></span> <span class='ocrx_word' id='word_1_51' title='bbox 208 816 303 876; x_wconf 89' lang='lat' dir='ltr'><strong>matris</strong></span> <span class='ocrx_word' id='word_1_52' title='bbox 321 817 414 875; x_wconf 90' lang='lat' dir='ltr'><strong>literis</strong></span> <span class='ocrx_word' id='word_1_53' title='bbox 428 816 554 883; x_wconf 88' lang='lat' dir='ltr'><strong>accitur;</strong></span> <span class='ocrx_word' id='word_1_54' title='bbox 576 831 672 894; x_wconf 88' lang='lat' dir='ltr'><strong>neque</strong></span> <span class='ocrx_word' id='word_1_55' title='bbox 688 817 758 875; x_wconf 90' lang='lat' dir='ltr'><strong>satis</strong></span> <span class='ocrx_word' id='word_1_56' title='bbox 776 828 946 895; x_wconf 87' lang='lat' dir='ltr'><strong>conpertum</strong></span> <span class='ocrx_word' id='word_1_57' title='bbox 969 824 1031 891; x_wconf 88' lang='lat' dir='ltr'><strong>est,</strong></span> <span class='ocrx_word' id='word_1_58' title='bbox 1054 817 1112 893; x_wconf 88' lang='lat' dir='ltr'><strong>spi·</strong></span> 
     </span>
     <span class='ocr_line' id='line_1_8' title="bbox 123 898 1112 977; baseline -0.003 -17"><span class='ocrx_word' id='word_1_59' title='bbox 123 910 220 960; x_wconf 91' lang='lat' dir='ltr'><strong>rautem</strong></span> <span class='ocrx_word' id='word_1_60' title='bbox 240 899 336 960; x_wconf 90' lang='lat' dir='ltr'><strong>adhuc</strong></span> <span class='ocrx_word' id='word_1_61' title='bbox 357 899 520 976; x_wconf 80' lang='lat' dir='ltr'><strong>Augustum</strong></span> <span class='ocrx_word' id='word_1_62' title='bbox 538 898 615 977; x_wconf 90' lang='lat' dir='ltr'><strong>apud</strong></span> <span class='ocrx_word' id='word_1_63' title='bbox 638 898 740 960; x_wconf 93' lang='lat' dir='ltr'><strong>urbem</strong></span> <span class='ocrx_word' id='word_1_64' title='bbox 761 898 864 962; x_wconf 91' lang='lat' dir='ltr'><strong>Nolam</strong></span> <span class='ocrx_word' id='word_1_65' title='bbox 893 920 929 962; x_wconf 93' lang='lat' dir='ltr'><strong>an</strong></span> <span class='ocrx_word' id='word_1_66' title='bbox 952 899 1112 960; x_wconf 89' lang='lat' dir='ltr'><strong>exanimem</strong></span> 
     </span>
     <span class='ocr_line' id='line_1_9' title="bbox 120 982 1112 1063; baseline -0.002 -19"><span class='ocrx_word' id='word_1_67' title='bbox 120 985 285 1063; x_wconf 77' lang='lat' dir='ltr'><strong>reppererit.</strong></span> <span class='ocrx_word' id='word_1_68' title='bbox 316 982 432 1044; x_wconf 92' lang='lat' dir='ltr'><strong>acribus</strong></span> <span class='ocrx_word' id='word_1_69' title='bbox 447 999 571 1062; x_wconf 89' lang='lat' dir='ltr'><strong>namque</strong></span> <span class='ocrx_word' id='word_1_70' title='bbox 587 983 726 1042; x_wconf 92' lang='lat' dir='ltr'><strong>custodiis</strong></span> <span class='ocrx_word' id='word_1_71' title='bbox 741 983 855 1045; x_wconf 92' lang='lat' dir='ltr'><strong>domum</strong></span> <span class='ocrx_word' id='word_1_72' title='bbox 871 987 977 1045; x_wconf 84' lang='lat' dir='ltr'><strong>etuias</strong></span> <span class='ocrx_word' id='word_1_73' title='bbox 992 1001 1112 1062; x_wconf 87' lang='lat' dir='ltr'><strong>saepse-</strong></span> 
     </span>
     <span class='ocr_line' id='line_1_10' title="bbox 120 1065 1148 1146; baseline 0.002 -19"><span class='ocrx_word' id='word_1_74' title='bbox 120 1067 264 1144; x_wconf 84' lang='lat' dir='ltr'><strong>ratbivia,</strong></span> <span class='ocrx_word' id='word_1_75' title='bbox 280 1067 408 1145; x_wconf 91' lang='lat' dir='ltr'><strong>laetique</strong></span> <span class='ocrx_word' id='word_1_76' title='bbox 421 1066 563 1126; x_wconf 88' lang='lat' dir='ltr'><strong>interdum</strong></span> <span class='ocrx_word' id='word_1_77' title='bbox 584 1067 673 1126; x_wconf 91' lang='lat' dir='ltr'><strong>nuntii</strong></span> <span class='ocrx_word' id='word_1_78' title='bbox 694 1065 902 1146; x_wconf 81' lang='lat' dir='ltr'><strong>vulgabantur,</strong></span> <span class='ocrx_word' id='word_1_79' title='bbox 925 1067 1019 1129; x_wconf 91' lang='lat' dir='ltr'><strong>donec</strong></span> <span class='ocrx_word' id='word_1_80' title='bbox 1045 1083 1112 1145; x_wconf 93' lang='lat' dir='ltr'><strong>pro·</strong></span> <span class='ocrx_word' id='word_1_81' title='bbox 1124 1089 1148 1129; x_wconf 85' lang='grc' dir='ltr'><strong>ιι</strong></span> 
     </span>
     <span class='ocr_line' id='line_1_11' title="bbox 119 1150 1112 1230; baseline -0.002 -18"><span class='ocrx_word' id='word_1_82' title='bbox 119 1153 179 1212; x_wconf 86' lang='lat' dir='ltr'><strong>risis</strong></span> <span class='ocrx_word' id='word_1_83' title='bbox 192 1169 271 1230; x_wconf 86' lang='lat' dir='ltr'><strong>quae</strong></span> <span class='ocrx_word' id='word_1_84' title='bbox 285 1162 399 1230; x_wconf 91' lang='lat' dir='ltr'><strong>tempus</strong></span> <span class='ocrx_word' id='word_1_85' title='bbox 416 1150 553 1211; x_wconf 90' lang='lat' dir='ltr'><strong>mouebat</strong></span> <span class='ocrx_word' id='word_1_86' title='bbox 567 1150 652 1210; x_wconf 89' lang='lat' dir='ltr'><strong>simul</strong></span> <span class='ocrx_word' id='word_1_87' title='bbox 667 1152 833 1213; x_wconf 82' lang='lat' dir='ltr'><strong>excessisse</strong></span> <span class='ocrx_word' id='word_1_88' title='bbox 848 1152 1010 1229; x_wconf 79' lang='lat' dir='ltr'><strong>Augustum</strong></span> <span class='ocrx_word' id='word_1_89' title='bbox 1026 1159 1055 1211; x_wconf 91' lang='lat' dir='ltr'><strong>et</strong></span> <span class='ocrx_word' id='word_1_90' title='bbox 1067 1169 1112 1210; x_wconf 90' lang='lat' dir='ltr'><strong>re·</strong></span> 
     </span>
     <span class='ocr_line' id='line_1_12' title="bbox 117 1233 730 1315; baseline -0.003 -19"><span class='ocrx_word' id='word_1_91' title='bbox 117 1255 169 1296; x_wconf 89' lang='lat' dir='ltr'><strong>rum</strong></span> <span class='ocrx_word' id='word_1_92' title='bbox 182 1236 274 1315; x_wconf 91' lang='lat' dir='ltr'><strong>potiri</strong></span> <span class='ocrx_word' id='word_1_93' title='bbox 287 1233 435 1294; x_wconf 86' lang='lat' dir='ltr'><strong>Neronem</strong></span> <span class='ocrx_word' id='word_1_94' title='bbox 451 1234 526 1295; x_wconf 86' lang='lat' dir='ltr'><strong>larua</strong></span> <span class='ocrx_word' id='word_1_95' title='bbox 542 1235 644 1295; x_wconf 88' lang='lat' dir='ltr'><strong>eadem</strong></span> <span class='ocrx_word' id='word_1_96' title='bbox 658 1234 730 1295; x_wconf 89' lang='lat' dir='ltr'><strong>tulit.</strong></span> 
     </span>
    </p>

    <p class='ocr_par' dir='ltr' id='par_1_3' title="bbox 110 1318 1139 2071">
     <span class='ocr_line' id='line_1_13' title="bbox 170 1318 1112 1399; baseline -0.002 -17"><span class='ocrx_word' id='word_1_97' title='bbox 170 1321 197 1382; x_wconf 82' lang='lat'><strong>6.</strong></span> <span class='ocrx_word' id='word_1_98' title='bbox 217 1319 345 1380; x_wconf 87' lang='lat' dir='ltr'><strong>Primum</strong></span> <span class='ocrx_word' id='word_1_99' title='bbox 360 1318 471 1379; x_wconf 84' lang='lat' dir='ltr'><strong>lacinus</strong></span> <span class='ocrx_word' id='word_1_100' title='bbox 483 1320 551 1379; x_wconf 86' lang='lat' dir='ltr'><strong>novi</strong></span> <span class='ocrx_word' id='word_1_101' title='bbox 565 1320 742 1397; x_wconf 85' lang='lat' dir='ltr'><strong>principatus</strong></span> <span class='ocrx_word' id='word_1_102' title='bbox 757 1319 810 1378; x_wconf 87' lang='lat' dir='ltr'><strong>luit</strong></span> <span class='ocrx_word' id='word_1_103' title='bbox 822 1319 949 1380; x_wconf 89' lang='lat' dir='ltr'><strong>Postumi</strong></span> <span class='ocrx_word' id='word_1_104' title='bbox 960 1321 1112 1399; x_wconf 80' lang='lat' dir='ltr'><strong>Agrippae</strong></span> 
     </span>
     <span class='ocr_line' id='line_1_14' title="bbox 115 1403 1112 1481; baseline -0.003 -16"><span class='ocrx_word' id='word_1_105' title='bbox 115 1405 236 1478; x_wconf 86' lang='lat' dir='ltr'><strong>caedes,</strong></span> <span class='ocrx_word' id='word_1_106' title='bbox 261 1420 346 1481; x_wconf 93' lang='lat' dir='ltr'><strong>quem</strong></span> <span class='ocrx_word' id='word_1_107' title='bbox 361 1403 490 1480; x_wconf 87' lang='lat' dir='ltr'><strong>ignarum</strong></span> <span class='ocrx_word' id='word_1_108' title='bbox 505 1404 702 1480; x_wconf 88' lang='lat' dir='ltr'><strong>inermumque</strong></span> <span class='ocrx_word' id='word_1_109' title='bbox 719 1403 848 1481; x_wconf 83' lang='lat' dir='ltr'><strong>quamvis</strong></span> <span class='ocrx_word' id='word_1_110' title='bbox 872 1403 999 1464; x_wconf 83' lang='lat' dir='ltr'><strong>firmatus</strong></span> <span class='ocrx_word' id='word_1_111' title='bbox 1019 1407 1112 1465; x_wconf 93' lang='lat' dir='ltr'><strong>animo</strong></span> 
     </span>
     <span class='ocr_line' id='line_1_15' title="bbox 114 1485 1112 1567; baseline -0.002 -18"><span class='ocrx_word' id='word_1_112' title='bbox 114 1489 243 1549; x_wconf 86' lang='lat' dir='ltr'><strong>centurio</strong></span> <span class='ocrx_word' id='word_1_113' title='bbox 259 1504 349 1564; x_wconf 82' lang='lat' dir='ltr'><strong>aegre</strong></span> <span class='ocrx_word' id='word_1_114' title='bbox 366 1487 501 1547; x_wconf 83' lang='lat' dir='ltr'><strong>coniecit.</strong></span> <span class='ocrx_word' id='word_1_115' title='bbox 531 1486 601 1546; x_wconf 84' lang='lat' dir='ltr'><strong>nihil</strong></span> <span class='ocrx_word' id='word_1_116' title='bbox 617 1486 653 1547; x_wconf 92' lang='lat' dir='ltr'><strong>de</strong></span> <span class='ocrx_word' id='word_1_117' title='bbox 671 1503 706 1545; x_wconf 88' lang='lat' dir='ltr'><strong>ea</strong></span> <span class='ocrx_word' id='word_1_118' title='bbox 728 1504 760 1545; x_wconf 90' lang='lat' dir='ltr'><strong>re</strong></span> <span class='ocrx_word' id='word_1_119' title='bbox 774 1485 908 1552; x_wconf 84' lang='lat' dir='ltr'><strong>&#39;liberius</strong></span> <span class='ocrx_word' id='word_1_120' title='bbox 931 1488 1007 1567; x_wconf 88' lang='lat' dir='ltr'><strong>apud</strong></span> <span class='ocrx_word' id='word_1_121' title='bbox 1028 1506 1112 1547; x_wconf 89' lang='lat' dir='ltr'><strong>sena·</strong></span> 
     </span>
     <span class='ocr_line' id='line_1_16' title="bbox 114 1570 1114 1651; baseline -0.002 -19"><span class='ocrx_word' id='word_1_122' title='bbox 114 1585 160 1634; x_wconf 89' lang='lat' dir='ltr'><strong>tun</strong></span> <span class='ocrx_word' id='word_1_123' title='bbox 177 1572 339 1635; x_wconf 73' lang='lat' dir='ltr'><strong>disseruit:</strong></span> <span class='ocrx_word' id='word_1_124' title='bbox 356 1573 445 1650; x_wconf 89' lang='lat' dir='ltr'><strong>patris</strong></span> <span class='ocrx_word' id='word_1_125' title='bbox 465 1572 544 1632; x_wconf 83' lang='lat' dir='ltr'><strong>iussa</strong></span> <span class='ocrx_word' id='word_1_126' title='bbox 559 1570 727 1645; x_wconf 78' lang='lat' dir='ltr'><strong>simulabat,</strong></span> <span class='ocrx_word' id='word_1_127' title='bbox 746 1570 849 1649; x_wconf 91' lang='lat' dir='ltr'><strong>quibus</strong></span> <span class='ocrx_word' id='word_1_128' title='bbox 872 1572 1114 1651; x_wconf 78' lang='lat' dir='ltr'><strong>praescripsisset</strong></span> 
     </span>
     <span class='ocr_line' id='line_1_17' title="bbox 113 1654 1139 1733; baseline -0.001 -16"><span class='ocrx_word' id='word_1_129' title='bbox 113 1658 226 1719; x_wconf 84' lang='lat' dir='ltr'><strong>tribuno</strong></span> <span class='ocrx_word' id='word_1_130' title='bbox 242 1654 392 1716; x_wconf 88' lang='lat' dir='ltr'><strong>custodiae</strong></span> <span class='ocrx_word' id='word_1_131' title='bbox 408 1655 561 1733; x_wconf 91' lang='lat' dir='ltr'><strong>adposito,</strong></span> <span class='ocrx_word' id='word_1_132' title='bbox 582 1674 619 1714; x_wconf 87' lang='lat' dir='ltr'><strong>ne</strong></span> <span class='ocrx_word' id='word_1_133' title='bbox 637 1662 820 1714; x_wconf 88' lang='lat' dir='ltr'><strong>cunctaretur</strong></span> <span class='ocrx_word' id='word_1_134' title='bbox 838 1654 999 1733; x_wconf 76' lang='lat' dir='ltr'><strong>Agrippam</strong></span> <span class='ocrx_word' id='word_1_135' title='bbox 1019 1665 1139 1716; x_wconf 80' lang='lat' dir='ltr'><strong>mortes</strong></span> 
     </span>
     <span class='ocr_line' id='line_1_18' title="bbox 111 1737 1115 1819; baseline -0.004 -17"><span class='ocrx_word' id='word_1_136' title='bbox 111 1744 253 1814; x_wconf 85' lang='lat' dir='ltr'><strong>allicere,</strong></span> <span class='ocrx_word' id='word_1_137' title='bbox 271 1737 445 1819; x_wconf 85' lang='lat' dir='ltr'><strong>quandoque</strong></span> <span class='ocrx_word' id='word_1_138' title='bbox 461 1740 526 1817; x_wconf 88' lang='lat' dir='ltr'><strong>ipse</strong></span> <span class='ocrx_word' id='word_1_139' title='bbox 541 1755 706 1817; x_wconf 93' lang='lat' dir='ltr'><strong>supremum</strong></span> <span class='ocrx_word' id='word_1_140' title='bbox 721 1737 796 1798; x_wconf 92' lang='lat' dir='ltr'><strong>diem</strong></span> <span class='ocrx_word' id='word_1_141' title='bbox 813 1739 1005 1816; x_wconf 84' lang='lat' dir='ltr'><strong>explevisset.</strong></span> <span class='ocrx_word' id='word_1_142' title='bbox 1027 1739 1115 1799; x_wconf 90' lang='lat' dir='ltr'><strong>multa</strong></span> 
     </span>
     <span class='ocr_line' id='line_1_19' title="bbox 111 1820 1113 1901; baseline -0.005 -15"><span class='ocrx_word' id='word_1_143' title='bbox 111 1829 167 1888; x_wconf 90' lang='lat' dir='ltr'><strong>sine</strong></span> <span class='ocrx_word' id='word_1_144' title='bbox 186 1823 278 1886; x_wconf 89' lang='lat' dir='ltr'><strong>dubio</strong></span> <span class='ocrx_word' id='word_1_145' title='bbox 293 1839 440 1901; x_wconf 87' lang='lat' dir='ltr'><strong>saevaque</strong></span> <span class='ocrx_word' id='word_1_146' title='bbox 454 1824 602 1900; x_wconf 77' lang='lat' dir='ltr'><strong>Augustus</strong></span> <span class='ocrx_word' id='word_1_147' title='bbox 618 1823 655 1882; x_wconf 90' lang='lat' dir='ltr'><strong>de</strong></span> <span class='ocrx_word' id='word_1_148' title='bbox 672 1820 799 1881; x_wconf 89' lang='lat' dir='ltr'><strong>moribus</strong></span> <span class='ocrx_word' id='word_1_149' title='bbox 826 1822 1022 1883; x_wconf 90' lang='lat' dir='ltr'><strong>adulescentis</strong></span> <span class='ocrx_word' id='word_1_150' title='bbox 1044 1841 1113 1901; x_wconf 94' lang='lat' dir='ltr'><strong>que·</strong></span> 
     </span>
     <span class='ocr_line' id='line_1_20' title="bbox 111 1903 1112 1986; baseline -0.006 -15"><span class='ocrx_word' id='word_1_151' title='bbox 111 1921 180 1986; x_wconf 90' lang='lat' dir='ltr'><strong>stus,</strong></span> <span class='ocrx_word' id='word_1_152' title='bbox 198 1918 231 1969; x_wconf 90' lang='lat' dir='ltr'><strong>ut</strong></span> <span class='ocrx_word' id='word_1_153' title='bbox 247 1906 363 1967; x_wconf 88' lang='lat' dir='ltr'><strong>exilium</strong></span> <span class='ocrx_word' id='word_1_154' title='bbox 379 1907 441 1966; x_wconf 90' lang='lat' dir='ltr'><strong>eius</strong></span> <span class='ocrx_word' id='word_1_155' title='bbox 456 1916 572 1968; x_wconf 90' lang='lat' dir='ltr'><strong>senatus</strong></span> <span class='ocrx_word' id='word_1_156' title='bbox 595 1903 728 1966; x_wconf 91' lang='lat' dir='ltr'><strong>consulto</strong></span> <span class='ocrx_word' id='word_1_157' title='bbox 748 1907 908 1966; x_wconf 88' lang='lat' dir='ltr'><strong>sanciretur</strong></span> <span class='ocrx_word' id='word_1_158' title='bbox 929 1908 1112 1984; x_wconf 80' lang='lat' dir='ltr'><strong>perfecerat:</strong></span> 
     </span>
     <span class='ocr_line' id='line_1_21' title="bbox 110 1988 1112 2071; baseline -0.006 -16"><span class='ocrx_word' id='word_1_159' title='bbox 110 2005 242 2054; x_wconf 91' lang='lat' dir='ltr'><strong>ceterum</strong></span> <span class='ocrx_word' id='word_1_160' title='bbox 256 1993 284 2050; x_wconf 94' lang='lat' dir='ltr'><strong>in</strong></span> <span class='ocrx_word' id='word_1_161' title='bbox 294 1989 400 2051; x_wconf 89' lang='lat' dir='ltr'><strong>nullius</strong></span> <span class='ocrx_word' id='word_1_162' title='bbox 411 2007 544 2070; x_wconf 91' lang='lat' dir='ltr'><strong>umquam</strong></span> <span class='ocrx_word' id='word_1_163' title='bbox 555 2007 672 2050; x_wconf 92' lang='lat' dir='ltr'><strong>suorum</strong></span> <span class='ocrx_word' id='word_1_164' title='bbox 682 2006 786 2050; x_wconf 88' lang='lat' dir='ltr'><strong>necem</strong></span> <span class='ocrx_word' id='word_1_165' title='bbox 797 1988 919 2065; x_wconf 88' lang='lat' dir='ltr'><strong>duravit,</strong></span> <span class='ocrx_word' id='word_1_166' title='bbox 930 1991 1112 2071; x_wconf 85' lang='lat' dir='ltr'><strong>nequemor·</strong></span> 
     </span>
    </p>

    <p class='ocr_par' dir='ltr' id='par_1_4' title="bbox 49 2073 1152 3148">
     <span class='ocr_line' id='line_1_22' title="bbox 49 2073 1149 2154; baseline -0.006 -15"><span class='ocrx_word' id='word_1_167' title='bbox 49 2117 53 2126; x_wconf 44' lang='grc' dir='ltr'>ι</span> <span class='ocrx_word' id='word_1_168' title='bbox 109 2087 167 2139; x_wconf 89' lang='lat' dir='ltr'><strong>tem</strong></span> <span class='ocrx_word' id='word_1_169' title='bbox 183 2076 284 2154; x_wconf 90' lang='lat' dir='ltr'><strong>nepoti</strong></span> <span class='ocrx_word' id='word_1_170' title='bbox 297 2092 349 2151; x_wconf 93' lang='lat' dir='ltr'><strong>pro</strong></span> <span class='ocrx_word' id='word_1_171' title='bbox 365 2075 522 2135; x_wconf 88' lang='lat' dir='ltr'><strong>securitate</strong></span> <span class='ocrx_word' id='word_1_172' title='bbox 533 2075 657 2153; x_wconf 80' lang='lat' dir='ltr'><strong>privigni</strong></span> <span class='ocrx_word' id='word_1_173' title='bbox 668 2073 785 2134; x_wconf 89' lang='lat' dir='ltr'><strong>inlatam</strong></span> <span class='ocrx_word' id='word_1_174' title='bbox 798 2073 940 2134; x_wconf 87' lang='lat' dir='ltr'><strong>credibile</strong></span> <span class='ocrx_word' id='word_1_175' title='bbox 955 2084 1026 2144; x_wconf 80' lang='lat' dir='ltr'><strong>erat</strong></span> <span class='ocrx_word' id='word_1_176' title='bbox 1046 2091 1149 2152; x_wconf 76' lang='lat' dir='ltr'><strong>pro-10</strong></span> 
     </span>
     <span class='ocr_line' id='line_1_23' title="bbox 110 2157 1115 2241; baseline -0.006 -19"><span class='ocrx_word' id='word_1_177' title='bbox 110 2163 175 2241; x_wconf 93' lang='lat' dir='ltr'><strong>pius</strong></span> <span class='ocrx_word' id='word_1_178' title='bbox 191 2177 264 2220; x_wconf 88' lang='lat' dir='ltr'><strong>vero</strong></span> <span class='ocrx_word' id='word_1_179' title='bbox 280 2157 427 2220; x_wconf 86' lang='lat' dir='ltr'><strong>&#39;liberium</strong></span> <span class='ocrx_word' id='word_1_180' title='bbox 444 2177 480 2219; x_wconf 91' lang='lat' dir='ltr'><strong>ac</strong></span> <span class='ocrx_word' id='word_1_181' title='bbox 491 2157 610 2236; x_wconf 84' lang='lat' dir='ltr'><strong>Liviam,</strong></span> <span class='ocrx_word' id='word_1_182' title='bbox 626 2158 705 2218; x_wconf 92' lang='lat' dir='ltr'><strong>illum</strong></span> <span class='ocrx_word' id='word_1_183' title='bbox 717 2166 804 2232; x_wconf 89' lang='lat' dir='ltr'><strong>metu,</strong></span> <span class='ocrx_word' id='word_1_184' title='bbox 821 2157 896 2218; x_wconf 91' lang='lat' dir='ltr'><strong>hanc</strong></span> <span class='ocrx_word' id='word_1_185' title='bbox 908 2158 1115 2219; x_wconf 89' lang='lat' dir='ltr'><strong>novercalibus</strong></span> 
     </span>
     <span class='ocr_line' id='line_1_24' title="bbox 109 2241 1116 2322; baseline -0.007 -14"><span class='ocrx_word' id='word_1_186' title='bbox 109 2245 197 2322; x_wconf 90' lang='lat' dir='ltr'><strong>odiis,</strong></span> <span class='ocrx_word' id='word_1_187' title='bbox 214 2244 345 2322; x_wconf 88' lang='lat' dir='ltr'><strong>suspecti</strong></span> <span class='ocrx_word' id='word_1_188' title='bbox 359 2252 389 2303; x_wconf 87' lang='lat' dir='ltr'><strong>et</strong></span> <span class='ocrx_word' id='word_1_189' title='bbox 400 2242 484 2302; x_wconf 89' lang='lat' dir='ltr'><strong>invisi</strong></span> <span class='ocrx_word' id='word_1_190' title='bbox 496 2242 607 2302; x_wconf 89' lang='lat' dir='ltr'><strong>iuvenis</strong></span> <span class='ocrx_word' id='word_1_191' title='bbox 620 2241 740 2302; x_wconf 89' lang='lat' dir='ltr'><strong>caedem</strong></span> <span class='ocrx_word' id='word_1_192' title='bbox 754 2241 950 2302; x_wconf 86' lang='lat' dir='ltr'><strong>iestiuavisse.</strong></span> <span class='ocrx_word' id='word_1_193' title='bbox 978 2243 1116 2302; x_wconf 85' lang='lat' dir='ltr'><strong>nuntianti</strong></span> 
     </span>
     <span class='ocr_line' id='line_1_25' title="bbox 109 2324 1115 2405; baseline -0.007 -14"><span class='ocrx_word' id='word_1_194' title='bbox 109 2329 286 2403; x_wconf 90' lang='lat' dir='ltr'><strong>centurioni,</strong></span> <span class='ocrx_word' id='word_1_195' title='bbox 305 2335 335 2386; x_wconf 97' lang='lat' dir='ltr'><strong>ut</strong></span> <span class='ocrx_word' id='word_1_196' title='bbox 349 2343 412 2387; x_wconf 91' lang='lat' dir='ltr'><strong>mos</strong></span> <span class='ocrx_word' id='word_1_197' title='bbox 427 2325 558 2402; x_wconf 85' lang='lat' dir='ltr'><strong>militiae,</strong></span> <span class='ocrx_word' id='word_1_198' title='bbox 576 2326 683 2387; x_wconf 87' lang='lat' dir='ltr'><strong>lactum</strong></span> <span class='ocrx_word' id='word_1_199' title='bbox 695 2342 763 2385; x_wconf 90' lang='lat' dir='ltr'><strong>esse</strong></span> <span class='ocrx_word' id='word_1_200' title='bbox 775 2324 853 2404; x_wconf 94' lang='lat' dir='ltr'><strong>quod</strong></span> <span class='ocrx_word' id='word_1_201' title='bbox 864 2325 1048 2405; x_wconf 88' lang='lat' dir='ltr'><strong>imperasset,</strong></span> <span class='ocrx_word' id='word_1_202' title='bbox 1065 2344 1115 2385; x_wconf 92' lang='lat' dir='ltr'><strong>ne·</strong></span> 
     </span>
     <span class='ocr_line' id='line_1_26' title="bbox 109 2408 1115 2493; baseline -0.005 -18"><span class='ocrx_word' id='word_1_203' title='bbox 109 2415 348 2493; x_wconf 84' lang='lat' dir='ltr'><strong>que-imperasse</strong></span> <span class='ocrx_word' id='word_1_204' title='bbox 363 2429 432 2470; x_wconf 91' lang='lat' dir='ltr'><strong>sese</strong></span> <span class='ocrx_word' id='word_1_205' title='bbox 449 2419 479 2469; x_wconf 93' lang='lat' dir='ltr'><strong>et</strong></span> <span class='ocrx_word' id='word_1_206' title='bbox 498 2411 638 2472; x_wconf 90' lang='lat' dir='ltr'><strong>rationem</strong></span> <span class='ocrx_word' id='word_1_207' title='bbox 654 2410 724 2470; x_wconf 87' lang='lat' dir='ltr'><strong>lacti</strong></span> <span class='ocrx_word' id='word_1_208' title='bbox 739 2408 916 2469; x_wconf 90' lang='lat' dir='ltr'><strong>reddendam</strong></span> <span class='ocrx_word' id='word_1_209' title='bbox 933 2409 1009 2488; x_wconf 91' lang='lat' dir='ltr'><strong>apud</strong></span> <span class='ocrx_word' id='word_1_210' title='bbox 1031 2427 1115 2470; x_wconf 89' lang='lat' dir='ltr'><strong>seua·</strong></span> 
     </span>
     <span class='ocr_line' id='line_1_27' title="bbox 110 2489 1151 2576; baseline -0.003 -17"><span class='ocrx_word' id='word_1_211' title='bbox 110 2509 168 2559; x_wconf 87' lang='lat' dir='ltr'><strong>tum</strong></span> <span class='ocrx_word' id='word_1_212' title='bbox 183 2495 346 2574; x_wconf 88' lang='lat' dir='ltr'><strong>respondit.</strong></span> <span class='ocrx_word' id='word_1_213' title='bbox 380 2494 457 2572; x_wconf 90' lang='lat' dir='ltr'><strong>quod</strong></span> <span class='ocrx_word' id='word_1_214' title='bbox 477 2503 631 2576; x_wconf 80' lang='lat' dir='ltr'><strong>postquam</strong></span> <span class='ocrx_word' id='word_1_215' title='bbox 651 2492 805 2554; x_wconf 90' lang='lat' dir='ltr'><strong>Sallustius</strong></span> <span class='ocrx_word' id='word_1_216' title='bbox 822 2489 942 2571; x_wconf 69' lang='lat' dir='ltr'><strong>Crispus</strong></span> <span class='ocrx_word' id='word_1_217' title='bbox 967 2494 1115 2573; x_wconf 88' lang='lat' dir='ltr'><strong>particeps</strong></span> <span class='ocrx_word' id='word_1_218' title='bbox 1125 2515 1151 2556; x_wconf 82' lang='lat' dir='ltr'><strong>us</strong></span> 
     </span>
     <span class='ocr_line' id='line_1_28' title="bbox 109 2577 1116 2658; baseline -0.005 -15"><span class='ocrx_word' id='word_1_219' title='bbox 109 2590 293 2642; x_wconf 89' lang='lat' dir='ltr'><strong>secretorum</strong></span> <span class='ocrx_word' id='word_1_220' title='bbox 309 2579 350 2658; x_wconf 92' lang='lat' dir='ltr'><strong>(is</strong></span> <span class='ocrx_word' id='word_1_221' title='bbox 368 2579 405 2639; x_wconf 92' lang='lat' dir='ltr'><strong>ad</strong></span> <span class='ocrx_word' id='word_1_222' title='bbox 419 2578 561 2638; x_wconf 89' lang='lat' dir='ltr'><strong>tribunum</strong></span> <span class='ocrx_word' id='word_1_223' title='bbox 571 2580 689 2638; x_wconf 90' lang='lat' dir='ltr'><strong>miserat</strong></span> <span class='ocrx_word' id='word_1_224' title='bbox 703 2577 873 2656; x_wconf 91' lang='lat' dir='ltr'><strong>codicillos)</strong></span> <span class='ocrx_word' id='word_1_225' title='bbox 886 2579 1037 2657; x_wconf 86' lang='lat' dir='ltr'><strong>comperit,</strong></span> <span class='ocrx_word' id='word_1_226' title='bbox 1056 2595 1116 2638; x_wconf 92' lang='lat' dir='ltr'><strong>me·</strong></span> 
     </span>
     <span class='ocr_line' id='line_1_29' title="bbox 109 2661 1116 2742; baseline -0.006 -14"><span class='ocrx_word' id='word_1_227' title='bbox 109 2676 194 2728; x_wconf 89' lang='lat' dir='ltr'><strong>tuens</strong></span> <span class='ocrx_word' id='word_1_228' title='bbox 209 2682 246 2724; x_wconf 90' lang='lat' dir='ltr'><strong>ne</strong></span> <span class='ocrx_word' id='word_1_229' title='bbox 262 2681 330 2723; x_wconf 87' lang='lat' dir='ltr'><strong>reus</strong></span> <span class='ocrx_word' id='word_1_230' title='bbox 343 2661 526 2738; x_wconf 91' lang='lat' dir='ltr'><strong>subderetur,</strong></span> <span class='ocrx_word' id='word_1_231' title='bbox 543 2663 621 2724; x_wconf 85' lang='lat' dir='ltr'><strong>iuxta</strong></span> <span class='ocrx_word' id='word_1_232' title='bbox 636 2662 804 2740; x_wconf 88' lang='lat' dir='ltr'><strong>periculoso</strong></span> <span class='ocrx_word' id='word_1_233' title='bbox 821 2662 888 2722; x_wconf 87' lang='lat' dir='ltr'><strong>licta</strong></span> <span class='ocrx_word' id='word_1_234' title='bbox 901 2680 953 2722; x_wconf 91' lang='lat' dir='ltr'><strong>seu</strong></span> <span class='ocrx_word' id='word_1_235' title='bbox 966 2677 1036 2722; x_wconf 90' lang='lat' dir='ltr'><strong>vera</strong></span> <span class='ocrx_word' id='word_1_236' title='bbox 1048 2679 1116 2742; x_wconf 92' lang='lat' dir='ltr'><strong>pro·</strong></span> 
     </span>
     <span class='ocr_line' id='line_1_30' title="bbox 108 2746 1115 2825; baseline -0.004 -15"><span class='ocrx_word' id='word_1_237' title='bbox 108 2758 213 2825; x_wconf 90' lang='lat' dir='ltr'><strong>meret,</strong></span> <span class='ocrx_word' id='word_1_238' title='bbox 225 2749 335 2807; x_wconf 89' lang='lat' dir='ltr'><strong>monuit</strong></span> <span class='ocrx_word' id='word_1_239' title='bbox 347 2747 455 2807; x_wconf 87' lang='lat' dir='ltr'><strong>Liviam</strong></span> <span class='ocrx_word' id='word_1_240' title='bbox 467 2765 503 2807; x_wconf 91' lang='lat' dir='ltr'><strong>ne</strong></span> <span class='ocrx_word' id='word_1_241' title='bbox 515 2764 620 2808; x_wconf 90' lang='lat' dir='ltr'><strong>arcana</strong></span> <span class='ocrx_word' id='word_1_242' title='bbox 635 2748 747 2820; x_wconf 86' lang='lat' dir='ltr'><strong>domus,</strong></span> <span class='ocrx_word' id='word_1_243' title='bbox 765 2763 802 2804; x_wconf 93' lang='lat' dir='ltr'><strong>ne</strong></span> <span class='ocrx_word' id='word_1_244' title='bbox 815 2746 935 2806; x_wconf 89' lang='lat' dir='ltr'><strong>consilia</strong></span> <span class='ocrx_word' id='word_1_245' title='bbox 947 2747 1115 2823; x_wconf 92' lang='lat' dir='ltr'><strong>amicorum,</strong></span> 
     </span>
     <span class='ocr_line' id='line_1_31' title="bbox 109 2829 1114 2909; baseline -0.006 -15"><span class='ocrx_word' id='word_1_246' title='bbox 109 2833 269 2894; x_wconf 86' lang='lat' dir='ltr'><strong>ministeria</strong></span> <span class='ocrx_word' id='word_1_247' title='bbox 283 2831 403 2891; x_wconf 91' lang='lat' dir='ltr'><strong>militum</strong></span> <span class='ocrx_word' id='word_1_248' title='bbox 424 2831 628 2909; x_wconf 87' lang='lat' dir='ltr'><strong>vulgarentur,</strong></span> <span class='ocrx_word' id='word_1_249' title='bbox 650 2848 725 2891; x_wconf 88' lang='lat' dir='ltr'><strong>neve</strong></span> <span class='ocrx_word' id='word_1_250' title='bbox 740 2829 874 2891; x_wconf 83' lang='lat' dir='ltr'><strong>Tiberius</strong></span> <span class='ocrx_word' id='word_1_251' title='bbox 893 2831 951 2889; x_wconf 92' lang='lat' dir='ltr'><strong>vim</strong></span> <span class='ocrx_word' id='word_1_252' title='bbox 972 2830 1114 2909; x_wconf 87' lang='lat' dir='ltr'><strong>principa-</strong></span> 
     </span>
     <span class='ocr_line' id='line_1_32' title="bbox 108 2913 1152 2979; baseline -0.008 0"><span class='ocrx_word' id='word_1_253' title='bbox 108 2929 155 2979; x_wconf 87' lang='lat' dir='ltr'><strong>tus</strong></span> <span class='ocrx_word' id='word_1_254' title='bbox 170 2917 338 2978; x_wconf 84' lang='lat' dir='ltr'><strong>resolveret</strong></span> <span class='ocrx_word' id='word_1_255' title='bbox 354 2925 456 2976; x_wconf 89' lang='lat' dir='ltr'><strong>cuncta</strong></span> <span class='ocrx_word' id='word_1_256' title='bbox 472 2915 508 2976; x_wconf 92' lang='lat' dir='ltr'><strong>ad</strong></span> <span class='ocrx_word' id='word_1_257' title='bbox 522 2924 652 2976; x_wconf 88' lang='lat' dir='ltr'><strong>senatum</strong></span> <span class='ocrx_word' id='word_1_258' title='bbox 667 2915 814 2977; x_wconf 87' lang='lat' dir='ltr'><strong>vocando:</strong></span> <span class='ocrx_word' id='word_1_259' title='bbox 832 2931 896 2974; x_wconf 90' lang='lat' dir='ltr'><strong>eam</strong></span> <span class='ocrx_word' id='word_1_260' title='bbox 917 2913 1115 2974; x_wconf 89' lang='lat' dir='ltr'><strong>condicionem</strong></span> <span class='ocrx_word' id='word_1_261' title='bbox 1126 2931 1152 2970; x_wconf 82' lang='grc' dir='ltr'><strong>ιο</strong></span> 
     </span>
     <span class='ocr_line' id='line_1_33' title="bbox 108 2997 1116 3080; baseline -0.004 -18"><span class='ocrx_word' id='word_1_262' title='bbox 108 3021 178 3062; x_wconf 86' lang='lat' dir='ltr'><strong>esse</strong></span> <span class='ocrx_word' id='word_1_263' title='bbox 194 2999 368 3080; x_wconf 87' lang='lat' dir='ltr'><strong>imperandi,</strong></span> <span class='ocrx_word' id='word_1_264' title='bbox 384 3009 414 3060; x_wconf 93' lang='lat' dir='ltr'><strong>ut</strong></span> <span class='ocrx_word' id='word_1_265' title='bbox 431 3015 488 3059; x_wconf 91' lang='lat' dir='ltr'><strong>non</strong></span> <span class='ocrx_word' id='word_1_266' title='bbox 502 2999 587 3060; x_wconf 91' lang='lat' dir='ltr'><strong>aliter</strong></span> <span class='ocrx_word' id='word_1_267' title='bbox 604 3000 677 3059; x_wconf 91' lang='lat' dir='ltr'><strong>ratio</strong></span> <span class='ocrx_word' id='word_1_268' title='bbox 697 3008 811 3059; x_wconf 88' lang='lat' dir='ltr'><strong>constet</strong></span> <span class='ocrx_word' id='word_1_269' title='bbox 833 3015 917 3077; x_wconf 91' lang='lat' dir='ltr'><strong>quam</strong></span> <span class='ocrx_word' id='word_1_270' title='bbox 934 3000 960 3059; x_wconf 93' lang='lat' dir='ltr'><strong>si</strong></span> <span class='ocrx_word' id='word_1_271' title='bbox 980 2999 1028 3058; x_wconf 90' lang='lat' dir='ltr'><strong>uni</strong></span> <span class='ocrx_word' id='word_1_272' title='bbox 1048 2997 1116 3058; x_wconf 90' lang='lat' dir='ltr'><strong>red-</strong></span> 
     </span>
     <span class='ocr_line' id='line_1_34' title="bbox 106 3086 203 3148; baseline -0.01 -1"><span class='ocrx_word' id='word_1_273' title='bbox 106 3086 203 3148; x_wconf 88' lang='lat' dir='ltr'><strong>datur.</strong></span> 
     </span>
    </p>

    <p class='ocr_par' dir='ltr' id='par_1_5' title="bbox 108 3167 1117 3418">
     <span class='ocr_line' id='line_1_35' title="bbox 174 3167 1114 3246; baseline -0.01 -13"><span class='ocrx_word' id='word_1_274' title='bbox 174 3173 204 3231; x_wconf 82' lang='lat'><strong>7.</strong></span> <span class='ocrx_word' id='word_1_275' title='bbox 227 3173 268 3232; x_wconf 80' lang='lat' dir='ltr'><strong>At</strong></span> <span class='ocrx_word' id='word_1_276' title='bbox 282 3171 392 3232; x_wconf 84' lang='lat' dir='ltr'><strong>Romae</strong></span> <span class='ocrx_word' id='word_1_277' title='bbox 407 3187 494 3229; x_wconf 88' lang='lat' dir='ltr'><strong>ruere</strong></span> <span class='ocrx_word' id='word_1_278' title='bbox 509 3170 537 3228; x_wconf 93' lang='lat' dir='ltr'><strong>in</strong></span> <span class='ocrx_word' id='word_1_279' title='bbox 552 3169 699 3229; x_wconf 90' lang='lat' dir='ltr'><strong>servitium</strong></span> <span class='ocrx_word' id='word_1_280' title='bbox 718 3167 865 3244; x_wconf 90' lang='lat' dir='ltr'><strong>consules,</strong></span> <span class='ocrx_word' id='word_1_281' title='bbox 883 3179 994 3246; x_wconf 90' lang='lat' dir='ltr'><strong>patres,</strong></span> <span class='ocrx_word' id='word_1_282' title='bbox 1012 3185 1114 3245; x_wconf 87' lang='lat' dir='ltr'><strong>eques.</strong></span> 
     </span>
     <span class='ocr_line' id='line_1_36' title="bbox 108 3249 1115 3335; baseline -0.008 -19"><span class='ocrx_word' id='word_1_283' title='bbox 108 3264 221 3334; x_wconf 87' lang='lat' dir='ltr'><strong>quanto</strong></span> <span class='ocrx_word' id='word_1_284' title='bbox 237 3257 303 3335; x_wconf 86' lang='lat' dir='ltr'><strong>quis</strong></span> <span class='ocrx_word' id='word_1_285' title='bbox 317 3254 476 3329; x_wconf 89' lang='lat' dir='ltr'><strong>inlustrior,</strong></span> <span class='ocrx_word' id='word_1_286' title='bbox 493 3261 572 3313; x_wconf 91' lang='lat' dir='ltr'><strong>tanto</strong></span> <span class='ocrx_word' id='word_1_287' title='bbox 588 3253 680 3330; x_wconf 80' lang='lat' dir='ltr'><strong>magis</strong></span> <span class='ocrx_word' id='word_1_288' title='bbox 694 3251 761 3313; x_wconf 89' lang='lat' dir='ltr'><strong>lalsi</strong></span> <span class='ocrx_word' id='word_1_289' title='bbox 772 3271 807 3313; x_wconf 93' lang='lat' dir='ltr'><strong>ac</strong></span> <span class='ocrx_word' id='word_1_290' title='bbox 823 3253 1005 3326; x_wconf 80' lang='lat' dir='ltr'><strong>festinantes,</strong></span> <span class='ocrx_word' id='word_1_291' title='bbox 1022 3249 1115 3309; x_wconf 86' lang='lat' dir='ltr'><strong>vultu·</strong></span> 
     </span>
     <span class='ocr_line' id='line_1_37' title="bbox 109 3334 1117 3418; baseline -0.009 -19"><span class='ocrx_word' id='word_1_292' title='bbox 109 3357 169 3418; x_wconf 91' lang='lat' dir='ltr'><strong>que</strong></span> <span class='ocrx_word' id='word_1_293' title='bbox 189 3339 372 3418; x_wconf 88' lang='lat' dir='ltr'><strong>composito,</strong></span> <span class='ocrx_word' id='word_1_294' title='bbox 394 3357 431 3398; x_wconf 88' lang='lat' dir='ltr'><strong>ne</strong></span> <span class='ocrx_word' id='word_1_295' title='bbox 447 3336 516 3398; x_wconf 88' lang='lat' dir='ltr'><strong>laeti</strong></span> <span class='ocrx_word' id='word_1_296' title='bbox 532 3355 657 3398; x_wconf 88' lang='lat' dir='ltr'><strong>excessu</strong></span> <span class='ocrx_word' id='word_1_297' title='bbox 670 3338 809 3416; x_wconf 91' lang='lat' dir='ltr'><strong>principis</strong></span> <span class='ocrx_word' id='word_1_298' title='bbox 825 3354 882 3396; x_wconf 91' lang='lat' dir='ltr'><strong>neu</strong></span> <span class='ocrx_word' id='word_1_299' title='bbox 903 3336 1047 3395; x_wconf 89' lang='lat' dir='ltr'><strong>tristiores</strong></span> <span class='ocrx_word' id='word_1_300' title='bbox 1059 3334 1117 3410; x_wconf 93' lang='lat' dir='ltr'><strong>pri·</strong></span> 
     </span>
    </p>
   </div>
   <div class='ocr_carea' id='block_1_3' title="bbox 109 3407 1141 3587">
    <p class='ocr_par' dir='ltr' id='par_1_6' title="bbox 109 3407 1141 3587">
     <span class='ocr_line' id='line_1_38' title="bbox 109 3407 1116 3502; baseline -0.012 -19"><span class='ocrx_word' id='word_1_301' title='bbox 109 3425 243 3502; x_wconf 90' lang='lat' dir='ltr'><strong>mordio,</strong></span> <span class='ocrx_word' id='word_1_302' title='bbox 264 3424 398 3486; x_wconf 89' lang='lat' dir='ltr'><strong>lacrimas</strong></span> <span class='ocrx_word' id='word_1_303' title='bbox 419 3422 570 3500; x_wconf 80' lang='lat' dir='ltr'><strong>gaudium,</strong></span> <span class='ocrx_word' id='word_1_304' title='bbox 597 3431 714 3499; x_wconf 89' lang='lat' dir='ltr'><strong>questus</strong></span> <span class='ocrx_word' id='word_1_305' title='bbox 735 3420 927 3480; x_wconf 88' lang='lat' dir='ltr'><strong>adulationem</strong></span> <span class='ocrx_word' id='word_1_306' title='bbox 946 3407 1116 3476; x_wconf 82' lang='lat' dir='ltr'><strong>miscebant.</strong></span> 
     </span>
     <span class='ocr_line' id='line_1_39' title="bbox 109 3493 1141 3587; baseline -0.009 -21"><span class='ocrx_word' id='word_1_307' title='bbox 109 3507 183 3568; x_wconf 88' lang='lat' dir='ltr'><strong>Sex.</strong></span> <span class='ocrx_word' id='word_1_308' title='bbox 205 3508 362 3587; x_wconf 89' lang='lat' dir='ltr'><strong>Pompeius</strong></span> <span class='ocrx_word' id='word_1_309' title='bbox 386 3516 415 3567; x_wconf 91' lang='lat' dir='ltr'><strong>et</strong></span> <span class='ocrx_word' id='word_1_310' title='bbox 434 3507 504 3566; x_wconf 88' lang='lat' dir='ltr'><strong>Sex.</strong></span> <span class='ocrx_word' id='word_1_311' title='bbox 529 3504 691 3584; x_wconf 80' lang='lat' dir='ltr'><strong>Appuleius</strong></span> <span class='ocrx_word' id='word_1_312' title='bbox 716 3502 852 3563; x_wconf 90' lang='lat' dir='ltr'><strong>consules</strong></span> <span class='ocrx_word' id='word_1_313' title='bbox 877 3498 961 3577; x_wconf 90' lang='lat' dir='ltr'><strong>primi</strong></span> <span class='ocrx_word' id='word_1_314' title='bbox 975 3499 1004 3556; x_wconf 91' lang='lat' dir='ltr'><strong>in</strong></span> <span class='ocrx_word' id='word_1_315' title='bbox 1025 3493 1141 3557; x_wconf 80' lang='lat' dir='ltr'><strong>nerbas</strong></span> 
     </span>
    </p>
   </div>
   <div class='ocr_carea' id='block_1_4' title="bbox 0 0 1224 3886">
    <p class='ocr_par' dir='ltr' id='par_1_7' title="bbox 0 0 1224 3886">
     <span class='ocr_line' id='line_1_40' title="bbox 0 0 1224 3886; baseline 0 5"><span class='ocrx_word' id='word_1_316' title='bbox 0 0 1224 3886; x_wconf 95' lang='lat' dir='ltr'><strong> </strong></span> 
     </span>
    </p>
   </div>
  </div>
 </body>
</html>
