2570 3878
183 158 240 217 150
478 165 644 218 CORNELII
658 164 777 214 uaclut
791 165 975 220 ANNALIUH

154 323 328 386 radmodnm
341 321 471 400 receptis
483 330 513 383 et
527 321 624 382 addito
636 339 673 381 ne
687 320 823 382 caelestis
834 320 942 399 religio
954 319 1170 382 decerneretur.

177 411 221 470 sic
238 409 331 508 ipsam
345 404 492 466 maluisse
522 424 589 486 qum
600 415 629 467 et
642 413 728 490 parte
740 405 869 467 eiusdem
881 405 1023 489 epistulae
1035 404 1172 484 increpuit
1275 411 1276 470 3

177 493 315 554 amicitias
337 488 508 567 muliebres,
530 487 640 551 Folium
662 485 810 551 consulem
820 479 948 569 oblique
968 489 1172 570 perstringens.
1275 495 1276 550 i

177 580 202 638 is
216 573 471 655 gratiaAugustae
484 575 624 636 floruerat
626 582 744 654 ,-aptus
742 573 922 636 adliciendis
936 573 1103 635 feminarum
1118 573 1172 632 ani·

177 663 248 738 mis,
271 660 356 721 dicax
370 657 445 718 idem
461 667 490 719 et
505 658 651 720 Tiberium
666 656 781 719 acerbis
795 658 909 720 facetiis
923 657 1049 718 inridere
1064 656 1171 733 solitus,

144 763 297 826 aequarum
313 742 389 823 apud
404 745 636 832 praepotentes
627 761 656 803 ιιι
670 741 788 821 longum
802 743 940 804 memoria
957 751 1010 802 est.

144 843 148 848 '
237 829 266 890 3.
290 826 441 889 Ceterum
443 845 482 889 ex
498 845 535 889 eo
552 834 708 909 praerupta
731 827 786 886 iam
807 836 837 887 et
857 844 985 905 urguens
1006 825 1169 891 dominatio:
1275 869 1276 876 ι

175 931 240 975 nam
260 910 397 973 incolumi
417 909 550 989 Augusta
571 921 634 972 erat
654 910 747 972 adbuc
770 911 948 991 perfugium,
973 911 1039 990 quia
1059 908 1171 969 'liberio
1275 929 1276 936 ¹

176 999 366 1058 inveteratum
388 1012 459 1074 erga
481 1005 599 1056 matrem
620 994 806 1074 obsequium,
829 1013 925 1075 neque
948 995 1069 1055 Seianus
1090 992 1172 1054 aude·
1275 1001 1276 1048 ι

175 1081 225 1142 bat
239 1080 401 1140 auctoritati
417 1081 545 1159 parentis
560 1079 667 1139 antire:
686 1087 754 1139 tunc
768 1078 848 1140 velut
862 1080 953 1139 frenis
970 1077 1094 1139 exsoluti
1109 1093 1172 1156 pro·
1275 1069 1276 1112 ³

154 1172 326 1244 eruperunt,
341 1163 505 1244 missaeque
521 1163 551 1222 in
562 1161 753 1242 Agrippinam
768 1180 804 1224 ac
814 1161 961 1224 Neronem
974 1163 1087 1241 literae,
1104 1178 1174 1241 quas

177 1249 288 1330 pridem
302 1247 413 1308 adlatas
428 1254 458 1306 et
476 1245 616 1307 cohibitas
633 1245 668 1307 ab
680 1245 814 1326 Augusta
829 1247 951 1308 credidit
966 1246 1085 1326 uulgum
1102 1244 1175 1305 hand

176 1335 251 1395 enim
270 1331 359 1391 inulto
381 1339 590 1412 postmortem
611 1333 673 1392 eius
693 1333 834 1394 recitatae
854 1340 929 1393 sunt.
961 1330 1051 1393 uerba
1065 1331 1175 1390 inerant

177 1417 307 1495 quaesita
321 1415 495 1496 asperitate:
519 1415 572 1476 sed
588 1432 646 1476 non
661 1433 754 1494 arma,
776 1432 834 1476 non
849 1433 945 1477 rerum
961 1431 1100 1476 ιιοιιιιιιιιι
1117 1421 1174 1473 stu·

176 1502 261 1580 dium,
278 1516 392 1560 amores
413 1501 546 1561 iuvenum
563 1508 592 1560 et
607 1500 804 1580 inpudicitiam
821 1500 922 1582 nepoti
942 1497 1116 1560 oblectabat.
1147 1497 1174 1557 in

142 1603 276 1651 ιιιιιιιιιιιι
297 1602 334 1645 ne
356 1583 385 1644 id
408 1582 522 1664 quidem
538 1585 706 1662 confingere
727 1602 830 1662 ausus,
853 1583 1052 1662 adrogantiam
1069 1581 1128 1642 oris
1146 1590 1175 1640 et

176 1678 375 1730 contumacem
389 1671 511 1730 animum
525 1669 665 1730 incusavit
671 1686 801 1746 ,magno
817 1678 934 1730 senatus
951 1685 1062 1748 pavore
1080 1684 1115 1727 ac
1136 1666 1174 1725 si·

175 1753 282 1829 lentio,
305 1751 399 1813 donec
414 1753 516 1834 pauci,
536 1753 604 1852 quis
621 1752 700 1813 nulla
715 1771 753 1813 ex
767 1752 891 1814 honesto
912 1769 982 1832 spes
998 1753 1044 1832 (et
1059 1734 1175 1829 publica

174 1836 249 1898 mala
263 1835 409 1913 singulis
400 1855 429 1898 ιιι
444 1837 631 1899 occasionem
646 1839 758 1914 gratiae
774 1836 950 1916 trabuntur),
962 1843 1001 1895 ut
1016 1835 1175 1895 referretur

174 1919 378 2002 postulavere,
401 1921 618 2002 promptissimo
638 1919 723 1982 Cotta
737 1921 896 1984 Messalino
919 1939 982 1982 cnm
997 1921 1089 1980 atroci
1110 1935 1174 1978 sen·

143 2026 167 2067 ιι
177 2004 275 2066 tentis.
304 2004 357 2068 sed
374 2003 439 2068 aliis
464 2024 481 2068 a
503 2005 678 2086 primoribus
706 2006 888 2084 mariumque
918 2023 934 2066 a
960 2002 1176 2082 magistratibus

172 2088 387 2168 trepidabatur:
419 2091 528 2170 qnippe
548 2089 682 2151 Tiberius
704 2090 758 2152 etsi
787 2089 902 2152 infense
922 2090 1054 2151 invectus
1077 2095 1176 2150 cetera

175 2173 307 2252 ambigua
323 2173 492 2252 reliquerat.

237 2259 267 2320 4.
289 2257 354 2321 Fuit
375 2259 404 2318 in
425 2266 528 2322 senatu
547 2258 643 2319 lunius
665 2259 817 2336 Rusticus,
841 2257 1042 2339 conponendis
1063 2266 1177 2338 patrum

174 2344 247 2403 actis
267 2341 430 2405 delectusa
451 2340 596 2421 Caesare,
621 2359 719 2422 eoque
735 2341 938 2405 meditationes
955 2343 1018 2404 eius
1039 2342 1177 2422 introspi-

175 2443 244 2486 cere
258 2424 395 2488 creditus.
428 2426 455 2488 fs
469 2427 550 2488 fatali
569 2425 692 2508 quodam
705 2436 782 2490 motu
801 2428 863 2508 (ne
895 2429 1003 2493 eenim
1023 2435 1089 2489 ante
1107 2444 1178 2505 spe·

175 2510 268 2570 cinaeo
290 2510 471 2571 constantiae
491 2509 628 2589 dederat)
651 2529 703 2574 seu
723 2529 813 2592 prava
833 2529 867 2573 so
881 2511 981 2591 lertia,
1005 2509 1093 2572 dum'
1084 2509 1178 2570 ammi·

148 2594 298 2656 suentium
319 2591 426 2656 oblitus
447 2595 558 2656 incerta
582 2603 685 2675 pavet,
713 2596 845 2657 inserere
866 2613 900 2659 se
927 2587 1119 2673 dubitantibus
1141 2613 1181 2656 ae

172 2693 291 2738 monere
322 2677 459 2741 eonsules
485 2697 522 2740 ne
548 2678 718 2743 relationem
747 2680 926 2755 inciperent:
953 2667 1181 2759 disserebatque

172 2760 311 2822 brevibus
324 2762 476 2824 momentis
481 2781 599 2832 summa
614 2765 703 2824 uerti·
696 2768 984 2846 ,possequandoque
993 2763 1181 2830 domusGer·

173 2845 275 2904 manici
297 2845 417 2906 critiam
431 2848 625 2923 paenitentiae
637 2865 706 2910 ease
720 2849 793 2909 seni.
822 2847 905 2910 simul
917 2848 1051 2929 populns
1057 2847 1179 2926 effigies

172 2928 353 3008 Agrippinae
370 2947 406 2990 ac
419 2927 547 2992 Neronis
563 2948 671 3009 gerens
687 2931 873 2993 circumsistit
889 2934 996 2996 curiam
1012 2932 1178 3030 faustisque

139 3035 161 3074 ιιι
172 3014 200 3072 in
214 3009 370 3074 Gaesarem
382 3014 523 3076 ominibus
538 3015 736 3079 falsasliteras
751 3025 780 3078 et
798 3017 930 3096 principe
947 3015 1036 3078 inuito
1054 3014 1181 3078 exitium

172 3097 309 3158 domui
282 3114 344 3157 enus
358 3097 466 3162 intendi
480 3099 615 3164 clamitat
644 3101 683 3162 ita
698 3100 767 3163 nibil
787 3103 869 3164 triste
890 3101 941 3162 illo
957 3101 1004 3163 die
1020 3109 1183 3181 patratum.

171 3180 342 3242 ferebantur
352 3183 441 3243 etiam
451 3183 506 3246 sub
522 3174 685 3248 nominibus
696 3183 889 3248 consularium
901 3187 1008 3248 lictae
999 3205 1028 3246 ιιι
1038 3185 1184 3246 Seianum

171 3265 349 3343 sententiae,
372 3267 577 3330 exercentibus
604 3269 754 3370 plerisque
780 3287 834 3349 per
861 3270 1007 3342 oecultum
1026 3279 1115 3350 atque
1139 3283 1185 3328 eo

172 3349 327 3429 procacius
352 3348 529 3416 libidinem
520 3354 710 3432 ingeniorum
740 3353 816 3416 unde
833 3353 909 3415 illi
900 3373 943 3416 rra
964 3354 1122 3430 piolentior
1149 3360 1186 3412 et

138 3440 162 3480 ιι
171 3433 306 3492 materies
331 3433 514 3499 criminandi:
535 3447 665 3520 spretum
688 3436 820 3504 dolorem
841 3439 984 3521 principis
1002 3437 1038 3500 ab
1051 3443 1185 3516 senatu,
