2570 3878
387 121 494 168 nnana
515 123 562 172 1v.
587 123 661 178 orn.
682 125 803 184 61-66.
1041 125 1101 186 143

95 283 124 335 et
136 272 242 333 medici
258 273 366 352 passim
382 275 522 354 praebiti,
539 277 649 358 fuitque
669 283 739 352 urbs
761 291 814 365 per
834 288 902 349 illos
924 287 986 350 dice
1002 306 1138 367 quam-no

93 375 179 438 quam
192 366 303 417 maesta
317 357 392 418 lacie
408 368 537 420 veterum
552 362 686 426 institutis
701 368 817 448 similis,
840 373 887 450 qui
907 390 1012 450 magna
1032 383 1099 452 post

92 440 208 522 proelia
225 441 343 502 saucios
358 441 514 520 largitione
529 454 559 504 et
574 464 641 508 cura
658 453 866 515 sustentabant.
918 513 923 521 .

94 583 96 588 .
155 525 206 586 64.
225 523 358 586 Nondum
379 545 415 588 ea
436 527 535 590 clades
559 531 748 613 exoleverat,
776 556 840 601 curn
863 539 938 618 ignis
961 541 1099 602 violentia

12 619 14 630 ’
90 608 193 669 urbem
210 609 285 670 ultra
300 609 415 670 solitum
435 611 557 690 adiecit,
582 614 684 678 deusto
706 629 804 694 monte
820 621 939 695 Caelio;
962 625 1096 688 feralem·

90 711 148 772 que
164 710 267 754 annum
282 692 416 755 ferebant
432 706 461 756 et
477 697 618 760 ominibus
635 701 766 765 adversis
781 715 949 786 susceptum
972 709 1098 789 principi

90 776 246 840 consilium
260 775 419 864 absentiae,
437 781 485 858 qui
499 800 562 844 mos
580 784 681 863 vulgo,
704 787 823 850 lortnita
845 791 881 852 ad
904 791 1018 870 culpam
1040 801 1095 852 tra-

89 861 249 960 bentes„ni
266 859 376 922 Caesar
391 863 506 926 obviam
523 869 596 927 isset
611 869 763 932 tribuendo
783 876 923 952 pecunias
949 894 986 936 ex
1009 874 1123 940 modos

89 945 263 1005 detrnnenti.
294 951 483 1026 actaeque-ei
499 960 598 1028 grates
621 955 699 1034 apud
715 966 851 1034 ,senatum
871 958 907 1021 ab
929 959 1097 1019 inlustribus

87 1030 224 1109 famaque
242 1028 329 1128 apud·
344 1032 500 1112 populum,
526 1036 592 1114 quia
615 1039 689 1098 sine·
702 1039 858 1109 ambitione
878 1052 926 1106 aut
949 1045 1095 1122 proximo·

87 1131 151 1174 rum
166 1113 305 1193 precibus
321 1124 438 1194 rgnotos
456 1119 541 1179 etiam
558 1128 587 1178 et
610 1121 686 1183 ultro
708 1124 822 1186 accitos
841 1127 1035 1188 munificentia
1055 1129 1094 1187 iu·

87 1205 181 1257 verat.
224 1196 364 1258 adduntur
390 1205 550 1264 sententiae
580 1213 611 1268 ut
634 1223 717 1268 muns
745 1207 862 1270 Caelius
890 1211 918 1270 in
946 1220 1095 1290 posterum

87 1281 238 1359 Augustus
262 1281 474 1363 appellaretur,
504 1287 617 1364 qnando
642 1285 753 1351 eunetis
776 1293 885 1354 circum
904 1294 1093 1371 flagrantibus
1103 1315 1133 1358 rc

87 1365 154 1426 sola
170 1364 279 1428 Tiberii
295 1365 428 1446 efligies,
450 1371 504 1430 sita
529 1373 557 1430 in
576 1372 670 1449 ¹domn
685 1373 759 1434 lunii
778 1379 937 1454 senatoris,
955 1378 1094 1438 inviolata

89 1450 254 1513 mansisset.
284 1453 420 1511 evenisse
440 1451 469 1524 16
491 1453 559 1513 olim
574 1454 713 1518 Claudiae
729 1459 871 1538 Quintae,
895 1461 1015 1540 eiusque
1037 1469 1093 1520 sta·

12 1575 13 1596 1
87 1545 166 1596 tuam
187 1536 245 1594 vim
265 1535 372 1612 ignium
393 1535 439 1596 bis
459 1537 589 1616 elapsam
608 1542 734 1602 maiores
762 1542 838 1622 apud
867 1543 969 1604 aedem
994 1545 1094 1603 matris

88 1619 173 1679 (lcum
198 1619 431 1680 consecravisse.
466 1631 584 1684 sanctos
605 1633 804 1706 acceptosque
825 1627 986 1688 numinibus
1008 1625 1092 1686 clau-

88 1703 153 1764 6166
171 1710 200 1763 et
214 1702 375 1780 aagendam
392 1705 594 1782 caerimoniam
606 1707 694 1788 loco,
717 1711 751 1774 in.
769 1727 826 1788 quo
847 1719 955 1772 tanturn
970 1713 998 1772 in
1015 1711 1130 1792 prin-1⁵

88 1787 185 1866 cipem
200 1785 341 1848 bonorem
357 1786 385 1847 (li
404 1789 597 1856 ostenderint.
794 1813 796 1817 ·

153 1869 406 1932 samantneme
426 1872 579 1934 absurdum
599 1874 715 1937 tradere
733 1886 860 1940 montem
885 1898 949 1940 eum
970 1879 1091 1959 antiqui·

87 1965 134 2016 tus
157 1954 421 2033 Querquetulanum
451 1968 645 2035 cognomento
671 1959 776 2040 luisse,
802 1961 881 2041 qnod
906 1965 971 2026 talis
998 1964 1092 2023 silvae

12 2043 14 2090 t
86 2041 226 2118 frequens
238 2037 436 2119 fecundusque
452 2050 523 2118 erat,
540 2061 608 2104 mox
621 2041 750 2105 (laelium
762 2045 960 2125 appellitatum
971 2065 988 2108 a
1001 2046 1091 2107 Caele

12 2203 13 2214 ἵ
88 2123 245 2201 Vibenna,
271 2126 322 2204 qui
345 2125 403 2186 dux
425 2129 523 2202 gentis
544 2126 688 2188 Etruscae
712 2127 927 2188 cumauxilium
943 2131 1088 2206 portauis-

88 2217 156 2285 aet,
183 2208 285 2268 sedem
307 2225 371 2269 eam
392 2218 547 2288 acceperat
573 2229 589 2270 a
614 2209 773 2289 Tarquinio
794 2211 915 2288 Prisco,
944 2213 1114 2289 seu'qnis⁵

88 2297 162 2360 alius
176 2312 279 2372 regum
293 2293 386 2355 dedit:
410 2311 474 2354 nam
495 2294 656 2374 scriptores
675 2295 704 2353 in
724 2311 762 2370 66
779 2293 958 2354 dissentiunt.
992 2299 1091 2351 cetera

87 2399 147 2442 non
171 2378 306 2456 ambigua
329 2385 409 2454 sunt,
432 2395 551 2456 magnas
573 2395 624 2438 eas
645 2377 746 2456 copias
766 2395 820 2456 per
841 2376 928 2455 plana
949 2374 1035 2435 etiam
1058 2392 1092 2434 ac
1146 2401 1151 2410 ·

88 2466 156 2527 loro
174 2463 338 2543 propinqua
351 2461 542 2540 habitavisse,
557 2461 632 2523 unde
647 2460 770 2522 l'ascum
791 2461 885 2521 vicum
909 2478 926 2520 e
945 2457 1092 2520 vocabulo

88 2549 265 2610 advenarum
280 2545 395 2607 (lictum.
482 2613 486 2622 ,

152 2631 204 2694 66.
225 2631 284 2692 Sed
300 2641 330 2692 nt
350 2630 442 2691 studia
464 2625 618 2710 procerum
639 2638 669 2690 et
689 2629 806 2707 largitio
829 2627 969 2709 principie
988 2625 1095 2686 adver·

87 2736 152 2778 sum
172 2733 257 2777 casus
272 2715 413 2776 solacium
430 2713 567 2792 tulerant,
588 2715 629 2776 ita
649 2722 850 2774 accusatorum
868 2713 961 2772 maior
982 2710 1095 2779 indies

88 2811 120 2862 et
142 2794 277 2861 infestior
296 2801 341 2860 vis
361 2800 423 2860 sine
443 2799 607 2858 levamento
629 2797 832 2876 grassabatnr3
855 2795 1095 2873 corripueratque

88 2885 198 2946 Varum
214 2883 394 2960 Quintilium,
411 2882 527 2943 divitem
543 2890 571 2942 et
588 2881 707 2943 Caesari
722 2879 930 2961 propinquum,
949 2877 1093 2938 Domitius

89 2969 175 3048 Afer,
190 2967 328 3030 Claudiae
342 2967 485 3029 Pulchrae
498 2968 598 3028 matris
613 2967 675 3026 eius
697 2965 920 3040 condemnator,
940 2961 1020 3022 nullo
1041 2962 1118 3021 mis-

12 3063 15 3090 ¹
89 3053 174 3116 rante
195 3052 272 3133 qnod
296 3053 343 3114 ‹liu
367 3069 459 3130 egens
485 3059 514 3110 et
540 3058 624 3130 parto
653 3069 746 3130 nuper
770 3048 900 3128 praemio
924 3045 999 3110 male
1025 3063 1092 3105 usus

89 3139 177 3219 plura
196 3136 234 3198 66
253 3137 362 3215 llagitia
385 3136 597 3214 accingeretur.
629 3133 661 3194 P.
681 3133 865 3195 Dolabellam
884 3131 995 3193 socium
1016 3128 1092 3189 dela-

90 3223 178 3285 tionis
194 3222 325 3283 extitisse
341 3221 479 3282 miraculo
496 3227 573 3298 erat,
594 3220 660 3300 quia
681 3219 768 3280 claris
787 3215 941 3278 maioribus
964 3213 1093 3273 atvero

91 3324 225 3368 conexus
248 3324 326 3368 suam
346 3306 410 3386 ipse
433 3303 629 3381 nobilitatem,
657 3321 738 3364 suum
762 3301 930 3378 sanguinem
952 3293 1095 3376 perditum

91 3391 161 3451 ibat.
202 3390 306 3452 restitit
326 3398 421 3451 tamen
450 3396 621 3460 senatuseet
650 3385 857 3468 opperiendum
888 3383 1132 3459 imperatoremm

1268 117 1273 148 t
