<?xml version="1.0" encoding="UTF-8"?>
<!DOCTYPE html PUBLIC "-//W3C//DTD XHTML 1.0 Transitional//EN"
    "http://www.w3.org/TR/xhtml1/DTD/xhtml1-transitional.dtd">
<html xmlns="http://www.w3.org/1999/xhtml" xml:lang="en" lang="en">
 <head>
  <title>
</title>
<meta http-equiv="Content-Type" content="text/html;charset=utf-8" />
  <meta name='ocr-system' content='tesseract 3.04.00' />
  <meta name='ocr-capabilities' content='ocr_page ocr_carea ocr_par ocr_line ocrx_word'/>
</head>
<body>
  <div class='ocr_page' id='page_1' title='image "./libriquisupersu02tacigoog/libriquisupersu02tacigoog_0275.png"; bbox 0 0 2570 3878; ppageno 0'>
   <div class='ocr_carea' id='block_1_1' title="bbox 130 146 890 210">
    <p class='ocr_par' dir='ltr' id='par_1_1' title="bbox 130 146 890 210">
     <span class='ocr_line' id='line_1_1' title="bbox 130 146 890 210; baseline -0.011 -2"><span class='ocrx_word' id='word_1_1' title='bbox 130 146 193 210; x_wconf 80' lang='lat' dir='ltr'><strong>tto</strong></span> <span class='ocrx_word' id='word_1_2' title='bbox 384 153 549 202; x_wconf 77' lang='lat' dir='ltr'><strong>connum</strong></span> <span class='ocrx_word' id='word_1_3' title='bbox 572 153 689 202; x_wconf 74' lang='lat' dir='ltr'><strong>necron</strong></span> <span class='ocrx_word' id='word_1_4' title='bbox 705 153 890 201; x_wconf 71' lang='lat' dir='ltr'><strong>eunonium</strong></span> 
     </span>
    </p>
   </div>
   <div class='ocr_carea' id='block_1_2' title="bbox 102 306 1141 646">
    <p class='ocr_par' dir='ltr' id='par_1_2' title="bbox 102 306 1141 646">
     <span class='ocr_line' id='line_1_2' title="bbox 132 306 1139 388; baseline -0.009 -12"><span class='ocrx_word' id='word_1_5' title='bbox 132 320 252 376; x_wconf 80' lang='lat' dir='ltr'><strong>actast</strong></span> <span class='ocrx_word' id='word_1_6' title='bbox 278 328 313 372; x_wconf 92' lang='lat' dir='ltr'><strong>an</strong></span> <span class='ocrx_word' id='word_1_7' title='bbox 334 309 527 370; x_wconf 82' lang='lat' dir='ltr'><strong>ulcisceretur</strong></span> <span class='ocrx_word' id='word_1_8' title='bbox 556 307 710 369; x_wconf 86' lang='lat' dir='ltr'><strong>consultat.</strong></span> <span class='ocrx_word' id='word_1_9' title='bbox 748 309 847 388; x_wconf 91' lang='lat' dir='ltr'><strong>paucis</strong></span> <span class='ocrx_word' id='word_1_10' title='bbox 875 307 966 368; x_wconf 87' lang='lat' dir='ltr'><strong>decus</strong></span> <span class='ocrx_word' id='word_1_11' title='bbox 992 306 1139 388; x_wconf 87' lang='lat' dir='ltr'><strong>publicum</strong></span> 
     </span>
     <span class='ocr_line' id='line_1_3' title="bbox 133 390 1139 476; baseline -0.008 -16"><span class='ocrx_word' id='word_1_12' title='bbox 133 415 231 476; x_wconf 87' lang='lat' dir='ltr'><strong>curae,</strong></span> <span class='ocrx_word' id='word_1_13' title='bbox 250 395 350 475; x_wconf 84' lang='lat' dir='ltr'><strong>plures</strong></span> <span class='ocrx_word' id='word_1_14' title='bbox 364 402 422 474; x_wconf 81' lang='lat' dir='ltr'><strong>tuta</strong></span> <span class='ocrx_word' id='word_1_15' title='bbox 441 392 600 453; x_wconf 85' lang='lat' dir='ltr'><strong>disserunt:</strong></span> <span class='ocrx_word' id='word_1_16' title='bbox 617 409 702 454; x_wconf 89' lang='lat' dir='ltr'><strong>omne</strong></span> <span class='ocrx_word' id='word_1_17' title='bbox 719 390 817 452; x_wconf 86' lang='lat' dir='ltr'><strong>scelus</strong></span> <span class='ocrx_word' id='word_1_18' title='bbox 833 399 984 452; x_wconf 86' lang='lat' dir='ltr'><strong>externum</strong></span> <span class='ocrx_word' id='word_1_19' title='bbox 1000 409 1064 452; x_wconf 86' lang='lat' dir='ltr'><strong>cunr</strong></span> <span class='ocrx_word' id='word_1_20' title='bbox 1079 391 1139 453; x_wconf 89' lang='lat' dir='ltr'><strong>lae·</strong></span> 
     </span>
     <span class='ocr_line' id='line_1_4' title="bbox 102 475 1141 562; baseline -0.01 -17"><span class='ocrx_word' id='word_1_21' title='bbox 102 483 195 562; x_wconf 51' lang='lat' dir='ltr'><strong>¹stitia</strong></span> <span class='ocrx_word' id='word_1_22' title='bbox 216 478 396 560; x_wconf 68' lang='lat' dir='ltr'><strong>habendum</strong></span> <span class='ocrx_word' id='word_1_23' title='bbox 424 479 533 538; x_wconf 87' lang='lat' dir='ltr'><strong>semina</strong></span> <span class='ocrx_word' id='word_1_24' title='bbox 560 477 646 536; x_wconf 89' lang='lat' dir='ltr'><strong>etiam</strong></span> <span class='ocrx_word' id='word_1_25' title='bbox 674 475 805 538; x_wconf 88' lang='lat' dir='ltr'><strong>odiorum</strong></span> <span class='ocrx_word' id='word_1_26' title='bbox 832 475 972 554; x_wconf 87' lang='lat' dir='ltr'><strong>iacienda,</strong></span> <span class='ocrx_word' id='word_1_27' title='bbox 997 485 1027 536; x_wconf 92' lang='lat' dir='ltr'><strong>ut</strong></span> <span class='ocrx_word' id='word_1_28' title='bbox 1049 495 1141 556; x_wconf 81' lang='lat' dir='ltr'>saepe</span> 
     </span>
     <span class='ocr_line' id='line_1_5' title="bbox 133 560 1140 646; baseline -0.006 -20"><span class='ocrx_word' id='word_1_29' title='bbox 133 566 282 646; x_wconf 80' lang='lat' dir='ltr'><strong>principes</strong></span> <span class='ocrx_word' id='word_1_30' title='bbox 304 561 426 624; x_wconf 88' lang='lat' dir='ltr'><strong>Romani</strong></span> <span class='ocrx_word' id='word_1_31' title='bbox 449 560 570 622; x_wconf 90' lang='lat' dir='ltr'><strong>eandem</strong></span> <span class='ocrx_word' id='word_1_32' title='bbox 584 561 750 625; x_wconf 79' lang='lat' dir='ltr'>Armeniam</span> <span class='ocrx_word' id='word_1_33' title='bbox 773 561 876 639; x_wconf 87' lang='lat' dir='ltr'><strong>speeie</strong></span> <span class='ocrx_word' id='word_1_34' title='bbox 897 560 1060 638; x_wconf 69' lang='lat' dir='ltr'><strong>largitionis</strong></span> <span class='ocrx_word' id='word_1_35' title='bbox 1082 569 1140 620; x_wconf 87' lang='lat' dir='ltr'><strong>tnr-</strong></span> 
     </span>
    </p>
   </div>
   <div class='ocr_carea' id='block_1_3' title="bbox 95 643 1147 3506">
    <p class='ocr_par' dir='ltr' id='par_1_3' title="bbox 133 643 1140 900">
     <span class='ocr_line' id='line_1_6' title="bbox 133 643 1140 724; baseline -0.007 -13"><span class='ocrx_word' id='word_1_36' title='bbox 133 649 235 711; x_wconf 90' lang='lat' dir='ltr'><strong>bandis</strong></span> <span class='ocrx_word' id='word_1_37' title='bbox 250 646 438 708; x_wconf 89' lang='lat' dir='ltr'><strong>barbarorum</strong></span> <span class='ocrx_word' id='word_1_38' title='bbox 455 647 556 706; x_wconf 91' lang='lat' dir='ltr'><strong>animis</strong></span> <span class='ocrx_word' id='word_1_39' title='bbox 571 645 773 724; x_wconf 83' lang='lat' dir='ltr'><strong>praebuerint:</strong></span> <span class='ocrx_word' id='word_1_40' title='bbox 790 652 944 723; x_wconf 89' lang='lat' dir='ltr'><strong>poteretur</strong></span> <span class='ocrx_word' id='word_1_41' title='bbox 957 643 1140 707; x_wconf 70' lang='lat' dir='ltr'><strong>Radamistus</strong></span> 
     </span>
     <span class='ocr_line' id='line_1_7' title="bbox 133 727 1140 812; baseline -0.008 -17"><span class='ocrx_word' id='word_1_42' title='bbox 133 733 209 795; x_wconf 87' lang='lat' dir='ltr'><strong>male</strong></span> <span class='ocrx_word' id='word_1_43' title='bbox 232 733 338 812; x_wconf 89' lang='lat' dir='ltr'><strong>partis,</strong></span> <span class='ocrx_word' id='word_1_44' title='bbox 364 730 429 790; x_wconf 90' lang='lat' dir='ltr'><strong>dum</strong></span> <span class='ocrx_word' id='word_1_45' title='bbox 449 729 559 789; x_wconf 88' lang='lat' dir='ltr'><strong>inrisus</strong></span> <span class='ocrx_word' id='word_1_46' title='bbox 581 727 711 807; x_wconf 82' lang='lat' dir='ltr'><strong>infamis,</strong></span> <span class='ocrx_word' id='word_1_47' title='bbox 729 727 844 808; x_wconf 81' lang='lat' dir='ltr'><strong>quando</strong></span> <span class='ocrx_word' id='word_1_48' title='bbox 866 728 895 788; x_wconf 90' lang='lat' dir='ltr'><strong>id</strong></span> <span class='ocrx_word' id='word_1_49' title='bbox 916 731 1008 807; x_wconf 76' lang='lat' dir='ltr'><strong>magis</strong></span> <span class='ocrx_word' id='word_1_50' title='bbox 1030 745 1068 790; x_wconf 87' lang='lat' dir='ltr'><strong>ex</strong></span> <span class='ocrx_word' id='word_1_51' title='bbox 1088 747 1140 788; x_wconf 90' lang='lat' dir='ltr'><strong>usu</strong></span> 
     </span>
     <span class='ocr_line' id='line_1_8' title="bbox 135 811 1140 900; baseline -0.005 -23"><span class='ocrx_word' id='word_1_52' title='bbox 135 837 220 900; x_wconf 89' lang='lat' dir='ltr'><strong>quam</strong></span> <span class='ocrx_word' id='word_1_53' title='bbox 242 817 266 876; x_wconf 90' lang='lat' dir='ltr'><strong>si</strong></span> <span class='ocrx_word' id='word_1_54' title='bbox 289 834 353 876; x_wconf 91' lang='lat' dir='ltr'><strong>cum</strong></span> <span class='ocrx_word' id='word_1_55' title='bbox 376 815 470 892; x_wconf 76' lang='lat' dir='ltr'><strong>gloria</strong></span> <span class='ocrx_word' id='word_1_56' title='bbox 487 812 608 892; x_wconf 85' lang='lat' dir='ltr'><strong>adeptus</strong></span> <span class='ocrx_word' id='word_1_57' title='bbox 623 814 710 874; x_wconf 88' lang='lat' dir='ltr'><strong>ioret.</strong></span> <span class='ocrx_word' id='word_1_58' title='bbox 736 815 765 873; x_wconf 91' lang='lat' dir='ltr'><strong>in</strong></span> <span class='ocrx_word' id='word_1_59' title='bbox 780 811 856 872; x_wconf 84' lang='lat' dir='ltr'><strong>harro</strong></span> <span class='ocrx_word' id='word_1_60' title='bbox 874 815 1044 873; x_wconf 88' lang='lat' dir='ltr'><strong>sententiam</strong></span> <span class='ocrx_word' id='word_1_61' title='bbox 1061 812 1140 873; x_wconf 84' lang='lat' dir='ltr'><strong>itum.</strong></span> 
     </span>
    </p>

    <p class='ocr_par' dir='ltr' id='par_1_4' title="bbox 101 896 1141 1146">
     <span class='ocr_line' id='line_1_9' title="bbox 101 896 1140 970; baseline -0.012 -2"><span class='ocrx_word' id='word_1_62' title='bbox 101 921 173 970; x_wconf 79' lang='lat' dir='ltr'><strong>rone</strong></span> <span class='ocrx_word' id='word_1_63' title='bbox 191 911 286 962; x_wconf 92' lang='lat' dir='ltr'><strong>tamen</strong></span> <span class='ocrx_word' id='word_1_64' title='bbox 308 899 443 962; x_wconf 81' lang='lat' dir='ltr'><strong>adnuisse</strong></span> <span class='ocrx_word' id='word_1_65' title='bbox 464 899 586 959; x_wconf 78' lang='lat' dir='ltr'><strong>facinori</strong></span> <span class='ocrx_word' id='word_1_66' title='bbox 609 897 776 958; x_wconf 87' lang='lat' dir='ltr'><strong>viderentur</strong></span> <span class='ocrx_word' id='word_1_67' title='bbox 796 906 825 957; x_wconf 87' lang='lat' dir='ltr'><strong>et</strong></span> <span class='ocrx_word' id='word_1_68' title='bbox 841 896 954 957; x_wconf 85' lang='lat' dir='ltr'><strong>diversa</strong></span> <span class='ocrx_word' id='word_1_69' title='bbox 975 896 1085 958; x_wconf 85' lang='lat' dir='ltr'><strong>Caesar</strong></span> <span class='ocrx_word' id='word_1_70' title='bbox 1100 899 1140 956; x_wconf 92' lang='lat' dir='ltr'><strong>iu·</strong></span> 
     </span>
     <span class='ocr_line' id='line_1_10' title="bbox 135 980 1141 1062; baseline -0.006 -16"><span class='ocrx_word' id='word_1_71' title='bbox 135 987 235 1062; x_wconf 91' lang='lat' dir='ltr'><strong>beret,</strong></span> <span class='ocrx_word' id='word_1_72' title='bbox 258 985 337 1044; x_wconf 87' lang='lat' dir='ltr'><strong>missi</strong></span> <span class='ocrx_word' id='word_1_73' title='bbox 358 982 394 1046; x_wconf 93' lang='lat' dir='ltr'><strong>ad</strong></span> <span class='ocrx_word' id='word_1_74' title='bbox 414 981 627 1044; x_wconf 78' lang='lat' dir='ltr'><strong>Pharasmanen</strong></span> <span class='ocrx_word' id='word_1_75' title='bbox 642 982 749 1060; x_wconf 77' lang='lat' dir='ltr'><strong>nuntii,</strong></span> <span class='ocrx_word' id='word_1_76' title='bbox 771 990 801 1042; x_wconf 87' lang='lat' dir='ltr'><strong>nt</strong></span> <span class='ocrx_word' id='word_1_77' title='bbox 816 981 990 1042; x_wconf 74' lang='lat' dir='ltr'><strong>abscederet</strong></span> <span class='ocrx_word' id='word_1_78' title='bbox 1006 999 1022 1043; x_wconf 90' lang='lat' dir='ltr'><strong>a</strong></span> <span class='ocrx_word' id='word_1_79' title='bbox 1038 980 1141 1041; x_wconf 79' lang='lat' dir='ltr'><strong>finibus</strong></span> 
     </span>
     <span class='ocr_line' id='line_1_11' title="bbox 135 1065 898 1146; baseline -0.009 -16"><span class='ocrx_word' id='word_1_80' title='bbox 135 1070 281 1130; x_wconf 85' lang='lat' dir='ltr'><strong>Armeniis</strong></span> <span class='ocrx_word' id='word_1_81' title='bbox 298 1069 444 1146; x_wconf 79' lang='lat' dir='ltr'><strong>liliumque</strong></span> <span class='ocrx_word' id='word_1_82' title='bbox 461 1065 651 1128; x_wconf 82' lang='lat' dir='ltr'><strong>abstraheret.</strong></span> <span class='ocrx_word' id='word_1_83' title='bbox 896 1069 898 1075; x_wconf 88' lang='lat'>&#39;</span> 
     </span>
    </p>

    <p class='ocr_par' dir='ltr' id='par_1_5' title="bbox 136 1147 1141 1486">
     <span class='ocr_line' id='line_1_12' title="bbox 195 1147 1140 1230; baseline -0.004 -16"><span class='ocrx_word' id='word_1_84' title='bbox 195 1153 246 1214; x_wconf 83' lang='lat' dir='ltr'><strong>tu.</strong></span> <span class='ocrx_word' id='word_1_85' title='bbox 270 1151 342 1212; x_wconf 79' lang='lat' dir='ltr'><strong>Erat</strong></span> <span class='ocrx_word' id='word_1_86' title='bbox 360 1150 567 1230; x_wconf 79' lang='lat' dir='ltr'><strong>Cappadociae</strong></span> <span class='ocrx_word' id='word_1_87' title='bbox 583 1159 758 1230; x_wconf 88' lang='lat' dir='ltr'><strong>procurator</strong></span> <span class='ocrx_word' id='word_1_88' title='bbox 778 1149 868 1210; x_wconf 88' lang='lat' dir='ltr'><strong>lullus</strong></span> <span class='ocrx_word' id='word_1_89' title='bbox 879 1147 1046 1225; x_wconf 78' lang='lat' dir='ltr'><strong>Paelignus,</strong></span> <span class='ocrx_word' id='word_1_90' title='bbox 1060 1149 1140 1224; x_wconf 81' lang='lat' dir='ltr'><strong>igna-</strong></span> 
     </span>
     <span class='ocr_line' id='line_1_13' title="bbox 136 1231 1141 1316; baseline -0.006 -18"><span class='ocrx_word' id='word_1_91' title='bbox 136 1240 183 1299; x_wconf 91' lang='lat' dir='ltr'><strong>via</strong></span> <span class='ocrx_word' id='word_1_92' title='bbox 199 1238 282 1298; x_wconf 90' lang='lat' dir='ltr'><strong>animi</strong></span> <span class='ocrx_word' id='word_1_93' title='bbox 299 1245 328 1298; x_wconf 90' lang='lat' dir='ltr'><strong>ct</strong></span> <span class='ocrx_word' id='word_1_94' title='bbox 343 1235 502 1296; x_wconf 87' lang='lat' dir='ltr'><strong>deridiculo</strong></span> <span class='ocrx_word' id='word_1_95' title='bbox 518 1236 653 1315; x_wconf 86' lang='lat' dir='ltr'><strong>corporis</strong></span> <span class='ocrx_word' id='word_1_96' title='bbox 671 1237 749 1294; x_wconf 74' lang='lat' dir='ltr'><strong>muta</strong></span> <span class='ocrx_word' id='word_1_97' title='bbox 763 1233 975 1316; x_wconf 81' lang='lat' dir='ltr'><strong>despiciendus,</strong></span> <span class='ocrx_word' id='word_1_98' title='bbox 992 1232 1044 1292; x_wconf 89' lang='lat' dir='ltr'><strong>sed</strong></span> <span class='ocrx_word' id='word_1_99' title='bbox 1057 1231 1141 1312; x_wconf 80' lang='lat' dir='ltr'><strong>Clau·</strong></span> 
     </span>
     <span class='ocr_line' id='line_1_14' title="bbox 136 1317 1141 1402; baseline -0.009 -18"><span class='ocrx_word' id='word_1_100' title='bbox 136 1323 183 1384; x_wconf 90' lang='lat' dir='ltr'><strong>dio</strong></span> <span class='ocrx_word' id='word_1_101' title='bbox 210 1317 350 1402; x_wconf 85' lang='lat' dir='ltr'><strong>perquam</strong></span> <span class='ocrx_word' id='word_1_102' title='bbox 379 1319 543 1397; x_wconf 78' lang='lat' dir='ltr'><strong>familiaris,</strong></span> <span class='ocrx_word' id='word_1_103' title='bbox 576 1319 793 1398; x_wconf 50' lang='lat' dir='ltr'><strong>cumspriuatus</strong></span> <span class='ocrx_word' id='word_1_104' title='bbox 818 1318 888 1378; x_wconf 89' lang='lat' dir='ltr'><strong>olim</strong></span> <span class='ocrx_word' id='word_1_105' title='bbox 917 1317 1141 1376; x_wconf 83' lang='lat' dir='ltr'><strong>conversatione</strong></span> 
     </span>
     <span class='ocr_line' id='line_1_15' title="bbox 137 1400 1140 1486; baseline -0.004 -21"><span class='ocrx_word' id='word_1_106' title='bbox 137 1423 300 1466; x_wconf 88' lang='lat' dir='ltr'><strong>scurrarum</strong></span> <span class='ocrx_word' id='word_1_107' title='bbox 321 1407 399 1466; x_wconf 85' lang='lat' dir='ltr'><strong>iners</strong></span> <span class='ocrx_word' id='word_1_108' title='bbox 415 1405 503 1464; x_wconf 90' lang='lat' dir='ltr'><strong>otium</strong></span> <span class='ocrx_word' id='word_1_109' title='bbox 519 1402 690 1466; x_wconf 84' lang='lat' dir='ltr'><strong>oblectaret.</strong></span> <span class='ocrx_word' id='word_1_110' title='bbox 711 1406 736 1464; x_wconf 91' lang='lat' dir='ltr'><strong>is</strong></span> <span class='ocrx_word' id='word_1_111' title='bbox 748 1400 933 1486; x_wconf 84' lang='lat' dir='ltr'><strong>[Paelignus]</strong></span> <span class='ocrx_word' id='word_1_112' title='bbox 947 1401 1058 1460; x_wconf 83' lang='lat' dir='ltr'><strong>auxiliis</strong></span> <span class='ocrx_word' id='word_1_113' title='bbox 1074 1419 1140 1480; x_wconf 91' lang='lat' dir='ltr'><strong>pro·</strong></span> 
     </span>
    </p>

    <p class='ocr_par' dir='ltr' id='par_1_6' title="bbox 114 1485 1143 1902">
     <span class='ocr_line' id='line_1_16' title="bbox 114 1485 1140 1570; baseline -0.005 -21"><span class='ocrx_word' id='word_1_114' title='bbox 114 1489 301 1559; x_wconf 60' lang='lat' dir='ltr'><strong>avincialinm</strong></span> <span class='ocrx_word' id='word_1_115' title='bbox 319 1489 475 1550; x_wconf 87' lang='lat' dir='ltr'><strong>contractis</strong></span> <span class='ocrx_word' id='word_1_116' title='bbox 489 1497 633 1566; x_wconf 87' lang='lat' dir='ltr'><strong>tamquam</strong></span> <span class='ocrx_word' id='word_1_117' title='bbox 652 1489 869 1570; x_wconf 77' lang='lat' dir='ltr'><strong>reciperaturus</strong></span> <span class='ocrx_word' id='word_1_118' title='bbox 879 1485 1060 1562; x_wconf 89' lang='lat' dir='ltr'><strong>Armeniam,</strong></span> <span class='ocrx_word' id='word_1_119' title='bbox 1076 1485 1140 1545; x_wconf 91' lang='lat' dir='ltr'><strong>dnm</strong></span> 
     </span>
     <span class='ocr_line' id='line_1_17' title="bbox 138 1569 1143 1652; baseline -0.006 -16"><span class='ocrx_word' id='word_1_120' title='bbox 138 1575 238 1636; x_wconf 88' lang='lat' dir='ltr'><strong>socios</strong></span> <span class='ocrx_word' id='word_1_121' title='bbox 261 1574 460 1652; x_wconf 78' lang='lat' dir='ltr'><strong>magisquam</strong></span> <span class='ocrx_word' id='word_1_122' title='bbox 481 1572 584 1632; x_wconf 83' lang='lat' dir='ltr'><strong>hoster</strong></span> <span class='ocrx_word' id='word_1_123' title='bbox 607 1571 777 1652; x_wconf 82' lang='lat' dir='ltr'><strong>praedatur,</strong></span> <span class='ocrx_word' id='word_1_124' title='bbox 807 1569 948 1630; x_wconf 81' lang='lat' dir='ltr'><strong>abscessu</strong></span> <span class='ocrx_word' id='word_1_125' title='bbox 975 1585 1091 1630; x_wconf 91' lang='lat' dir='ltr'><strong>suorum</strong></span> <span class='ocrx_word' id='word_1_126' title='bbox 1113 1579 1143 1630; x_wconf 90' lang='lat' dir='ltr'><strong>et</strong></span> 
     </span>
     <span class='ocr_line' id='line_1_18' title="bbox 137 1653 1140 1735; baseline -0.004 -17"><span class='ocrx_word' id='word_1_127' title='bbox 137 1657 348 1718; x_wconf 84' lang='lat' dir='ltr'><strong>incursantibus</strong></span> <span class='ocrx_word' id='word_1_128' title='bbox 365 1657 496 1717; x_wconf 88' lang='lat' dir='ltr'><strong>barbaris</strong></span> <span class='ocrx_word' id='word_1_129' title='bbox 518 1656 655 1735; x_wconf 88' lang='lat' dir='ltr'><strong>praesidii</strong></span> <span class='ocrx_word' id='word_1_130' title='bbox 671 1673 763 1734; x_wconf 70' lang='lat' dir='ltr'><strong>egens</strong></span> <span class='ocrx_word' id='word_1_131' title='bbox 784 1653 819 1715; x_wconf 90' lang='lat' dir='ltr'><strong>ad</strong></span> <span class='ocrx_word' id='word_1_132' title='bbox 836 1653 1029 1718; x_wconf 80' lang='lat' dir='ltr'><strong>Radamistum</strong></span> <span class='ocrx_word' id='word_1_133' title='bbox 1046 1655 1140 1724; x_wconf 87' lang='lat' dir='ltr'><strong>venit;</strong></span> 
     </span>
     <span class='ocr_line' id='line_1_19' title="bbox 138 1739 1143 1820; baseline -0.004 -17"><span class='ocrx_word' id='word_1_134' title='bbox 138 1742 281 1820; x_wconf 87' lang='lat' dir='ltr'><strong>donisque</strong></span> <span class='ocrx_word' id='word_1_135' title='bbox 297 1742 359 1800; x_wconf 90' lang='lat' dir='ltr'><strong>eius</strong></span> <span class='ocrx_word' id='word_1_136' title='bbox 374 1742 487 1800; x_wconf 88' lang='lat' dir='ltr'><strong>evictus</strong></span> <span class='ocrx_word' id='word_1_137' title='bbox 501 1739 576 1800; x_wconf 91' lang='lat' dir='ltr'><strong>ultro</strong></span> <span class='ocrx_word' id='word_1_138' title='bbox 590 1742 703 1818; x_wconf 82' lang='lat' dir='ltr'><strong>regium</strong></span> <span class='ocrx_word' id='word_1_139' title='bbox 719 1741 833 1817; x_wconf 79' lang='lat' dir='ltr'><strong>insigne</strong></span> <span class='ocrx_word' id='word_1_140' title='bbox 845 1757 960 1798; x_wconf 84' lang='lat' dir='ltr'><strong>sumere</strong></span> <span class='ocrx_word' id='word_1_141' title='bbox 974 1739 1143 1800; x_wconf 82' lang='lat' dir='ltr'><strong>cohortatur</strong></span> 
     </span>
     <span class='ocr_line' id='line_1_20' title="bbox 139 1821 1142 1902; baseline -0.002 -17"><span class='ocrx_word' id='word_1_142' title='bbox 139 1827 320 1902; x_wconf 70' lang='lat' dir='ltr'><strong>sumentique</strong></span> <span class='ocrx_word' id='word_1_143' title='bbox 335 1823 417 1884; x_wconf 90' lang='lat' dir='ltr'><strong>adest</strong></span> <span class='ocrx_word' id='word_1_144' title='bbox 436 1832 538 1883; x_wconf 83' lang='lat' dir='ltr'><strong>auctor</strong></span> <span class='ocrx_word' id='word_1_145' title='bbox 559 1833 588 1883; x_wconf 92' lang='lat' dir='ltr'><strong>et</strong></span> <span class='ocrx_word' id='word_1_146' title='bbox 603 1824 733 1885; x_wconf 88' lang='lat' dir='ltr'><strong>satelles.</strong></span> <span class='ocrx_word' id='word_1_147' title='bbox 762 1821 840 1902; x_wconf 82' lang='lat' dir='ltr'><strong>quod</strong></span> <span class='ocrx_word' id='word_1_148' title='bbox 856 1823 904 1883; x_wconf 91' lang='lat' dir='ltr'><strong>ubi</strong></span> <span class='ocrx_word' id='word_1_149' title='bbox 920 1824 995 1902; x_wconf 85' lang='lat' dir='ltr'><strong>turpi</strong></span> <span class='ocrx_word' id='word_1_150' title='bbox 1010 1824 1085 1883; x_wconf 88' lang='lat' dir='ltr'><strong>lama</strong></span> <span class='ocrx_word' id='word_1_151' title='bbox 1101 1823 1142 1883; x_wconf 94' lang='lat' dir='ltr'><strong>di·</strong></span> 
     </span>
    </p>

    <p class='ocr_par' dir='ltr' id='par_1_7' title="bbox 104 1907 1143 2321">
     <span class='ocr_line' id='line_1_21' title="bbox 104 1907 1142 1986; baseline -0.002 -18"><span class='ocrx_word' id='word_1_152' title='bbox 104 1934 129 1977; x_wconf 67' lang='grc' dir='ltr'><strong>ιο</strong></span> <span class='ocrx_word' id='word_1_153' title='bbox 139 1909 303 1986; x_wconf 82' lang='lat' dir='ltr'><strong>vulgatum,</strong></span> <span class='ocrx_word' id='word_1_154' title='bbox 321 1926 358 1967; x_wconf 90' lang='lat' dir='ltr'><strong>ue</strong></span> <span class='ocrx_word' id='word_1_155' title='bbox 374 1908 464 1967; x_wconf 87' lang='lat' dir='ltr'><strong>ceteri</strong></span> <span class='ocrx_word' id='word_1_156' title='bbox 480 1924 597 1986; x_wconf 82' lang='lat' dir='ltr'><strong>quoque</strong></span> <span class='ocrx_word' id='word_1_157' title='bbox 613 1925 650 1969; x_wconf 84' lang='lat' dir='ltr'><strong>ex</strong></span> <span class='ocrx_word' id='word_1_158' title='bbox 657 1907 800 1986; x_wconf 80' lang='lat' dir='ltr'><strong>Paeligno</strong></span> <span class='ocrx_word' id='word_1_159' title='bbox 808 1907 1057 1983; x_wconf 86' lang='lat' dir='ltr'><strong>coniectarentur,</strong></span> <span class='ocrx_word' id='word_1_160' title='bbox 1073 1907 1142 1967; x_wconf 88' lang='lat' dir='ltr'><strong>llel·</strong></span> 
     </span>
     <span class='ocr_line' id='line_1_22' title="bbox 140 1991 1143 2070; baseline -0.001 -17"><span class='ocrx_word' id='word_1_161' title='bbox 140 1993 232 2053; x_wconf 84' lang='lat' dir='ltr'><strong>uidina</strong></span> <span class='ocrx_word' id='word_1_162' title='bbox 252 1991 369 2054; x_wconf 87' lang='lat' dir='ltr'><strong>Priscus</strong></span> <span class='ocrx_word' id='word_1_163' title='bbox 389 1991 504 2068; x_wconf 79' lang='lat' dir='ltr'><strong>legatus</strong></span> <span class='ocrx_word' id='word_1_164' title='bbox 528 2007 591 2050; x_wconf 90' lang='lat' dir='ltr'><strong>cum</strong></span> <span class='ocrx_word' id='word_1_165' title='bbox 613 1991 731 2070; x_wconf 73' lang='lat' dir='ltr'><strong>logione</strong></span> <span class='ocrx_word' id='word_1_166' title='bbox 751 1992 885 2068; x_wconf 87' lang='lat' dir='ltr'><strong>mittitur,</strong></span> <span class='ocrx_word' id='word_1_167' title='bbox 909 1991 998 2051; x_wconf 88' lang='lat' dir='ltr'><strong>rebus</strong></span> <span class='ocrx_word' id='word_1_168' title='bbox 1020 1991 1143 2053; x_wconf 87' lang='lat' dir='ltr'><strong>turbidis</strong></span> 
     </span>
     <span class='ocr_line' id='line_1_23' title="bbox 139 2074 1142 2156; baseline 0.002 -22"><span class='ocrx_word' id='word_1_169' title='bbox 139 2094 192 2156; x_wconf 91' lang='lat' dir='ltr'><strong>pro</strong></span> <span class='ocrx_word' id='word_1_170' title='bbox 214 2084 347 2154; x_wconf 83' lang='lat' dir='ltr'><strong>ternpore</strong></span> <span class='ocrx_word' id='word_1_171' title='bbox 367 2085 398 2134; x_wconf 95' lang='lat' dir='ltr'><strong>ut</strong></span> <span class='ocrx_word' id='word_1_172' title='bbox 422 2074 596 2136; x_wconf 84' lang='lat' dir='ltr'><strong>consuleret.</strong></span> <span class='ocrx_word' id='word_1_173' title='bbox 623 2077 709 2153; x_wconf 78' lang='lat' dir='ltr'><strong>igitur</strong></span> <span class='ocrx_word' id='word_1_174' title='bbox 723 2090 853 2156; x_wconf 85' lang='lat' dir='ltr'><strong>propere</strong></span> <span class='ocrx_word' id='word_1_175' title='bbox 875 2085 1001 2136; x_wconf 86' lang='lat' dir='ltr'><strong>montem</strong></span> <span class='ocrx_word' id='word_1_176' title='bbox 1019 2075 1142 2138; x_wconf 87' lang='lat' dir='ltr'><strong>&#39;laurum</strong></span> 
     </span>
     <span class='ocr_line' id='line_1_24' title="bbox 138 2159 1141 2240; baseline -0.001 -19"><span class='ocrx_word' id='word_1_177' title='bbox 138 2170 339 2238; x_wconf 82' lang='lat' dir='ltr'><strong>transgressus</strong></span> <span class='ocrx_word' id='word_1_178' title='bbox 360 2159 560 2220; x_wconf 86' lang='lat' dir='ltr'><strong>moderatione</strong></span> <span class='ocrx_word' id='word_1_179' title='bbox 583 2160 763 2240; x_wconf 81' lang='lat' dir='ltr'><strong>pluraquam</strong></span> <span class='ocrx_word' id='word_1_180' title='bbox 785 2162 814 2219; x_wconf 82' lang='lat' dir='ltr'><strong>vi</strong></span> <span class='ocrx_word' id='word_1_181' title='bbox 830 2169 1054 2238; x_wconf 89' lang='lat' dir='ltr'><strong>composuerat,</strong></span> <span class='ocrx_word' id='word_1_182' title='bbox 1078 2179 1141 2221; x_wconf 91' lang='lat' dir='ltr'><strong>cum</strong></span> 
     </span>
     <span class='ocr_line' id='line_1_25' title="bbox 139 2242 1142 2321; baseline 0.001 -16"><span class='ocrx_word' id='word_1_183' title='bbox 139 2243 405 2306; x_wconf 82' lang='lat' dir='ltr'><strong>rediretinsuriam</strong></span> <span class='ocrx_word' id='word_1_184' title='bbox 426 2242 557 2321; x_wconf 86' lang='lat' dir='ltr'><strong>iubetur,</strong></span> <span class='ocrx_word' id='word_1_185' title='bbox 579 2262 616 2304; x_wconf 92' lang='lat' dir='ltr'><strong>nc</strong></span> <span class='ocrx_word' id='word_1_186' title='bbox 638 2243 746 2304; x_wconf 89' lang='lat' dir='ltr'><strong>initium</strong></span> <span class='ocrx_word' id='word_1_187' title='bbox 769 2243 840 2304; x_wconf 87' lang='lat' dir='ltr'><strong>belli</strong></span> <span class='ocrx_word' id='word_1_188' title='bbox 861 2243 1002 2306; x_wconf 85' lang='lat' dir='ltr'><strong>adversus</strong></span> <span class='ocrx_word' id='word_1_189' title='bbox 1018 2245 1142 2306; x_wconf 89' lang='lat' dir='ltr'><strong>Parthos</strong></span> 
     </span>
    </p>

    <p class='ocr_par' dir='ltr' id='par_1_8' title="bbox 95 2330 290 2396">
     <span class='ocr_line' id='line_1_26' title="bbox 95 2330 290 2396; baseline -0.041 0"><span class='ocrx_word' id='word_1_190' title='bbox 95 2351 131 2396; x_wconf 72' lang='lat' dir='ltr'><strong>,rs</strong></span> <span class='ocrx_word' id='word_1_191' title='bbox 142 2330 290 2390; x_wconf 81' lang='lat' dir='ltr'><strong>existeret.</strong></span> 
     </span>
    </p>

    <p class='ocr_par' dir='ltr' id='par_1_9' title="bbox 139 2412 1143 2746">
     <span class='ocr_line' id='line_1_27' title="bbox 203 2412 1142 2491; baseline 0 -17"><span class='ocrx_word' id='word_1_192' title='bbox 203 2415 253 2476; x_wconf 83' lang='lat'><strong>50.</strong></span> <span class='ocrx_word' id='word_1_193' title='bbox 279 2413 352 2474; x_wconf 85' lang='lat' dir='ltr'><strong>Nam</strong></span> <span class='ocrx_word' id='word_1_194' title='bbox 372 2413 542 2491; x_wconf 82' lang='lat' dir='ltr'><strong>Vologeses</strong></span> <span class='ocrx_word' id='word_1_195' title='bbox 562 2431 659 2472; x_wconf 87' lang='lat' dir='ltr'><strong>casum</strong></span> <span class='ocrx_word' id='word_1_196' title='bbox 679 2412 858 2474; x_wconf 87' lang='lat' dir='ltr'><strong>inuadendae</strong></span> <span class='ocrx_word' id='word_1_197' title='bbox 876 2413 1032 2474; x_wconf 80' lang='lat' dir='ltr'><strong>Armeniae</strong></span> <span class='ocrx_word' id='word_1_198' title='bbox 1054 2413 1142 2475; x_wconf 79' lang='lat' dir='ltr'><strong>obre·</strong></span> 
     </span>
     <span class='ocr_line' id='line_1_28' title="bbox 139 2497 1143 2576; baseline 0.002 -20"><span class='ocrx_word' id='word_1_199' title='bbox 139 2499 219 2557; x_wconf 89' lang='lat' dir='ltr'><strong>nisse</strong></span> <span class='ocrx_word' id='word_1_200' title='bbox 233 2507 328 2573; x_wconf 90' lang='lat' dir='ltr'><strong>ratus,</strong></span> <span class='ocrx_word' id='word_1_201' title='bbox 351 2515 433 2576; x_wconf 84' lang='lat' dir='ltr'><strong>quam</strong></span> <span class='ocrx_word' id='word_1_202' title='bbox 453 2515 469 2558; x_wconf 91' lang='lat' dir='ltr'><strong>a</strong></span> <span class='ocrx_word' id='word_1_203' title='bbox 491 2497 647 2558; x_wconf 85' lang='lat' dir='ltr'><strong>maioribus</strong></span> <span class='ocrx_word' id='word_1_204' title='bbox 663 2497 723 2556; x_wconf 85' lang='lat' dir='ltr'><strong>suis</strong></span> <span class='ocrx_word' id='word_1_205' title='bbox 745 2513 913 2576; x_wconf 80' lang='lat' dir='ltr'><strong>possessam</strong></span> <span class='ocrx_word' id='word_1_206' title='bbox 934 2506 1071 2558; x_wconf 82' lang='lat' dir='ltr'><strong>extentus</strong></span> <span class='ocrx_word' id='word_1_207' title='bbox 1088 2515 1143 2558; x_wconf 85' lang='lat' dir='ltr'><strong>rex</strong></span> 
     </span>
     <span class='ocr_line' id='line_1_29' title="bbox 140 2580 1142 2660; baseline 0 -18"><span class='ocrx_word' id='word_1_208' title='bbox 140 2582 249 2658; x_wconf 80' lang='lat' dir='ltr'><strong>flagitio</strong></span> <span class='ocrx_word' id='word_1_209' title='bbox 268 2584 429 2660; x_wconf 83' lang='lat' dir='ltr'><strong>optineret,</strong></span> <span class='ocrx_word' id='word_1_210' title='bbox 453 2580 596 2642; x_wconf 88' lang='lat' dir='ltr'><strong>contrahit</strong></span> <span class='ocrx_word' id='word_1_211' title='bbox 616 2582 717 2660; x_wconf 84' lang='lat' dir='ltr'><strong>copias</strong></span> <span class='ocrx_word' id='word_1_212' title='bbox 739 2581 915 2659; x_wconf 79' lang='lat' dir='ltr'><strong>fratremque</strong></span> <span class='ocrx_word' id='word_1_213' title='bbox 929 2581 1076 2644; x_wconf 77' lang='lat' dir='ltr'><strong>Tiridaten</strong></span> <span class='ocrx_word' id='word_1_214' title='bbox 1092 2583 1142 2642; x_wconf 93' lang='lat' dir='ltr'><strong>de·</strong></span> 
     </span>
     <span class='ocr_line' id='line_1_30' title="bbox 141 2664 1143 2746; baseline 0 -20"><span class='ocrx_word' id='word_1_215' title='bbox 141 2666 247 2726; x_wconf 88' lang='lat' dir='ltr'><strong>ducere</strong></span> <span class='ocrx_word' id='word_1_216' title='bbox 268 2665 297 2724; x_wconf 91' lang='lat' dir='ltr'><strong>in</strong></span> <span class='ocrx_word' id='word_1_217' title='bbox 320 2683 441 2742; x_wconf 83' lang='lat' dir='ltr'><strong>regnum</strong></span> <span class='ocrx_word' id='word_1_218' title='bbox 463 2674 558 2744; x_wconf 86' lang='lat' dir='ltr'><strong>parat,</strong></span> <span class='ocrx_word' id='word_1_219' title='bbox 581 2683 618 2725; x_wconf 88' lang='lat' dir='ltr'><strong>ne</strong></span> <span class='ocrx_word' id='word_1_220' title='bbox 641 2683 697 2745; x_wconf 89' lang='lat' dir='ltr'><strong>qua</strong></span> <span class='ocrx_word' id='word_1_221' title='bbox 722 2683 790 2745; x_wconf 88' lang='lat' dir='ltr'><strong>pars</strong></span> <span class='ocrx_word' id='word_1_222' title='bbox 811 2664 912 2726; x_wconf 87' lang='lat' dir='ltr'><strong>domus</strong></span> <span class='ocrx_word' id='word_1_223' title='bbox 935 2667 1143 2746; x_wconf 88' lang='lat' dir='ltr'><strong>sine·imperio</strong></span> 
     </span>
    </p>

    <p class='ocr_par' dir='ltr' id='par_1_10' title="bbox 118 2749 1145 3167">
     <span class='ocr_line' id='line_1_31' title="bbox 118 2749 1143 2830; baseline 0 -18"><span class='ocrx_word' id='word_1_224' title='bbox 118 2757 253 2826; x_wconf 80' lang='lat' dir='ltr'><strong>tegeret.</strong></span> <span class='ocrx_word' id='word_1_225' title='bbox 282 2750 399 2810; x_wconf 89' lang='lat' dir='ltr'><strong>incessu</strong></span> <span class='ocrx_word' id='word_1_226' title='bbox 412 2749 581 2812; x_wconf 87' lang='lat' dir='ltr'><strong>Parthorum</strong></span> <span class='ocrx_word' id='word_1_227' title='bbox 604 2751 667 2810; x_wconf 90' lang='lat' dir='ltr'><strong>sine</strong></span> <span class='ocrx_word' id='word_1_228' title='bbox 687 2749 751 2810; x_wconf 88' lang='lat' dir='ltr'><strong>acis</strong></span> <span class='ocrx_word' id='word_1_229' title='bbox 765 2750 841 2829; x_wconf 89' lang='lat' dir='ltr'><strong>pulsi</strong></span> <span class='ocrx_word' id='word_1_230' title='bbox 855 2750 973 2828; x_wconf 88' lang='lat' dir='ltr'><strong>lliberi,</strong></span> <span class='ocrx_word' id='word_1_231' title='bbox 996 2751 1143 2830; x_wconf 87' lang='lat' dir='ltr'><strong>urbesque</strong></span> 
     </span>
     <span class='ocr_line' id='line_1_32' title="bbox 140 2833 1145 2914; baseline 0.004 -22"><span class='ocrx_word' id='word_1_232' title='bbox 140 2834 342 2893; x_wconf 81' lang='lat' dir='ltr'><strong>Armeniorum</strong></span> <span class='ocrx_word' id='word_1_233' title='bbox 350 2833 492 2895; x_wconf 81' lang='lat' dir='ltr'><strong>Artaxata</strong></span> <span class='ocrx_word' id='word_1_234' title='bbox 502 2842 531 2894; x_wconf 88' lang='lat' dir='ltr'><strong>et</strong></span> <span class='ocrx_word' id='word_1_235' title='bbox 539 2834 749 2912; x_wconf 79' lang='lat' dir='ltr'><strong>Tigranocerta</strong></span> <span class='ocrx_word' id='word_1_236' title='bbox 758 2836 856 2912; x_wconf 82' lang='lat' dir='ltr'><strong>iugum</strong></span> <span class='ocrx_word' id='word_1_237' title='bbox 866 2851 1021 2914; x_wconf 86' lang='lat' dir='ltr'><strong>accepere.</strong></span> <span class='ocrx_word' id='word_1_238' title='bbox 1038 2835 1145 2896; x_wconf 86' lang='lat' dir='ltr'><strong>deinde</strong></span> 
     </span>
     <span class='ocr_line' id='line_1_33' title="bbox 141 2915 1143 2998; baseline 0.005 -21"><span class='ocrx_word' id='word_1_239' title='bbox 141 2926 225 2977; x_wconf 89' lang='lat' dir='ltr'><strong>atrox</strong></span> <span class='ocrx_word' id='word_1_240' title='bbox 245 2915 336 2978; x_wconf 85' lang='lat' dir='ltr'><strong>hiems</strong></span> <span class='ocrx_word' id='word_1_241' title='bbox 359 2937 411 2978; x_wconf 90' lang='lat' dir='ltr'><strong>seu</strong></span> <span class='ocrx_word' id='word_1_242' title='bbox 428 2935 527 2997; x_wconf 89' lang='lat' dir='ltr'><strong>parurn</strong></span> <span class='ocrx_word' id='word_1_243' title='bbox 548 2919 658 2998; x_wconf 80' lang='lat' dir='ltr'><strong>provisi</strong></span> <span class='ocrx_word' id='word_1_244' title='bbox 675 2927 852 2980; x_wconf 87' lang='lat' dir='ltr'><strong>commeatus</strong></span> <span class='ocrx_word' id='word_1_245' title='bbox 876 2927 906 2979; x_wconf 89' lang='lat' dir='ltr'><strong>et</strong></span> <span class='ocrx_word' id='word_1_246' title='bbox 927 2927 991 2979; x_wconf 91' lang='lat' dir='ltr'><strong>orta</strong></span> <span class='ocrx_word' id='word_1_247' title='bbox 1012 2939 1050 2980; x_wconf 85' lang='lat' dir='ltr'><strong>ex</strong></span> <span class='ocrx_word' id='word_1_248' title='bbox 1064 2929 1143 2982; x_wconf 89' lang='lat' dir='ltr'><strong>ntro·</strong></span> 
     </span>
     <span class='ocr_line' id='line_1_34' title="bbox 141 2999 1144 3083; baseline 0.005 -23"><span class='ocrx_word' id='word_1_249' title='bbox 141 3019 196 3081; x_wconf 87' lang='lat' dir='ltr'><strong>que</strong></span> <span class='ocrx_word' id='word_1_250' title='bbox 208 2999 292 3062; x_wconf 86' lang='lat' dir='ltr'><strong>tabes</strong></span> <span class='ocrx_word' id='word_1_251' title='bbox 303 3002 470 3083; x_wconf 87' lang='lat' dir='ltr'><strong>perpellunt</strong></span> <span class='ocrx_word' id='word_1_252' title='bbox 478 3002 652 3080; x_wconf 76' lang='lat' dir='ltr'><strong>Vologesen</strong></span> <span class='ocrx_word' id='word_1_253' title='bbox 670 3004 802 3064; x_wconf 86' lang='lat' dir='ltr'><strong>omittere</strong></span> <span class='ocrx_word' id='word_1_254' title='bbox 817 3005 992 3083; x_wconf 85' lang='lat' dir='ltr'><strong>praesentia.</strong></span> <span class='ocrx_word' id='word_1_255' title='bbox 1009 3020 1144 3065; x_wconf 85' lang='lat' dir='ltr'><strong>vacuam·</strong></span> 
     </span>
     <span class='ocr_line' id='line_1_35' title="bbox 141 3086 1144 3167; baseline 0.002 -21"><span class='ocrx_word' id='word_1_256' title='bbox 141 3105 197 3167; x_wconf 87' lang='lat' dir='ltr'><strong>qne</strong></span> <span class='ocrx_word' id='word_1_257' title='bbox 212 3105 311 3148; x_wconf 86' lang='lat' dir='ltr'><strong>rursus</strong></span> <span class='ocrx_word' id='word_1_258' title='bbox 325 3087 490 3148; x_wconf 87' lang='lat' dir='ltr'><strong>Armeniam</strong></span> <span class='ocrx_word' id='word_1_259' title='bbox 505 3086 688 3148; x_wconf 82' lang='lat' dir='ltr'><strong>Radamistus</strong></span> <span class='ocrx_word' id='word_1_260' title='bbox 703 3087 821 3166; x_wconf 82' lang='lat' dir='ltr'><strong>invasit,</strong></span> <span class='ocrx_word' id='word_1_261' title='bbox 844 3088 1035 3150; x_wconf 77' lang='lat' dir='ltr'><strong>huculeutior</strong></span> <span class='ocrx_word' id='word_1_262' title='bbox 1058 3105 1144 3166; x_wconf 84' lang='lat' dir='ltr'><strong>quam</strong></span> 
     </span>
    </p>

    <p class='ocr_par' dir='ltr' id='par_1_11' title="bbox 106 3171 1147 3419">
     <span class='ocr_line' id='line_1_36' title="bbox 106 3171 1147 3252; baseline -0.004 -15"><span class='ocrx_word' id='word_1_263' title='bbox 106 3180 242 3250; x_wconf 82' lang='lat' dir='ltr'><strong>mantea,</strong></span> <span class='ocrx_word' id='word_1_264' title='bbox 264 3181 406 3250; x_wconf 86' lang='lat' dir='ltr'><strong>tamquam</strong></span> <span class='ocrx_word' id='word_1_265' title='bbox 429 3171 569 3234; x_wconf 84' lang='lat' dir='ltr'><strong>aduersus</strong></span> <span class='ocrx_word' id='word_1_266' title='bbox 586 3171 753 3234; x_wconf 79' lang='lat' dir='ltr'><strong>defectores</strong></span> <span class='ocrx_word' id='word_1_267' title='bbox 772 3181 802 3232; x_wconf 89' lang='lat' dir='ltr'><strong>et</strong></span> <span class='ocrx_word' id='word_1_268' title='bbox 822 3172 851 3232; x_wconf 91' lang='lat' dir='ltr'><strong>in</strong></span> <span class='ocrx_word' id='word_1_269' title='bbox 870 3182 1004 3252; x_wconf 87' lang='lat' dir='ltr'><strong>tempore</strong></span> <span class='ocrx_word' id='word_1_270' title='bbox 1018 3172 1147 3234; x_wconf 86' lang='lat' dir='ltr'><strong>rebella-</strong></span> 
     </span>
     <span class='ocr_line' id='line_1_37' title="bbox 141 3255 1142 3338; baseline 0.002 -24"><span class='ocrx_word' id='word_1_271' title='bbox 141 3264 232 3316; x_wconf 90' lang='lat' dir='ltr'><strong>turos.</strong></span> <span class='ocrx_word' id='word_1_272' title='bbox 263 3264 349 3334; x_wconf 87' lang='lat' dir='ltr'><strong>atquc</strong></span> <span class='ocrx_word' id='word_1_273' title='bbox 368 3255 427 3334; x_wconf 91' lang='lat' dir='ltr'><strong>illi,</strong></span> <span class='ocrx_word' id='word_1_274' title='bbox 451 3257 583 3334; x_wconf 85' lang='lat' dir='ltr'><strong>quamvls</strong></span> <span class='ocrx_word' id='word_1_275' title='bbox 601 3257 721 3317; x_wconf 82' lang='lat' dir='ltr'><strong>seruitio</strong></span> <span class='ocrx_word' id='word_1_276' title='bbox 736 3256 829 3334; x_wconf 86' lang='lat' dir='ltr'><strong>sueti,</strong></span> <span class='ocrx_word' id='word_1_277' title='bbox 851 3259 1017 3338; x_wconf 86' lang='lat' dir='ltr'><strong>patientiam</strong></span> <span class='ocrx_word' id='word_1_278' title='bbox 1030 3256 1142 3318; x_wconf 88' lang='lat' dir='ltr'><strong>abrum-</strong></span> 
     </span>
     <span class='ocr_line' id='line_1_38' title="bbox 142 3340 747 3419; baseline 0.01 -23"><span class='ocrx_word' id='word_1_279' title='bbox 142 3348 212 3417; x_wconf 93' lang='lat' dir='ltr'><strong>punt</strong></span> <span class='ocrx_word' id='word_1_280' title='bbox 227 3341 370 3419; x_wconf 86' lang='lat' dir='ltr'><strong>armisque</strong></span> <span class='ocrx_word' id='word_1_281' title='bbox 385 3340 494 3418; x_wconf 72' lang='lat' dir='ltr'><strong>regiam</strong></span> <span class='ocrx_word' id='word_1_282' title='bbox 511 3341 747 3404; x_wconf 86' lang='lat' dir='ltr'><strong>circumveniunt.</strong></span> 
     </span>
    </p>

    <p class='ocr_par' dir='ltr' id='par_1_12' title="bbox 201 3421 1143 3506">
     <span class='ocr_line' id='line_1_39' title="bbox 201 3421 1143 3506; baseline 0 -25"><span class='ocrx_word' id='word_1_283' title='bbox 201 3423 251 3482; x_wconf 81' lang='lat'><strong>51.</strong></span> <span class='ocrx_word' id='word_1_284' title='bbox 275 3421 338 3484; x_wconf 87' lang='lat' dir='ltr'><strong>Nec</strong></span> <span class='ocrx_word' id='word_1_285' title='bbox 357 3422 433 3485; x_wconf 92' lang='lat' dir='ltr'><strong>aliud</strong></span> <span class='ocrx_word' id='word_1_286' title='bbox 452 3423 620 3486; x_wconf 90' lang='lat' dir='ltr'><strong>Radamisto</strong></span> <span class='ocrx_word' id='word_1_287' title='bbox 649 3425 806 3488; x_wconf 89' lang='lat' dir='ltr'><strong>subsidium</strong></span> <span class='ocrx_word' id='word_1_288' title='bbox 830 3426 883 3488; x_wconf 90' lang='lat' dir='ltr'><strong>init</strong></span> <span class='ocrx_word' id='word_1_289' title='bbox 906 3443 990 3506; x_wconf 83' lang='lat' dir='ltr'><strong>quam</strong></span> <span class='ocrx_word' id='word_1_290' title='bbox 1019 3423 1143 3506; x_wconf 89' lang='lat' dir='ltr'><strong>pernici·</strong></span> 
     </span>
    </p>
   </div>
   <div class='ocr_carea' id='block_1_4' title="bbox 0 0 1296 3878">
    <p class='ocr_par' dir='ltr' id='par_1_13' title="bbox 0 0 1296 3878">
     <span class='ocr_line' id='line_1_40' title="bbox 0 0 1296 3878; baseline 0 0"><span class='ocrx_word' id='word_1_291' title='bbox 0 0 1296 3878; x_wconf 95' lang='lat' dir='ltr'><strong> </strong></span> 
     </span>
    </p>
   </div>
  </div>
 </body>
</html>
