2596 3872
417 239 522 287 urana
537 239 607 286 xvr.
624 235 837 308 camut-23.
1065 225 1129 289 325
1201 219 1205 226 ”

123 407 178 462 rat.
214 395 260 456 die
282 412 415 474 quoque,
438 412 494 473 quo
516 401 635 471 praetor
650 392 791 452 Antistius
808 391 845 452 ob
862 391 969 470 probra
992 394 1020 454 in
1033 393 1127 457 Nero·

123 500 189 543 nem
208 480 369 558 composita
389 477 424 538 ad
445 487 567 538 mortem
587 475 789 553 damnabatur,
814 477 929 538 mitiora
949 479 1062 538 censuit
1076 479 1165 542 obre

124 566 278 643 ducitque:
292 571 321 624 et
334 579 398 622 eum
410 563 494 622 deum
505 561 633 622 honores
641 561 798 641 Poppaeae
809 559 1009 640 decernuntur,
1022 573 1129 640 sponte

124 650 249 724 absens,
270 645 364 707 funeri
381 663 440 707 nou
463 645 645 706 interfuerat.
674 661 748 722 quae
765 642 914 704 obliterari
935 660 993 704 nou
1014 646 1129 707 sinebat

124 733 232 811 Capito
254 728 456 808 Cossutianus,
481 738 598 808 praeter
614 728 736 790 animum
757 727 793 788 ad
814 728 922 804 flagitia
939 731 1129 808 praecipitem

120 816 240 896 iniquus
255 814 420 890 Thraseae,
437 813 516 892 quod
531 812 702 873 austeritate
719 813 780 871 eius
798 809 989 889 concidisset,
1004 813 1128 874 iurantis

121 901 246 962 Cilicum
262 898 390 976 legatos,
405 897 470 958 dum
487 894 659 975 Capitonem
672 895 895 975 repetundarum
911 896 1100 974 interrogant.
1138 919 1164 960 aa

189 983 238 1044 22.
259 983 334 1057 Quin
355 990 383 1042 et
404 980 454 1042 illa
470 969 653 1058 oblectabat,
675 980 820 1058 principio
844 979 908 1038 anni
929 980 1021 1040 vitare
1038 979 1127 1042 Thra-

120 1085 204 1131 seam
226 1066 369 1127 sollemne
390 1067 433 1126 ius
454 1064 617 1134 iurandum
638 1062 898 1144 nuncupationibus
918 1072 1050 1125 votorum
1071 1082 1128 1125 non

122 1153 248 1228 adesse,
265 1149 395 1230 quamuis
412 1147 660 1229 quindecimvirali
675 1147 842 1226 sacerdotio
858 1146 1032 1226 praeditum
1048 1166 1128 1208 num·

123 1253 210 1317 quarn
225 1251 280 1313 pro
297 1233 389 1294 salute
402 1233 541 1313 principis
556 1241 604 1294 ant
620 1232 741 1293 caelesti
759 1250 834 1292 voce
850 1231 1062 1302 immolavisse;
1080 1232 1127 1294 ad-

122 1318 326 1382 siduum-olim
347 1325 377 1377 et
395 1317 588 1394 indefessum,
611 1317 659 1396 qni
683 1315 854 1393 volgaribus
876 1332 992 1395 quoque
1015 1326 1154 1397 patrumr

125 1403 266 1486 consultis
287 1409 380 1462 semet
399 1401 542 1462 fautorem
563 1409 612 1463 aut
625 1398 820 1462 adversarium
835 1398 1019 1478 ostenderet,
1042 1401 1128 1460 trien·

125 1489 176 1548 nio
190 1504 247 1547 non
264 1487 401 1548 introisse
415 1486 538 1557 curiam;
559 1486 798 1565 nuperrimeque,
815 1502 879 1551 crnn
894 1481 929 1542 ad
946 1483 1129 1544 coercendos

122 1571 252 1633 Silanum
277 1579 307 1631 et
325 1571 465 1632 Veterem
486 1570 615 1631 certatim
632 1576 871 1646 concurreretur,
893 1567 1013 1648 privatis
1031 1568 1128 1646 potius

123 1654 273 1717 clientium
296 1656 423 1731 negotiis
446 1654 611 1715 vacavisse.
640 1654 840 1715 secessionem
861 1654 917 1714 iam
938 1652 967 1712 id
983 1660 1012 1712 et
1028 1661 1128 1733 partes

122 1751 164 1816 et,
181 1741 206 1799 si
221 1738 296 1798 idem
310 1737 390 1799 multi
404 1737 537 1815 audeant,
553 1737 661 1798 bellurn
678 1755 754 1796 esse.
784 1739 833 1796 ‘ut
847 1737 990 1815 quondam
1001 1735 1034 1797 C.
1051 1735 1125 1799 Cae·
1137 1755 1164 1798 m

121 1828 239 1885 sarem’
259 1823 350 1901 inquit
371 1825 418 1883 ‘et
433 1821 472 1884 bl.
489 1820 644 1901 Catonem,
667 1822 706 1882 ita
725 1839 799 1882 nnnc
814 1831 859 1896 te,
880 1821 970 1898 Nero,
991 1831 1020 1881 et
1037 1822 1128 1883 Thra·

120 1925 204 1969 seam
225 1906 310 1968 arida
329 1906 537 1967 discordiarum
560 1907 661 1968 civitas
682 1906 819 1983 loquitur.
850 1915 879 1964 et
899 1904 986 1965 habet
1002 1914 1128 1966 sectato·

121 2011 173 2053 res
194 1991 242 2052 rel
265 1991 361 2070 potius
382 1990 543 2067 satellites,
570 1991 618 2070 qui
637 1989 761 2050 nondum
783 1989 992 2050 contumaciam
1013 1998 1128 2049 senten·

16 2103 17 2152 p
121 2077 226 2132 tiaram
240 2074 295 2131 sed
309 2073 435 2134 habiturn
446 2074 615 2152 voltumque
628 2074 691 2134 eins
706 2081 864 2146 sectantur,
876 2071 962 2146 rigidi
979 2080 1008 2132 et
1019 2073 1128 2150 tristes,

16 2203 17 2230 ι
124 2173 183 2236 quo
197 2155 249 2216 tibi
263 2155 412 2215 lasciviam
427 2154 615 2234 exprobrent.
643 2154 711 2216 huic
726 2155 773 2214 uni
794 2154 975 2216 incolumitas
997 2164 1044 2214 tua
1064 2156 1162 2215 sineru

16 2245 17 2250 ’
122 2257 221 2317 cura,
245 2248 323 2300 artes
346 2239 408 2299 sine
427 2237 550 2299 honore.
584 2255 745 2318 prosperas
769 2239 908 2318 principis
929 2256 978 2299 res
999 2239 1126 2318 spernit:

122 2325 250 2384 etiamne
272 2321 397 2384 luctibus
423 2330 452 2381 et
471 2321 622 2384 doloribus
643 2340 701 2382 non
723 2320 862 2383 satiatur?
891 2322 1021 2382 eiusdem
1042 2323 1128 2383 animi

121 2417 170 2469 est
183 2408 352 2486 Poppaeam
367 2406 462 2467 diram
476 2423 533 2468 uon
551 2405 684 2487 credere,
701 2408 781 2466 culus
796 2408 825 2466 in
846 2416 912 2467 acta
927 2406 983 2467 diri
1002 2406 1128 2484 Augusti

122 2502 152 2552 ct
173 2492 230 2551 divi
253 2489 307 2550 luli
328 2507 386 2551 non
405 2491 512 2551 iurare.
553 2491 665 2569 spernit
685 2489 863 2568 religiones,
886 2489 1010 2567 abrogat
1029 2491 1125 2568 leges.

120 2577 222 2637 diurna
238 2574 339 2654 populi
352 2574 475 2636 Romani
490 2591 545 2654 per
560 2574 741 2654 provincias,
764 2593 818 2653 per
836 2577 983 2636 exercitus
1000 2576 1162 2638 curatiusze

120 2661 274 2738 leguntur,
296 2667 326 2718 nt
340 2667 478 2720 noscatur
491 2659 558 2738 quid
574 2659 704 2720 Thrasea
725 2676 784 2718 non
804 2658 919 2720 lecerit.
950 2668 999 2719 aut
1014 2669 1126 2720 transe-

120 2761 203 2806 amus
219 2742 256 2803 ad
272 2742 321 2802 illa
335 2743 477 2819 instituta,
498 2743 523 2803 si
543 2745 658 2822 potiora
674 2751 754 2818 sunt,
778 2753 826 2804 ant
845 2761 921 2804 nova
944 2744 1127 2821 cupientibus

120 2827 271 2890 auferatur
286 2825 344 2888 dux
366 2837 395 2887 et
415 2836 527 2887 auctor.
556 2829 611 2887 ista
633 2835 714 2887 secta
729 2826 901 2886 Tuberones
920 2836 949 2886 et
968 2827 1126 2904 Fauonios,

86 2957 98 2964 .
119 2912 216 2972 reteri
231 2927 348 2990 quoqne
369 2910 413 2971 rei
431 2909 568 2990 publicae
583 2911 696 2988 ingrata
714 2909 837 2986 nomina,
852 2910 963 2988 genuit.
992 2919 1023 2970 nt
1036 2913 1126 2990 impe-

118 2995 194 3055 rium
217 3003 364 3071 evertant,
385 2994 549 3056 libertatem
564 2995 746 3073 praeierunt:
763 2993 788 3051 si
804 2996 1014 3071 perverterint,
1036 2993 1123 3055 liber·
1135 3019 1163 3062 re

118 3085 209 3138 tatem
222 3076 316 3154 ipsam
331 3074 545 3152 adgrediemur.
578 3077 685 3136 frustra
706 3074 836 3137 Cassium
856 3077 1005 3155 amovisti,
1024 3078 1050 3138 si
1071 3079 1126 3156 gli-

120 3178 208 3222 scere
230 3167 259 3218 et
282 3159 386 3236 vigere
400 3158 553 3220 Brutorum
569 3159 699 3222 aemulos
715 3178 853 3239 passurus
867 3179 911 3222 es.
940 3161 1065 3242 denique
1085 3164 1126 3222 ni·

120 3244 159 3306 bil
178 3246 245 3323 ipsa
260 3242 297 3302 de
312 3242 442 3302 Thrasea
456 3244 627 3324 scripseris:
643 3243 871 3322 disceptatorem
889 3253 1020 3306 senatum
1039 3245 1127 3306 uobis

16 3387 18 3392 ,
118 3329 277 3406 relinque!
317 3325 431 3386 extollit
451 3326 494 3386 ira
514 3336 678 3408 promptum
702 3326 867 3390 Cossutiani
893 3329 1016 3390 anlmnm
1043 3327 1126 3390 Nero

119 3410 268 3488 adicitque
282 3409 451 3471 blarcellum
465 3409 585 3491 Eprium
602 3411 663 3473 acri
678 3410 854 3491 eloquentis.
1077 3448 1079 3453 ,
1133 3429 1163 3469 aa

184 3494 237 3556 23.
263 3494 302 3555 At
316 3493 438 3556 Baream
453 3495 594 3558 Soranum
609 3497 664 3557 iam
677 3494 733 3556 sibi
746 3493 878 3556 Ostorius
891 3493 1016 3556 Sabinus
1032 3491 1164 3572 eques».
