2536 3870
501 147 575 194 aar.
592 145 712 200 14--18¹
926 129 930 136 ’
1046 141 1105 204 til

2 359 3 362 ,
107 302 276 384 compositis
291 301 438 384 prioribus
453 300 522 361 nihil
538 301 610 362 ultra
630 319 716 362 ausus
735 299 850 364 Trebel.
876 305 1025 367 *Maxirno
1042 326 1108 387 pro.

106 390 229 466 vinciam
247 385 371 448 tradidit.
407 384 571 448 Trebellius
593 385 713 463 segnior
734 395 763 446 et
777 386 864 446 nullis
884 397 1044 450 castrorum
1060 409 1147 457 err-as

105 472 291 552 perimentis,
309 471 444 532 comitate
462 468 584 548 quadam
608 469 727 530 curandi
741 470 919 549 provinciam
933 473 1034 538 tenuit.
1069 474 1110 534 di-

2 547 3 554 '
105 555 206 618 dicere
225 555 280 618 iarn
299 553 416 616 bmbsri
432 570 550 633 quoque
566 553 723 630 ignoscere
738 553 815 613 vitiis
831 553 1060 634 blandientibus,
1082 566 1112 616 et

2 659 3 666 ¹
103 641 282 701 interventus
307 638 432 700 cladium
451 653 596 697 armorum
616 637 750 715 praebuit
770 638 872 696 iustam
895 641 1040 717 segnitiae
1061 659 1110 700 ex·

105 723 311 785 cusationemz.
337 722 390 782 sed
410 719 555 780 discordia
576 718 753 798 laboratum,
779 738 842 780 cum
864 722 1000 784 adsuetus
1021 742 1110 802 expe·
1211 720 1214 725 ’

2 805 3 830 ³
102 807 259 868 ditionibus
277 805 361 866 miles
385 805 445 865 otio
466 804 624 864 lasciviret.
658 803 835 883 Trebellius,
857 805 927 884 iuga
942 823 977 866 ae
991 806 1111 867 latebris
1120 827 1148 868 aa

1 885 3 920 ¹
102 893 191 952 vitata
213 889 360 950 exercitus
380 889 424 948 ira
447 885 602 948 indecorus
621 896 708 967 atque
730 887 860 965 humilis,
888 891 1023 969 precario
1042 907 1111 950 mox

2 973 3 978 ’
103 973 241 1054 praeibit,
253 968 373 1028 aevelut
386 970 472 1044 pacti,
487 970 635 1028 exereitus
649 967 805 1042 licentiam,
819 965 877 1026 dux
890 967 1011 1028 salutem
1019 977 1111 1042 esset,

104 1050 296 1116 seditiosius
317 1053 457 1132 sanguine
479 1055 569 1114 stetit.
599 1071 654 1115 nec
677 1053 793 1115 Vettius
809 1053 952 1131 Bolanus,
973 1056 1110 1116 manenti·

103 1141 158 1201 bus
187 1138 281 1202 adbuc
305 1137 448 1198 civilibus
464 1136 567 1215 bellis,
595 1139 715 1216 agitavit
740 1136 913 1200 britanniam
941 1138 1110 1218 disciplina:

104 1224 206 1286 eadem
221 1223 410 1299 inertiaerga
425 1221 534 1295 bostis,
556 1222 656 1299 similis
677 1221 835 1300 petulantia
857 1231 1034 1301 castrorum,
1056 1224 1149 1286 nisiae
1265 1295 1266 1304 χ

105 1307 183 1386 quod
203 1307 344 1368 innocens
368 1303 497 1365 llolauus
522 1313 551 1364 et
575 1305 660 1364 nullis
684 1304 799 1364 delictis
826 1305 936 1365 invisus
964 1309 1112 1367 caritatem

106 1397 259 1469 paraverat
272 1389 341 1448 loco
360 1387 547 1448 auctoritatis.

169 1474 217 1534 17.
241 1471 300 1532 Sed
315 1470 365 1531 ubi
389 1487 452 1531 cum
470 1480 569 1530 cetero
589 1471 661 1530 orbe
676 1469 876 1548 Vespasianus
894 1481 923 1532 ct
939 1472 1113 1534 Britanniam

104 1557 298 1635 reciperavit,
316 1556 412 1634 nmgni
428 1554 535 1630 duces,
555 1556 670 1632 egregii
687 1555 851 1632 exercitus,
867 1557 974 1616 minuta
988 1556 1113 1617 hostium

104 1659 186 1721 spes.
217 1649 248 1700 et
267 1648 408 1700 terrorem
429 1640 525 1699 statim
546 1639 639 1698 intulit
657 1637 777 1698 Petilius
790 1636 928 1718 Cerialis,
946 1638 1113 1718 Brigantum

105 1725 268 1801 civitatem,
292 1741 368 1804 quae
389 1723 623 1784 numerosissima
644 1722 812 1801 provinciae
827 1725 915 1784 totius
934 1723 1112 1804 perhibetur,

104 1809 272 1886 adgressus.
302 1807 390 1868 multa
411 1807 540 1887 proelia,
566 1815 595 1866 et
614 1805 768 1886 aliquando
792 1823 851 1868 non
867 1807 1030 1878 incruenta;
1052 1825 1133 1871 mas

103 1910 249 1972 gnampne
269 1891 448 1969 Brigantium
475 1900 586 1970 partem
612 1901 661 1951 aut
680 1891 803 1952 victoria
824 1891 976 1971 amplexus
999 1899 1044 1952 est
1066 1900 1114 1952 ant

103 1976 197 2036 bello.
226 1984 256 2036 et
271 1974 394 2036 Cerialis
415 1975 529 2055 quidem
546 1974 666 2035 alterius
683 1977 866 2036 successoris
885 1993 981 2036 curam
996 1975 1112 2036 lamam-

106 2077 164 2138 que
186 2059 352 2120 obruisset:
369 2061 505 2119 sustinuit
521 2059 602 2138 [quel
630 2057 736 2118 molem
763 2058 853 2120 Iulius
872 2057 1044 2136 Frontinus,
1069 2059 1114 2118 vir

106 2150 244 2220 magnus,
261 2153 396 2222 quantum
411 2142 535 2220 licebat,
558 2141 740 2221 validamque
760 2151 790 2202 et
812 2159 975 2222 pugnacem
990 2141 1113 2202 Silurum

105 2235 222 2306 gentem
239 2228 324 2287 armis
340 2227 469 2305 subegit,
496 2239 584 2305 super
603 2226 737 2286 virtutem
754 2226 878 2286 hostium
895 2225 1026 2286 locorum
1042 2241 1111 2304 quo·
1124 2245 1148 2284 ro

108 2329 165 2390 que
181 2310 366 2370 difficultates
381 2310 531 2371 eluctatus.

174 2391 221 2454 18.
243 2393 326 2454 Hunc
346 2393 508 2456 Britanniae
530 2403 648 2471 statum,
674 2393 727 2454 bas
746 2392 891 2454 bellorum
918 2393 1000 2454 vices
1019 2391 1113 2452 media

107 2482 162 2540 iam
177 2485 288 2538 aestate
303 2485 505 2556 transgressus
520 2477 662 2556 Agricola
678 2478 804 2554 invenit,
820 2495 883 2538 cnm
899 2485 928 2536 et
942 2475 1048 2537 milites
1063 2494 1112 2535 ve·

2 2587 3 2590 ¹
108 2563 150 2624 lut
164 2563 270 2622 omissa
291 2561 478 2641 expeditione
501 2562 537 2624 ad
554 2563 739 2622 securitatem
762 2570 791 2621 et
807 2559 909 2622 hostes
929 2559 966 2620 ad
979 2561 1112 2621 occasio·

105 2665 171 2709 nem
192 2653 385 2706 verterentur.
430 2646 603 2707 Ordovicum
629 2647 730 2706 civitas
755 2644 831 2706 haud
852 2645 942 2705 multo
972 2653 1038 2705 ante
1065 2643 1112 2705 ad·

106 2741 222 2792 ventum
243 2730 306 2790 eius
326 2729 399 2790 alam
422 2730 451 2789 iu
472 2730 575 2790 linibus
595 2731 654 2791 suis
677 2738 810 2807 agentem
832 2747 927 2808 prope
950 2730 1136 2793 nniversams

107 2815 283 2891 obtriverat,
308 2829 404 2893 eoque
424 2815 504 2877 initio
520 2824 619 2876 erecta
639 2813 800 2893 provincia.
834 2823 864 2873 et
882 2811 985 2892 quibus
1005 2812 1113 2874 bellum

105 2898 272 2961 volentibus
284 2907 362 2974 arat,
375 2898 501 2978 probare
517 2897 681 2977 exemplum
694 2915 729 2958 ac
742 2899 873 2958 recentis
885 2897 976 2975 legati
991 2899 1114 2957 animum

107 2983 249 3062 opperiri,
266 3001 331 3044 cnm
343 2981 497 3062 Agricola,
518 3000 689 3062 quamquam
708 2990 873 3043 manavecta
889 2991 1000 3058 aestas,
1018 2980 1113 3059 sparsi

108 3084 162 3144 per
176 3067 356 3144 provinciam
378 3067 503 3145 numeri,
526 3074 712 3146 praesumpta
727 3066 805 3145 apud
818 3067 936 3126 militem
956 3063 1034 3124 illius
1048 3062 1113 3123 anni

2 3209 3 3226 ,
108 3151 206 3228 umes,
223 3148 305 3212 tarda
318 3158 348 3209 et
362 3151 507 3210 contraria
521 3149 630 3210 bellum
648 3148 837 3224 inchoaturo,
853 3158 882 3208 et
897 3148 1047 3228 plerisque
1066 3165 1113 3207 cu·
1123 3167 1148 3210 aa

109 3231 211 3294 stodiri
232 3240 368 3312 suspecta
390 3230 486 3312 potius
501 3232 668 3311 videbatur,
688 3235 731 3293 ire
747 3233 861 3293 obviam
881 3231 1037 3292 discrimini
1057 3239 1111 3290 sta-

108 3317 175 3387 nsit;
203 3317 417 3397 contractisque
443 3317 591 3395 legionum
612 3317 728 3378 vexillis
748 3326 778 3377 et
801 3315 915 3377 modica
942 3314 1114 3375 auxiliorum

2 3397 3 3400 ’
108 3416 209 3479 manu,
238 3400 304 3481 quia
329 3402 358 3462 in
381 3419 505 3482 aequum
531 3401 653 3481 degredi
681 3399 843 3461 Ordovices
873 3415 931 3458 non
958 3394 1114 3466 audebant,
