2440 3886
381 190 751 246 nrann1.cnr.1t—aa.
836 265 841 278 ι
1033 180 1070 241 13

72 349 138 408 rimis
150 348 227 408 vicis
241 347 378 426 ipsoque
392 345 555 426 Nauporto,
573 348 650 426 quod
664 350 811 428 municipii
823 349 913 410 instar
929 358 1007 422 erat,
1024 368 1070 411 re·

74 433 173 494 tinentis
188 433 384 492 centuriones
400 432 488 492 inrisu
504 442 534 493 et
550 433 748 510 contumeliis,
770 443 920 511 postremo
936 434 1095 494 verberi-s

69 519 115 578 bus
128 519 329 590 insectantur,
350 517 510 595 praecipua
531 519 560 576 in
574 516 755 578 Aufidienum
770 517 874 577 Ruiom
889 517 1071 596 praelectum

68 613 223 662 castrorum
250 602 311 677 ira,
340 617 427 678 quem
452 601 605 680 dereptum
632 601 768 662 uehiculo
798 603 920 662 sarcinis
950 612 1072 679 gravant

64 695 208 764 aguntque
223 685 320 762 primo
342 685 371 752 in
388 687 517 762 agmine,
539 704 593 763 per
608 685 759 745 ludibrium
780 687 942 763 rogitantes
960 703 995 746 an
1015 696 1071 747 tam

59 773 197 830 immensa
212 785 318 843 onera,
331 777 389 828 tam
401 769 489 847 longa
503 770 605 829 itinera
620 768 746 829 libenter
758 769 859 828 ierret.
888 771 997 848 quippe
1013 770 1070 830 Ru·

56 856 101 913 ius
116 855 167 914 diu
182 850 393 931 manipularis,
412 852 478 912 dein
495 855 642 929 centurio,
667 869 736 913 mox
762 854 865 913 eastris
890 854 1069 932 praelectus,
1083 871 1107 914 ro

53 940 206 1016 antiquam
222 937 383 1016 duramque
399 937 525 997 militiam
539 936 715 1014 revocabat,
752 945 839 999 retus
868 940 967 1015 operis
980 956 1014 998 ac
1029 939 1069 998 la·

52 1023 136 1081 boris
154 1031 189 1081 et
204 1039 243 1081 eo
261 1021 404 1097 inmitior,
420 1022 487 1099 quia
502 1020 690 1081 toleraverat.

114 1105 172 1166 21.
195 1104 309 1165 Horum
326 1105 450 1165 adventu
461 1105 676 1183 redintegratur
687 1106 809 1182 seditio,
828 1115 858 1166 et
869 1108 936 1185 vagi
949 1107 1070 1166 circum·

50 1195 131 1252 iecta
149 1189 381 1268 populabantur.
403 1188 525 1249 Blaesus
546 1199 666 1268 paucos,
682 1190 805 1250 maxime
816 1191 926 1269 praeda
937 1199 1069 1266 onustos,

50 1277 87 1335 ad
103 1283 259 1334 terrorem
275 1282 441 1334 ceteromm
454 1273 540 1334 adiici
554 1272 745 1350 verberibus,
769 1273 864 1334 claudi
885 1292 1006 1335 carcere
1027 1277 1070 1334 iu·

54 1362 119 1424 bet:
135 1375 207 1417 nam
224 1359 313 1417 etiam
328 1367 386 1416 tum
401 1357 500 1435 legato
516 1377 532 1418 a
548 1356 764 1418 centurionibus
780 1367 810 1417 et
826 1361 938 1437 optimo
953 1375 1070 1438 quoque

59 1443 282 1522 manipularium
299 1442 465 1520 parebatur.
492 1441 535 1502 illi
549 1441 641 1502 obniti
655 1441 847 1517 trahentibus,
860 1461 1002 1521 prensare
1014 1446 1068 1502 oir·
1082 1466 1094 1504 s

62 1528 263 1588 coustantium
282 1543 393 1603 genua,
416 1528 496 1587 ciere
518 1526 604 1586 modo
626 1526 739 1586 nomina
762 1527 960 1602 singulorum,
984 1528 1070 1587 modo

63 1613 219 1671 oeumriam
236 1611 361 1689 quisque
378 1611 459 1670 ouius
472 1609 659 1690 manipularis
679 1617 757 1684 erat,
785 1609 954 1684 cohortem,
976 1611 1071 1688 legio·

59 1715 139 1772 nem,
159 1695 267 1756 eadem
284 1694 416 1754 omuibus
430 1695 570 1755 inminere
586 1693 775 1754 clamitantes.
809 1694 894 1754 simul
916 1693 1024 1774 probra
1043 1696 1071 1755 in

57 1781 188 1856 legatum
205 1778 362 1854 cumulant,
379 1779 492 1839 caelum
506 1797 542 1840 ac
557 1777 631 1838 deos
653 1777 851 1854 obtestantur,
874 1778 943 1838 nibil
966 1779 1071 1858 reliqui

57 1865 166 1924 iaciunt
183 1881 244 1943 quo
258 1863 352 1922 miuus
366 1863 499 1923 invidiam
514 1861 743 1922 misericordiam
758 1870 865 1921 metum
885 1871 914 1922 et
929 1862 987 1922 iras
1002 1882 1068 1942 per·
1081 1885 1106 1926 to

57 1957 223 2009 moverent.
254 1947 417 2007 adcurritur
430 1947 466 2007 ab
487 1947 647 2022 universis,
668 1955 698 2005 et
722 1963 843 2006 carcere
866 1947 988 2007 effracto
1011 1948 1070 2007 sol·

58 2043 125 2092 runt
145 2031 268 2091 vincula
289 2031 518 2110 desertoresque
538 2049 575 2091 ao
601 2047 699 2089 rerum
726 2029 892 2108 capitalium
921 2031 1071 2092 damnatos
1154 2109 1158 2115 Ι
1204 2103 1207 2110 ¹

12 2124 17 2143 '
58 2118 112 2175 sibi
128 2118 189 2178 iam
205 2117 339 2175 miscent.
657 2151 661 2158 -

118 2200 174 2260 22.
200 2199 386 2276 Flagrantior
400 2199 467 2259 inde
483 2200 539 2274 ris,
555 2199 656 2277 plures
678 2198 814 2259 seditioni
836 2198 937 2258 duces.
969 2208 998 2258 et
1021 2198 1070 2257 Vi·
1106 2253 1113 2270 ,

59 2283 185 2346 buleuus
202 2284 316 2361 quidam
331 2285 484 2362 gregarius
502 2283 597 2357 miles,
616 2291 683 2343 ante
700 2280 825 2342 tribunal
838 2281 937 2342 Blaesi
953 2282 1070 2342 adleva-

58 2379 100 2428 tus
116 2369 367 2430 circumstantium
382 2366 500 2443 umeris,
516 2367 593 2446 apud
602 2365 742 2427 turbatos
758 2375 787 2426 et
804 2366 872 2444 quid
892 2375 1011 2444 pararet
1030 2367 1070 2424 in·

58 2463 154 2514 tentos
170 2455 248 2512 ‘vos
262 2452 396 2530 quidem'
420 2451 511 2530 inquit
534 2451 598 2510 ‘lais
627 2450 829 2510 innocentibus
854 2459 883 2510 et
903 2451 1071 2510 miserrimis

57 2538 153 2598 lucem
169 2545 203 2596 et
217 2537 348 2614 spiritum
363 2535 546 2596 reddidistis:
563 2535 616 2595 sed
632 2536 697 2613 quis
714 2535 795 2594 iratri
809 2552 876 2594 meo
889 2536 986 2611 vitam,
1006 2536 1095 2614 quise

56 2623 180 2684 fratrem
199 2619 268 2680 milti
280 2617 396 2681 redditi
415 2638 501 2698 quem
516 2620 633 2686 missum
647 2618 684 2678 ad
698 2636 753 2679 vos
769 2616 973 2678 a‘Germani'oo
986 2637 1071 2678 exer·

55 2709 109 2767 citu
128 2707 168 2768 de
191 2704 389 2764 communibus
414 2704 572 2764 commodis
593 2712 679 2763 noete
704 2703 836 2781 proxima
857 2702 998 2780 iugulavit
1018 2720 1073 2781 per

53 2792 241 2868 gladiatores
253 2807 334 2864 suos,
350 2805 424 2867 quos
439 2789 468 2846 in
484 2788 600 2848 exitium
614 2787 734 2846 militum
749 2785 838 2847 babet
860 2796 947 2865 atque
970 2797 1071 2847 armat.

53 2875 209 2956 responde
216 2919 227 2955 ,
247 2873 371 2950 Blaese,
393 2872 443 2932 ubi
460 2871 585 2934 cadaver
600 2870 761 2932 obieceris:
785 2887 821 2930 ne
838 2871 940 2930 hostes
957 2871 1072 2950 quidem

51 2961 211 3040 sepultura
226 2957 366 3018 inrident.
401 2975 464 3017 cum
476 2955 597 3030 osculis,
614 2973 678 3014 oum
690 2954 818 3014 lacrimis
831 2954 964 3015 dolorem
976 2974 1071 3016 meum
1082 2975 1108 3016 to

54 3046 236 3124 implevero,
252 3061 300 3102 me
316 3059 434 3122 quoque
450 3040 587 3100 tmcidari
605 3039 683 3113 iube,
695 3039 761 3099 dum
774 3038 949 3108 interiectos
963 3040 1072 3100 nullum

59 3129 91 3186 ob
106 3127 296 3205 scelus,‘sed
311 3128 384 3204 quia-
391 3125 505 3186 utilitati
520 3125 667 3201 legionum
683 3122 921 3201 consulebamus,
939 3123 969 3183 hi
986 3143 1072 3203 sepe·

63 3211 152 3276 itaut’

111 3299 164 3363 23.
188 3293 376 3360 Incendebat
397 3295 471 3354 lraoc
495 3293 564 3355 lleto
589 3301 619 3352 et
642 3303 745 3373 pectus
767 3303 855 3372 atque
880 3310 914 3352 os
941 3291 1072 3350 manibus

56 3385 225 3449 verberans.
260 3397 334 3442 mox
352 3378 483 3439 disiectis
505 3395 626 3458 quorum
646 3397 700 3458 per
722 3395 842 3438 umeros
866 3374 1071 3442 sustinebatur,

46 3487 195 3554 praeceps
213 3477 247 3532 et
264 3463 449 3544 singulorum
463 3462 586 3540 pedibus
600 3454 754 3523 advolutus
773 3470 879 3521 tantum
903 3464 1073 3518 consterna·
