2570 3878
163 159 224 220 140
433 133 925 218 conuannnaciunauuuuruu

127 325 317 406 asprovincia
335 323 511 402 obvenerat,
532 342 622 404 super
641 325 789 382 numerum
808 321 974 398 legaretur,
995 318 1044 399 qui
1067 303 1170 398 templi
1266 387 1267 390 Ἴ

162 427 259 470 curam
280 411 454 488 susciperet.
495 408 615 489 etquis
635 405 763 486 Lepidus
784 407 851 486 ipse
878 402 1010 481 deligere
1031 421 1085 482 per
1105 421 1168 464 mo·
1266 397 1267 436 ³

160 494 283 554 destiam
309 491 471 570 abnuebat,
497 491 633 552 Valerius
658 489 737 551 Naso
764 507 782 550 e
808 487 966 569 praetoriis
993 495 1075 549 sorte
1100 488 1169 548 mis·

160 595 212 638 m
225 586 282 722 gp.
298 659 377 720 lnter
398 677 473 738 quae
495 658 543 719 diu
569 657 707 720 meditato
729 657 906 737 prolatoque
931 655 1049 735 saepius
1073 655 1169 715 oonsi-

161 745 202 806 lio
218 742 333 804 tandem
349 741 460 804 Caesar
474 743 503 803 in
519 741 704 823 Campaniam
720 741 885 820 abscessit,
902 739 1004 821 specie
1016 737 1171 800 dedicandi

162 826 271 907 templa
286 826 363 908 apud
380 825 508 906 Capuam
521 826 605 904 Iovi,
625 825 701 907 apud
715 825 820 887 Nolam
835 825 987 903 Augusto,
1003 821 1057 884 sed
1072 823 1171 882 certus
1266 829 1267 858 ³

138 911 268 992 ‚procul
288 910 363 971 urbe
380 910 502 988 degere.
546 929 662 972 causam
683 909 841 973 abscessus
865 925 1038 990 quamquam
1052 913 1173 968 secutus
1197 970 1201 974 ,

138 1017 153 1060 s
166 995 305 1075 plurimos
320 1003 469 1056 auctorum
483 995 520 1055 ad
536 995 634 1056 Seiani
649 1004 730 1055 artes
743 993 856 1073 rettuli,
878 995 944 1072 quia
967 1001 1064 1053 tamen
1081 990 1175 1053 caede

163 1080 226 1142 eius
247 1087 360 1158 patrata
375 1095 429 1140 sen
450 1088 556 1157 postea
579 1095 671 1140 annos
697 1078 759 1158 pari
780 1085 898 1138 secreto
919 1075 1084 1153 coniunxit,
1110 1075 1175 1154 ple·

161 1180 283 1243 rumque
298 1179 492 1242 permoveor,
514 1181 581 1224 num
602 1161 639 1223 ad
659 1164 754 1242 ipsum
775 1161 881 1222 referri
896 1161 995 1223 verius
1010 1145 1063 1237 sis,
1077 1161 1176 1220 saevi·

162 1248 286 1309 damac
307 1244 456 1308 libidInem
479 1265 543 1308 cum
564 1247 651 1308 lactis
672 1255 839 1327 promeret,
866 1245 941 1306 locis
967 1244 1177 1306 occultantem.

164 1340 246 1392 erant
266 1331 315 1410 qui
340 1329 495 1392 crederent
515 1333 545 1390 in
567 1339 718 1392 senectute
743 1330 879 1408 corporis
903 1345 1020 1408 quoque
1046 1327 1178 1391 habitum

128 1433 154 1476 ao
164 1414 269 1498 pudori
282 1415 395 1477 luisses
412 1417 523 1495 quippe
546 1415 588 1476 illi
610 1413 801 1496 praegracilis
817 1422 847 1474 et
863 1415 981 1474 incurva
998 1413 1178 1493 proceritas,

162 1500 255 1562 nudus
272 1499 381 1578 capillo
397 1508 519 1576 vertex,
543 1499 679 1560 ulcerosa
693 1499 788 1560 iacies
806 1515 843 1558 ac
858 1498 1030 1578 plerunque
1047 1497 1178 1560 medica·

161 1582 285 1644 minibus
299 1584 497 1662 interstincta;
520 1592 550 1645 et
562 1581 658 1646 Rhodi
681 1590 798 1645 secreto
814 1583 908 1643 vitare
928 1589 1047 1659 coetus,
1069 1595 1179 1643 recon-

163 1667 235 1729 dere
254 1666 424 1746 voluptates
446 1668 584 1729 insuerat.
630 1667 752 1729 traditur
776 1667 863 1728 etiarn
888 1667 988 1727 matris
1015 1666 1180 1745 inpotentia

164 1760 329 1829 extrusum,
357 1769 442 1831 quam
468 1749 680 1813 dominationis
701 1753 810 1812 sociam
840 1748 1051 1829 aspernabatur
1079 1767 1180 1830 neque

130 1852 155 1895 ne
166 1833 318 1913 depellere
336 1843 469 1914 poterat,
492 1853 556 1894 cum
571 1833 797 1896 dominationem
818 1835 912 1915 ipsam
929 1833 1035 1894 donum
1050 1834 1112 1895 eius
1127 1852 1179 1896 ac·

166 1917 304 1996 cepisset.
347 1935 412 1978 nam
438 1918 620 1981 dubitaverat
646 1919 797 1996 Augustus
822 1917 1039 1996 Germanicum,
1063 1919 1181 1979 sororis

163 2010 303 2080 nepotem
327 2009 356 2061 et
377 2002 488 2062 cunctis
509 2001 671 2080 laudatam,
693 2003 737 2064 rei
757 2003 909 2065 Romanae
929 2001 1097 2080 imponere,
1123 2001 1179 2063 sed

164 2084 303 2164 precibus
318 2086 419 2146 axoris
443 2087 555 2146 evictus
577 2086 694 2147 l'iberio
711 2084 928 2165 Germanicum,
950 2085 1006 2146 sibi
1027 2085 1178 2148 liberium

164 2169 299 2230 adscivit.
331 2167 419 2248 idque
432 2171 567 2249 Augusta
583 2168 791 2250 exprobrabat,
807 2168 996 2250 reposcebat.

229 2251 280 2314 58.
301 2252 453 2315 Profectio
469 2263 533 2315 arto
550 2256 687 2316 comitatu
700 2255 768 2316 init:
790 2271 863 2315 nnus
887 2261 1006 2316 senator
1022 2253 1178 2315 consulatu

163 2339 291 2415 iunctus,
308 2335 454 2399 Cocceius
469 2336 580 2415 Nerva,
597 2340 643 2400 cui
657 2338 757 2416 legum
775 2340 898 2418 peritia,
922 2356 1014 2417 eques
1027 2337 1177 2400 llomanns

165 2429 283 2501 praeter
298 2422 434 2482 Seianum
449 2441 487 2482 ex
508 2422 678 2484 inlustribus
694 2420 810 2484 Curtius
830 2422 964 2500 Atticus,
986 2421 1078 2483 ceteri
1101 2419 1176 2482 libe·

164 2503 275 2565 ralibus
295 2503 398 2564 studiis
419 2504 560 2585 praediti,
588 2507 681 2568 ferme
703 2504 823 2584 Graeci,
847 2525 969 2586 quorum
991 2503 1176 2567 sermonibus

137 2587 322 2648 elevaretur.
359 2589 494 2650 ferebant
516 2591 603 2670 periti
630 2591 799 2652 caelestium
825 2593 875 2652 iis.
890 2591 1017 2652 motibus
1047 2587 1175 2650 siderum

165 2671 333 2732 excessisse
348 2672 441 2734 llorna
460 2672 625 2753 Tiberium,
648 2683 679 2736 ut
698 2675 809 2736 reditus
829 2675 873 2737 illi
896 2683 1069 2753 negaretur.
1097 2673 1175 2734 unde

134 2781 138 2786 ·
165 2755 246 2818 exitii
263 2772 351 2818 causa
364 2757 462 2819 multis
479 2758 533 2819 init
555 2776 714 2840 properum
735 2761 822 2820 linem
842 2763 920 2821 vitae
944 2750 1175 2821 coniectantibui

164 2838 425 2921 vulgantibusque;
445 2860 541 2922 neque
563 2845 638 2904 enim
661 2853 719 2904 tam
734 2843 935 2905 incredibilem
954 2861 1053 2904 casum
1075 2844 1173 2923 provi·

164 2922 286 3000 debant,
307 2931 338 2984 ut
360 2925 494 2986 undecim
515 2945 570 3007 per
590 2943 681 2988 annos
704 2927 801 2990 libens
821 2930 917 3007 patria
939 2935 1063 2988 careret.
1103 2941 1172 2986 mox
1266 2977 1267 2980 ,

129 3032 154 3077 ιο
165 3008 255 3086 patuit
269 3006 361 3070 breve
384 3011 538 3071 confinium
559 3012 630 3072 artis
651 3021 681 3072 et
699 3011 783 3090 falsi,
804 3030 933 3092 veraque
956 3029 1042 3090 quam
1067 3011 1172 3073 obscu-

162 3090 204 3150 ris
225 3099 406 3170 tegerentur.
442 3113 508 3155 nam
527 3095 556 3155 in
575 3095 676 3156 urbem
694 3113 753 3156 non
774 3113 978 3174 regressurum
997 3094 1073 3157 baud
1095 3095 1174 3156 lorte

163 3172 286 3235 dictum:
310 3175 586 3240 ceterorun·nescit
612 3196 721 3258 egere,
750 3199 814 3241 cum
839 3181 1004 3260 propinquo
1031 3197 1099 3241 rure
1125 3185 1175 3238 ant

161 3256 302 3402 litorelet
319 3277 419 3405 rsipepe
438 3263 553 3323 moenia
574 3261 652 3323 urbis
677 3263 813 3325 adsidens
838 3273 996 3325 extremam
1022 3269 1173 3324 senectam

163 3358 248 3419 comp
262 3360 318 3402 eve
358 3390 365 3404 .
691 3373 696 3382 ·

226 3423 276 3484 59.
295 3423 343 3486 Ac
361 3429 439 3489 forte
460 3429 520 3491 illis
545 3427 647 3490 diebus
669 3430 796 3493 oblatum
820 3431 940 3494 Caesari
961 3447 1072 3510 anceps
1094 3427 1171 3509 peri-
