2596 3872
150 177 212 240 268
417 187 584 237 coartamur
604 187 723 236 rneurr
744 187 929 239 nnnamoru

37 363 42 374 ·
151 347 210 404 tuit.
247 360 341 421 neque
363 343 431 404 detu
456 352 486 404 et
503 342 629 404 lacrimis
648 341 783 403 arrxilium
810 342 872 402 eius
893 339 1034 402 orantium
1061 340 1155 401 ilexua

153 438 197 490 est
218 428 285 507 quin
309 427 391 488 daret
412 428 603 506 proiectionis
624 428 735 503 signum
758 434 788 487 et
807 425 1021 486 comitantcsiu
1043 433 1155 502 partem

152 513 274 592 agminis
290 513 456 591 acciperet:
478 513 501 592 si
517 528 591 590 quos
614 510 729 572 inbellis
747 527 835 571 sexus
849 517 898 570 aut
913 509 992 570 iessa
1011 517 1091 570 aetas
1106 508 1155 568 vel

119 613 140 656 ro
151 598 210 658 loci
235 594 359 656 dulcedo
373 595 542 672 attinuerat,
563 594 599 656 ab
616 595 701 656 hoste
716 595 853 674 oppressi
874 602 947 654 sunt.
980 592 1081 654 eadem
1097 591 1155 652 cla·

151 681 203 742 des
218 679 374 758 municipio
389 679 558 741 Verulamio
573 681 642 757 fuit,
667 679 733 759 quia
754 677 869 740 barbari
890 678 1004 739 omissis
1026 676 1157 739 castellis

152 761 363 846 praesidiisque
378 763 554 843 militarium,
575 763 653 844 quod
668 762 840 825 uberrimum
856 763 993 843 spolianti
1010 771 1039 822 et
1056 760 1155 822 deien-

150 847 285 910 dentibus
300 849 433 925 intutum,
456 848 525 909 laeti
550 847 709 927 praedaret
730 846 861 909 laborum
882 865 992 925 segnes
1008 845 1156 926 petebant.

151 933 187 994 ad
209 932 393 1012 septuaginta
408 931 487 993 milia
511 933 614 994 uirium
637 941 668 993 et
684 933 832 994 sociorum
852 933 887 993 iis
903 949 978 1011 quae
995 930 1155 992 memoravi

118 1017 227 1077 roloois
248 1015 393 1076 cecidisse
415 1016 552 1076 constitit.
586 1035 682 1097 neque
705 1017 779 1077 enim
796 1035 904 1098 capere
925 1024 973 1077 aut
990 1015 1156 1076 venundare

151 1099 266 1160 aliudve
282 1097 359 1179 quod
380 1098 451 1159 belli
472 1101 694 1179 commercium,
715 1100 768 1163 sed
788 1101 896 1162 caedes
919 1099 1047 1180 patibula
1070 1099 1156 1178 ignes

152 1201 273 1260 cruces,
295 1191 437 1262 tamquam
457 1181 596 1246 reddituri
618 1185 793 1265 supplicium
814 1203 849 1248 ac
870 1190 1028 1266 praerepta
1042 1183 1157 1244 interim

151 1266 279 1344 ultione,
294 1265 478 1328 festinabant.
928 1259 941 1282 ⁹

212 1351 266 1416 34.
289 1349 348 1411 Iam
371 1352 510 1413 Suetonio
535 1362 635 1432 quarta
659 1352 778 1415 decuma
801 1353 880 1431 legio
908 1371 972 1414 oum
995 1350 1157 1412 vexillariis

151 1435 353 1496 vicensimariis
376 1445 406 1495 et
431 1454 447 1496 e
473 1438 613 1517 proximis
639 1438 809 1514 auxiliares,
834 1437 937 1498 decem
960 1437 1061 1498 ierme'
1079 1435 1157 1496 milia

152 1529 324 1581 armatorum
349 1529 446 1598 eruut,
477 1539 540 1582 cunr
564 1523 698 1584 omittere
722 1522 934 1583 eructationem
959 1530 988 1583 et
1014 1518 1156 1598 congredi

151 1607 214 1666 acie
237 1612 330 1682 parat.
361 1603 521 1684 deligitque
543 1605 639 1667 locum
660 1609 729 1668 artis
743 1604 874 1667 iaucibus
897 1615 927 1667 et
947 1623 964 1667 a
981 1613 1065 1683 tergo
1082 1603 1156 1664 silua

126 1687 295 1763 seleucum,
317 1689 388 1747 sutis
411 1691 530 1766 cognito
554 1689 624 1751 nilril
646 1690 770 1751 bostium
789 1691 842 1750 nisi
863 1691 892 1750 in
914 1690 1011 1751 ironte
1026 1699 1056 1750 et
1070 1705 1156 1768 eper-

150 1779 207 1832 min
223 1769 369 1850 planitiem
384 1789 471 1847 esse,
493 1774 556 1834 sine
569 1783 646 1834 metu
661 1773 836 1836 insidiarum.
875 1775 961 1854 igitur
976 1773 1157 1852 legionarius

150 1855 290 1931 frequens
307 1852 471 1930 ordinibus,
493 1855 567 1916 levis
585 1857 692 1918 eircum
707 1868 865 1936 armatura,
890 1857 1081 1935 conglobatus
1101 1875 1157 1936 pro

152 1935 288 1997 cornibus
311 1954 402 2017 eques
424 1938 540 2000 adstitit.
582 1949 610 2001 at
627 1941 827 2005 Britannorum
849 1944 952 2023 copiae
974 1943 1081 2022 passim
1103 1959 1158 2020 per

153 2029 287 2082 catervas
311 2029 341 2081 et
357 2029 464 2082 turmas
481 2023 679 2102 exsultabant,
703 2035 808 2106 quanta
828 2043 885 2087 non
902 2026 973 2088 alias
993 2023 1158 2102 multitudo,

117 2105 288 2165 rostanno
303 2105 378 2166 adeo
394 2106 504 2183 ieroei,
520 2117 551 2169 ut
565 2110 705 2188 coniuges
720 2127 838 2190 quoque
852 2119 943 2171 testes
957 2111 1097 2172 uictoriae
1109 2127 1155 2170 se·

151 2205 215 2248 oum
231 2188 379 2259 traherent
392 2189 587 2272 plaustrisque
601 2194 789 2274 inponerent,
805 2213 879 2275 quae
894 2213 983 2275 super
997 2193 1156 2255 extremum

151 2272 285 2332 ambitum
303 2274 398 2352 campi
414 2286 582 2354 posuerant.

214 2355 265 2418 35.
287 2355 434 2420 Boudicca
458 2377 542 2420 curru
565 2360 639 2422 illias
659 2381 731 2442 prae
753 2381 785 2423 se
806 2362 932 2441 vehens,
960 2372 990 2426 ut
1013 2379 1157 2444 quamque

150 2441 295 2502 nationem
316 2450 502 2521 accesserat,
537 2443 653 2507 solitum
681 2445 794 2526 quidem
819 2447 961 2508 liritannis
986 2447 1156 2508 feminarum

150 2523 236 2612 ductu
258 2523 369 2586 bellare
392 2525 567 2607 testabatur,
595 2527 648 2590 sod
670 2539 738 2591 tunc
758 2549 816 2592 non
837 2541 869 2592 ut
891 2532 978 2592 tantis
998 2531 1155 2593 maioribus

150 2616 243 2668 ortam
266 2626 387 2686 regnum
409 2619 438 2670 et
454 2627 544 2692 opes,
569 2631 669 2674 rerum
691 2623 722 2674 ut
737 2633 821 2677 unam
841 2634 858 2676 e
881 2615 971 2696 vulgo
992 2616 1156 2677 libertatern

126 2693 302 2769 camiseam,
331 2693 496 2755 coniectum
519 2696 690 2759 verberibus
709 2717 833 2781 eorpus,
857 2709 1064 2762 contrectatam
1084 2700 1154 2760 iilia·

149 2792 211 2834 rum
229 2775 393 2855 pudicitiam
409 2778 522 2841 ulcisci.
552 2798 590 2842 eo
610 2793 766 2861 prouectas
781 2785 977 2847 Romanorum
989 2783 1155 2864 cupidines,

146 2867 251 2920 utnon
267 2876 410 2940 corpora,
433 2881 469 2924 ne
485 2873 631 2926 senectam
657 2867 771 2947 quidem
789 2878 836 2930 aut
852 2868 1045 2947 uirginitatem
1060 2867 1154 2946 inpol-

110 2973 113 2979 ·
149 2943 237 3002 lutam
252 2943 424 3024 relinquant.
452 2946 557 3009 adessa
581 2957 676 3011 tamen
696 2951 769 3013 deos
789 2954 882 3014 iustae
896 2953 1056 3014 uindictae:
1077 2953 1151 3013 ceci·

149 3025 228 3086 disse
249 3026 397 3106 legionem
417 3049 491 3110 quae
512 3032 654 3111 proelium
675 3053 744 3097 ausa
766 3038 819 3107 sit;
845 3045 962 3098 eeteros
982 3037 1084 3098 castris
1103 3053 1152 3096 oc·

114 3109 252 3172 utcultari
273 3120 321 3172 aut
339 3113 438 3191 iugum
467 3115 704 3196 circumspicere.
751 3137 788 3182 nc
813 3122 965 3200 strepitum
987 3119 1100 3201 quidem
1124 3128 1155 3180 et

150 3194 305 3256 clamorem
327 3205 370 3256 tot
391 3197 514 3277 milium,
537 3201 641 3262 nedum
661 3205 785 3282 impetus
808 3212 838 3266 et
858 3223 958 3267 manus
977 3205 1157 3284 perlaturos:

148 3277 174 3336 si
191 3279 292 3357 copias
307 3291 490 3359 armatorum,
506 3284 530 3343 si
547 3303 649 3346 causas
665 3286 736 3348 belli
750 3305 850 3349 secum
865 3289 1075 3369 expenderent,
1091 3290 1152 3351 rin·

150 3360 270 3457 cendum
285 3363 335 3462 illa
350 3367 414 3427 acie
429 3366 477 3426 vel
500 3366 658 3432 cadendum
673 3389 750 3433 esse.
791 3371 820 3432 id
836 3373 949 3434 mulieri
964 3374 1152 3435 destinatum:

149 3454 280 3505 moerent
295 3449 349 3506 nri
368 3459 396 3510 et
411 3451 565 3512 seruirent.
