2536 3870
175 121 242 186 wll
405 131 571 180 coenatu
587 131 706 180 rncmr
722 131 928 182 unumunurn

175 297 247 368 gunt
263 288 342 348 ieras
360 294 389 346 et
404 284 534 347 detracta
549 285 692 346 velamina
707 295 847 364 spargunt
858 287 983 348 maculis
994 289 1202 367 pellibusque

177 372 424 450 beluarumque·
440 371 569 436 exterior
585 367 721 431 Oceanus
734 378 820 450 atque
834 373 965 447 ignotum
981 389 1065 434 mare
1077 375 1202 452 gignit.

176 475 234 520 nec
247 456 321 519 alins
336 455 450 516 leminis
464 472 549 533 quam
563 454 634 515 viris
649 453 781 531 babitus,
803 455 859 514 nisi
881 455 960 534 quod
975 455 1112 518 feminae
1129 477 1202 518 sae·
1240 457 1247 468 '

140 544 243 622 mpius
257 541 343 602 lineis
362 539 513 601 amictibus
537 538 668 598 velantur
689 554 803 617 eosque
822 554 950 617 purpura
968 542 1107 619 variant,
1126 561 1203 622 par·

176 637 295 704 temque
310 625 432 685 vestitus
447 623 608 702 superioris
622 625 651 682 in
664 621 793 683 manicas
814 639 872 683 non
891 623 1066 702 extendunt,
1091 625 1203 688 nudae

176 709 297 770 brachia
321 726 356 769 ae
383 707 527 775 lacertum
554 705 607 767 sed
631 715 662 766 et
686 707 819 785 proxima
844 725 912 786 pars
936 709 1070 786 pectoris
1096 719 1203 788 patet.

177 809 349 874 quamquam
363 809 469 853 severa
483 791 545 850 illic
559 790 753 866 matrimonia,
767 807 824 851 nec
838 789 928 852 ullam
941 809 1054 852 morum
1070 804 1202 872 partem

176 878 272 954 magis
288 876 462 937 laudaveris.
493 890 557 936 nam
573 891 668 953 prope
686 873 741 934 scli
763 873 952 936 barbarorum
969 877 1102 954 singulis
1119 895 1202 938 uxo·

141 960 259 1023 neribus
275 961 403 1021 conteuti
418 967 498 1036 suut,
515 959 648 1037 exceptis
662 958 814 1019 admodum
830 960 949 1037 paucis,
969 961 1019 1039 qni
1038 977 1105 1022 non
1129 963 1201 1024 libi·

178 1046 245 1106 dine
263 1044 316 1105 sed
331 1043 369 1105 ob
386 1042 567 1103 nobilitatem
582 1042 713 1121 pluribus
727 1043 834 1121 nuptiis
848 1042 1019 1104 ambiuntur.

243 1127 292 1190 18.
313 1127 421 1188 Dotem
447 1143 593 1187 nonuxor
607 1128 726 1204 marito,
752 1125 805 1187 sed
831 1127 915 1187 uxori
938 1128 1059 1188 maritus
1090 1131 1196 1190 cb'ert.

178 1213 319 1272 intereunt
340 1219 477 1290 parentes
501 1217 534 1272 et
556 1212 713 1291 propinqui
731 1228 767 1272 ac
780 1209 907 1290 probant
921 1229 1060 1290 munera,
1074 1229 1144 1274 nun
1158 1216 1194 1274 ad

177 1295 300 1357 delicias
315 1295 475 1356 muliebres
490 1297 622 1374 putente
639 1313 696 1355 nec
714 1294 818 1374 qubus
839 1312 915 1357 nora
934 1305 1023 1376 nupta
1039 1308 1185 1372 comatur,

176 1380 231 1441 sed
250 1380 343 1442 boves
355 1389 385 1442 et
401 1381 544 1440 frenatum
558 1397 665 1458 equum
680 1389 710 1440 et
731 1387 842 1441 scutum
865 1397 929 1440 cum
944 1380 1057 1442 iramea
1072 1382 1187 1460 gladic

154 1483 245 1546 sque.
284 1465 314 1524 in
333 1465 408 1525 baec
424 1481 543 1524 munera
562 1481 639 1524 uxor
660 1465 818 1543 accipitur,
840 1473 928 1543 atque
950 1464 979 1524 in
1000 1465 1102 1527 vicem
1129 1471 1192 1546 ipsa

177 1566 322 1610 minorum
336 1548 444 1627 aliquid
466 1549 531 1608 viro
552 1546 661 1608 adfert:
683 1546 742 1609 boc
756 1546 909 1608 maximum
923 1546 1093 1626 vinculum,
1113 1551 1194 1612 'baec

177 1650 284 1694 arcana
298 1650 396 1710 mura,
411 1631 466 1691 bos
484 1631 654 1709 coniugales
668 1630 741 1691 deos
759 1630 943 1692 arbitrantur.
976 1650 1015 1692 nr
1029 1651 1066 1692 se
1082 1635 1195 1697 mulier

177 1725 260 1776 extra
281 1718 416 1776 virtutum
434 1715 629 1792 cogitationes
651 1724 793 1793 extraque
810 1714 954 1776 bellorum
979 1733 1067 1776 casus
1092 1728 1196 1796 putet,

176 1799 250 1879 ipsis
265 1799 431 1877 incipientis
445 1799 616 1877 matrimonii
631 1799 771 1876 auspiciis
785 1798 954 1861 admonetur
969 1802 1073 1861 venire
1095 1821 1135 1862 se
1153 1804 1197 1864 la·

140 1905 169 1946 ac
178 1882 281 1942 borum
295 1881 552 1960 periculorumque
560 1883 686 1960 sociam,
700 1881 776 1942 idem
790 1883 818 1942 in
831 1898 924 1961 pace,
940 1883 1015 1944 idem
1027 1885 1057 1945 in
1066 1887 1196 1962 proelio

176 1982 330 2046 passuram
346 1982 553 2044 ausuramque:
570 1965 628 2025 boc
642 1967 732 2026 iuncti
745 1965 857 2044 boves,
871 1965 931 2028 boc
947 1977 1065 2048 paratus
1080 1986 1196 2049 equus,

175 2050 235 2110 boc
250 2049 316 2111 data
328 2066 407 2110 arma
421 2049 597 2112 denuntiant.
612 2051 657 2110 sic
671 2048 843 2129 vivendum,
861 2051 905 2111 sic
924 2051 1124 2131 pereundum:
1145 2073 1194 2116 ac·
1242 2070 1250 2121 t

178 2137 280 2214 cipere
296 2151 332 2193 ss
346 2152 422 2214 quae
440 2134 540 2194 liberis
554 2132 692 2195 inviolata
705 2151 740 2194 ac
753 2133 839 2212 digna
858 2133 978 2213 reddat,
1003 2153 1080 2215 quac
1098 2155 1194 2198 nurus

177 2219 326 2296 accipiant
341 2234 501 2295 rursusque
517 2217 553 2278 ad
570 2226 696 2298 nepotes
709 2216 883 2278 referamur.

243 2302 293 2363 19.
315 2300 397 2379 Ergo
419 2308 522 2380 saepta
543 2301 682 2378 pudicitia
709 2309 814 2378 agunt,
837 2302 926 2364 nullis
948 2304 1192 2384 spectaculorum

176 2385 356 2461 inlecebris,
379 2384 466 2445 nullis
481 2385 680 2445 conviviorum
697 2385 905 2448 irritationibus
921 2397 1089 2468 corruptae.
1125 2388 1191 2450 lite·

106 2467 113 2479 ¹
177 2485 273 2530 ramm
289 2477 405 2530 secreta
422 2470 477 2529 viri
499 2469 610 2547 pariter
622 2487 659 2530 ac
680 2469 808 2530 laminae
829 2469 975 2548 ignorant.
1007 2471 1190 2551 paucissima

177 2556 206 2614 in
225 2562 283 2614 tam
306 2570 461 2613 numerosa
480 2560 570 2631 gente
594 2553 752 2631 adulteria,
775 2570 898 2634 quorum
923 2570 1019 2634 poena
1042 2574 1190 2635 praesens

151 2661 166 2699 e
180 2646 210 2698 et
220 2637 335 2697 maritis
353 2637 510 2715 permissa:
526 2636 649 2697 abscisis
666 2637 810 2714 crinibus,
825 2637 978 2716 nudatam,
1003 2656 1104 2702 curam
1118 2659 1187 2720 pro·

179 2721 294 2800 pinquis
310 2720 433 2798 expellit
448 2721 533 2782 domo
548 2723 668 2782 maritus
688 2739 726 2782 ac
740 2739 794 2799 per
816 2739 929 2783 omnem
945 2723 1042 2784 vicum
1060 2725 1188 2786 verbero

178 2806 255 2882 agit:
275 2803 533 2882 publicatae-enim
544 2804 702 2883 pudicitiae
717 2805 796 2866 nulla
808 2809 906 2868 venie:
923 2807 1111 2885 conforma,
1129 2827 1187 2869 nun

177 2896 290 2965 aetate,
307 2905 366 2947 non
380 2887 486 2967 opibus
500 2889 631 2950 maritum
652 2888 805 2950 invenerit.
844 2907 930 2952 nemo
948 2891 1023 2951 enim
1038 2891 1101 2953 illic
1119 2895 1187 2954 vitia

31 3039 34 3048 ⁶
176 2971 267 3049 ridet,
283 2988 340 3033 nec
356 2989 545 3053 corrumpere
558 2981 588 3032 et
602 2975 748 3053 corrumpi
763 2973 912 3034 saeculnm
924 2983 1058 3037 vocatur.
1083 2977 1186 3036 melius
1249 3049 1250 3052 Ἴ

141 3076 170 3117 rc
182 3055 297 3136 quidem
312 3054 406 3116 adbuc
421 3075 475 3118 eae
487 3057 635 3135 civitates,
651 3059 680 3117 in
696 3057 800 3138 quibua
812 3065 919 3120 tantum
934 3058 1065 3136 virgines
1077 3059 1185 3120 nubunt

179 3149 211 3200 et
226 3158 290 3201 curn
304 3159 360 3220 spe
373 3150 504 3220 votoque
518 3143 619 3202 uxoris
636 3141 729 3202 semel
744 3141 927 3220 transigitur.
948 3143 993 3203 sic
1006 3160 1094 3203 unum
1107 3149 1184 3206 acci·

179 3224 260 3300 piant
279 3226 409 3285 maritum
433 3243 491 3304 quo
511 3226 599 3286 modo
619 3243 705 3286 unum
725 3243 833 3304 corpus
855 3243 1000 3305 unamque
1020 3229 1127 3306 vitam,
1149 3247 1182 3289 ne

180 3306 239 3366 ulla
251 3311 392 3384 cogitatio
407 3310 498 3385 ultra,
517 3328 555 3369 ne
575 3309 694 3386 longior
708 3308 865 3390 cupiditas,
883 3328 921 3370 ne
943 3317 1088 3389 tamquam
1101 3315 1179 3374 mari·
1249 3373 1250 3382 ,

180 3396 240 3446 tum
261 3392 313 3451 aed
335 3401 477 3473 tamquam
496 3395 706 3454 matrimonium
727 3403 831 3457 ament.
859 3411 1008 3456 numerum
1023 3394 1181 3458 liberorum
1249 3389 1250 3454 1
