2546 3872
222 177 261 236 18
444 185 608 234 connann
623 185 743 232 sacrun
758 181 997 232 msuoarnnun
1072 143 1076 148 .

221 359 347 421 corpore
364 341 486 414 sistens,
501 340 573 399 sella
590 341 747 400 levaretur.
780 338 881 397 obvius
897 337 925 396 in
941 337 1052 398 Palatio
1068 337 1156 397 Iulias
1167 336 1218 396 ht·

183 427 293 485 aoticns
311 423 497 502 speculator,
521 431 668 482 cruentum
681 418 807 497 gladium
823 428 989 495 ostentans,
1012 422 1141 480 occisum
1156 439 1170 479 a
1186 438 1218 478 se

220 507 362 568 Othonem
381 505 567 575 exclamavit;
590 515 618 564 et
634 504 725 565 Galba
748 503 940 578 ‘commilito',
961 503 1050 580 inquit
1073 505 1150 582 ‘qrris
1166 505 1217 562 ins-

218 589 287 651 siti'
310 590 414 666 insigni
436 590 529 648 animo
553 589 586 648 ad
612 587 803 647 coercendam
817 587 967 646 militarem
990 587 1151 664 licentiam,
1172 587 1217 644 mi·

217 673 352 735 nantibus
371 673 547 751 intrepidus,
564 672 704 732 adversus
720 668 901 730 blandientes
922 669 1114 748 incorruptus.

282 757 332 819 36.
355 755 436 817 Hand
453 755 556 815 dubiae
572 757 627 814 iam
644 755 789 813 incastris
805 754 927 812 omnium
943 762 1052 812 mentes
1068 761 1221 831 tantusque

217 841 323 917 ardor,
346 850 376 900 ut
390 837 447 899 non
464 840 590 899 contenti
606 839 719 914 agmine
735 846 764 896 et
781 835 954 916 corporibus
971 837 999 895 in
1020 845 1179 914 suggestu,
1195 840 1221 895 in

219 943 277 1004 qrro
299 921 386 1003 paulo
416 933 481 982 ante
513 941 600 982 aurea
623 921 733 982 Galbae
752 929 846 983 statua
866 920 977 995 inerat,
1004 921 1130 980 medinm
1150 923 1222 980 inter

216 1011 301 1084 signa
320 1006 461 1065 Othonem
482 1006 599 1064 vexiliis
622 1004 841 1064 circumdarent.
872 1022 927 1062 nec
950 1004 1070 1063 tribunis
1090 1013 1138 1064 ant
1156 1022 1220 1083 cen-

193 1089 379 1154 aturionibns
394 1088 516 1150 adeundi
530 1089 626 1148 locus:
641 1089 794 1164 gregarius
804 1087 886 1147 miles
898 1089 996 1148 caveri
1008 1088 1128 1166 insuper
1139 1105 1220 1166 prae·
1246 1139 1247 1166 ,

217 1175 332 1252 positos
355 1171 483 1230 inbebat.
515 1181 649 1249 strepere
674 1179 776 1232 cuncta
801 1170 975 1231 clamoribus
1003 1179 1032 1229 et
1055 1170 1220 1230 tumultuet

218 1256 422 1316 exhortatione
438 1263 548 1332 mutua,
564 1273 622 1313 non
640 1258 781 1333 tamqnam
798 1255 826 1312 in·
843 1253 952 1333 populo
970 1270 1004 1313 ac
1020 1253 1121 1330 plebe,
1137 1257 1214 1314 variis

218 1341 303 1418 segni
320 1339 483 1400 adulatione
499 1339 638 1414 vocibus,
662 1337 716 1398 sed
737 1347 765 1396 ut
789 1355 931 1416 quemque
953 1337 1138 1397 adfluentium
1153 1337 1212 1396 mili·

218 1434 276 1484 turn
291 1424 505 1501 adspexerant,
529 1441 668 1501 prensare
686 1421 832 1496 manibus,
857 1421 1013 1498 complecti
1028 1422 1131 1498 armis,
1155 1438 1216 1481 oon-

182 1521 208 1564 so
218 1508 318 1569 locare
334 1509 429 1583 iuxta,
451 1508 567 1585 praeire
584 1513 808 1581 sacramentum,
832 1505 918 1564 modo
933 1505 1138 1583 imperatorem
1154 1505 1218 1563 mili·

217 1591 304 1667 tibus,
320 1589 407 1650 modo
420 1589 526 1649 milites
541 1586 708 1667 imperatori
724 1587 934 1648 commendare.
964 1605 1019 1647 nec
1033 1587 1136 1649 deerat
1148 1587 1218 1648 Otho

217 1674 395 1753 protendens
418 1691 516 1732 manus
539 1673 662 1732 adorare
683 1671 819 1748 volgum,
839 1673 937 1732 iacere
960 1666 1060 1731 oscula
1082 1681 1113 1731 et
1130 1674 1218 1732 omnia
1243 1692 1244 1740 f

217 1757 364 1816 serviliter
388 1773 441 1835 pro
463 1756 666 1815 dominatione.
697 1762 850 1833 postquam
872 1755 1007 1815 universa
1033 1755 1216 1816 classicorum
1243 1747 1245 1789 ¹

217 1841 298 1916 legio
318 1847 528 1900 sacramentnm
544 1840 605 1898 eins
621 1840 753 1916 accepit,
776 1837 868 1897 fidens
890 1837 1017 1913 viribus,
1040 1848 1069 1897 et
1085 1857 1159 1917 qnos
1175 1837 1218 1898 ad·
1246 1835 1247 1868 ¹

182 1923 273 1983 schnc
290 1922 420 2000 singulos
436 1920 687 1998 exstimulaverat,
709 1920 914 1982 accendendos
929 1921 957 1980 in
973 1939 1125 1982 commune
1144 1932 1220 1981 ratus

217 2006 364 2086 provallo
383 2014 543 2066 castrorum
557 2007 595 2066 ita
610 2007 722 2083 coepit.

280 2089 331 2151 37.
357 2090 441 2164 ‘Quis
458 2090 494 2149 ad
511 2107 564 2148 vos
578 2089 790 2166 processerim,
805 2089 1027 2164 commilitones,
1044 2088 1145 2148 dicere
1164 2105 1219 2147 non

216 2192 351 2253 possum,
374 2175 440 2252 qnia
462 2190 518 2238 nec
538 2173 679 2250 privatum
698 2189 743 2231 me
764 2190 873 2232 vocare
895 2173 1022 2232 sustineo
1044 2173 1217 2251 princepsa

217 2255 301 2316 vobis
324 2257 501 2330 nominatae,
528 2273 583 2314 neo
610 2249 772 2334 prinoipem
798 2254 856 2316 alio
886 2256 1057 2334 imperante.
1091 2265 1215 2316 vestrum

217 2357 333 2418 qnoque
353 2358 458 2399 nomen
482 2341 511 2398 in
532 2341 644 2397 incerto
660 2341 729 2416 erit,
752 2337 847 2400 donec
868 2337 1044 2400 dubitabitur
1063 2339 1213 2418 imperato-

192 2437 277 2482 ⁵rem
292 2423 393 2502 popnli
408 2423 531 2482 Romani
553 2424 700 2481 incastris
721 2441 756 2482 an
774 2422 888 2482 hostem
903 2421 1044 2482 habeatis.
1078 2422 1213 2484 auditisne

215 2517 245 2566 nt
261 2524 357 2585 poena
371 2524 435 2566 mea
450 2514 480 2565 et
494 2505 667 2584 supplicium
682 2515 810 2566 vestrum
825 2506 908 2566 simul
924 2504 1127 2585 postulentur?
1144 2505 1211 2566 adeo

215 2590 399 2674 manifestum
417 2599 462 2648 est
482 2608 577 2666 neque
598 2590 695 2667 perire
715 2607 769 2649 nos
784 2607 879 2668 neque
894 2589 992 2650 salvos
1010 2607 1078 2650 esse
1093 2590 1147 2650 nisi
1162 2603 1210 2648 nna

217 2691 321 2753 posse;
341 2681 371 2732 et
388 2674 467 2733 cuins
483 2672 609 2732 lenitatis
624 2681 669 2732 est
684 2672 794 2751 Galba,
809 2675 866 2733 iam
884 2674 1011 2734 fortasse
1030 2673 1170 2752 promisit,
1184 2678 1210 2728 ut

216 2757 263 2835 qni
278 2756 358 2816 nullo
375 2765 555 2835 exposcente
570 2765 613 2814 tot
627 2755 704 2816 milia
718 2757 1019 2818 innocentissimorum
1031 2758 1148 2820 militnm
1161 2765 1210 2814 tru-

180 2839 363 2900 rocidaverit.
396 2840 502 2900 horror
521 2841 643 2899 animum
659 2839 752 2918 subit,
775 2842 908 2919 quotiens
930 2840 1073 2902 recordor
1095 2840 1209 2902 ieralam

214 2923 360 2983 introitum
379 2932 408 2983 et
423 2922 497 2984 hanc
513 2922 604 2984 solam
620 2923 731 2985 Galbae
745 2924 914 3002 victoriam,
938 2942 1001 2984 cnm
1016 2925 1044 2985 in
1061 2925 1154 2986 oculis
1169 2939 1209 2981 nr·

215 3007 259 3066 bis
275 3005 421 3068 decumari
436 3007 548 3068 deditos
564 3007 692 3085 iuberet,
716 3025 789 3086 quos
810 3008 1004 3088 deprecantes
1024 3009 1052 3068 in
1068 3009 1154 3070 iidem
1169 3021 1208 3065 ac·

216 3100 344 3168 ceperat.
374 3090 418 3150 his
441 3093 578 3169 auspiciis
605 3090 706 3151 urbem
728 3093 896 3169 ingressus,
928 3103 1012 3171 qnam
1034 3093 1157 3170 gloriam
1179 3084 1208 3148 ad

215 3175 405 3253 principatum
427 3174 520 3234 attulit
542 3175 596 3233 nisi
618 3175 709 3234 occisi
732 3174 893 3236 Obultronii
915 3175 1013 3236 Sabini
1035 3185 1065 3236 et
1089 3169 1208 3236 Gornelii

178 3255 345 3316 ttMarcelli
361 3259 389 3316 in
404 3257 558 3336 Hispania,
579 3257 661 3318 Betui
678 3256 787 3320 Gilonis
802 3261 830 3319 in
846 3259 956 3336 Gallia,
977 3259 1081 3320 Fontei
1098 3258 1206 3336 Capito-

215 3339 259 3395 nis
275 3345 304 3396 tn
317 3339 477 3419 Germania,
494 3339 588 3401 Glodii
604 3340 693 3402 lilacri
709 3344 737 3402 in
750 3341 861 3421 Africa,
879 3342 1011 3421 Cingonii
1026 3344 1053 3402 in
1067 3345 1124 3418 via,
1143 3339 1206 3398 Tur-

216 3418 315 3494 piiiani
328 3422 355 3480 in
370 3423 458 3500 urbe,
476 3421 630 3502 Nymphidi
644 3425 672 3483 in
688 3423 811 3487 castris?
826 3444 901 3506 quae
917 3445 1036 3506 nsquam
1052 3421 1206 3506 provincia

1234 3651 1247 3694 ill
