2596 3872
184 138 251 202 296
445 150 939 200 coousuursorurauuuumu

185 307 263 368 tanis
281 308 429 385 repperit,
452 323 510 366 uon
533 305 707 367 incuriosum
726 306 839 365 fratris:
868 306 977 384 qnippe
1005 316 1034 366 et
1060 306 1182 384 propriis

185 391 292 450 nuntiis
307 408 324 450 a
338 388 507 450 Corbulone
521 389 661 468 petierat,
684 407 722 450 ne
744 405 827 466 quam
845 389 998 466 imaginem
1015 390 1124 450 seruitii
1137 388 1180 450 Ti·

184 473 297 534 ridates
319 475 465 553 perferret
484 492 540 535 neu
562 474 671 534 lerrum
685 471 813 534 traderet
828 483 877 535 eut
898 473 1052 552 complexu
1070 472 1182 552 provin·

161 559 248 618 teias
269 558 459 636 optinentium
479 565 629 618 arceretur
646 556 797 617 foribusve
816 573 915 618 eorum
931 557 1100 634 adsisteret,
1126 567 1182 618 tan·

184 651 291 722 tueque
315 644 342 701 ei
361 641 473 702 Romae
498 649 620 721 quantus
643 639 809 701 consulibus
832 639 926 703 lronor
949 650 1038 702 esset.
1074 641 1183 702 scilicet

185 734 326 787 externae
342 726 498 804 superbiae
513 733 596 786 sueto
610 743 669 786 non
683 725 776 785 inerat
792 725 893 788 notitia
906 726 1009 804 nostri,
1024 723 1102 806 apud
1112 741 1183 805 quos
1271 735 1272 808 3

184 810 231 870 ris
245 809 360 887 imperii
374 809 463 887 valet,
478 811 573 872 inania
588 809 789 869 tramittuutur.

248 893 299 954 32.
318 891 432 954 Eodem
449 911 524 954 anuo
541 893 651 955 Caesar
665 893 797 954 nationes
811 891 928 972 Alpium
942 893 1143 956 maritimarum
1157 893 1182 950 in

183 977 230 1038 ins
243 976 317 1038 Latii
333 976 486 1039 transtulit.
518 978 645 1058 equiturn
656 973 850 1037 Romanorum
866 977 952 1037 locos
969 976 1109 1038 sedilibus
1124 976 1182 1056 ple·

182 1060 230 1120 bis
246 1061 412 1140 anteposuit
425 1059 500 1139 apud
515 1061 636 1128 circum;
657 1078 780 1139 namque
801 1060 838 1120 ad
862 1078 924 1121 eam
944 1060 1019 1122 diem
1040 1059 1183 1123 indiscreti

183 1143 310 1221 inibant,
326 1146 392 1223 quia
406 1143 457 1204 lex
472 1143 580 1206 Roscia
594 1142 662 1204 nihil
677 1144 731 1204 nisi
747 1143 785 1203 de
799 1145 1026 1224 quattuordecim
1038 1143 1184 1206 ordinibus

158 1227 289 1288 ‘sanxit
320 1228 490 1307 spectatula
513 1226 705 1306 gladiatorum
724 1226 800 1288 idem
820 1246 910 1289 annus
930 1227 1028 1289 habuit
1049 1230 1112 1308 pari
1128 1245 1182 1288 ma·

181 1311 352 1390 gnilioentia
373 1331 408 1372 ac
429 1312 542 1390 priora:
565 1311 618 1372 sed
638 1310 807 1381 laminarum
828 1312 987 1372 inlustrimn
1010 1324 1179 1375 senatorum·
1272 1331 1273 1386 ι

182 1413 240 1474 que
256 1395 357 1474 plures
373 1414 426 1475 per
443 1414 559 1457 arenam
571 1395 681 1456 foedati
696 1405 771 1457 sunt.
1272 1387 1273 1404 ¹

246 1479 297 1540 33.
322 1477 356 1540 (l.
376 1479 521 1541 Laecanio
545 1481 583 1542 Μ.
607 1479 718 1541 Licinio
744 1479 911 1541 consulibus
934 1481 1049 1542 acriore
1075 1483 1103 1543 in
1124 1482 1185 1542 dies
1272 1461 1273 1510 ³

182 1562 319 1642 cupidine
345 1562 518 1642 adigebatur
537 1563 618 1626 Nero
640 1566 800 1644 promiscas
821 1582 945 1624 scaenas
971 1565 1182 1644 frequentandi
1272 1583 1273 1606 ι

180 1664 247 1707 narn
266 1645 360 1708 adhuc
383 1666 437 1726 per
459 1647 573 1710 domurn
587 1658 635 1709 aut
650 1647 752 1710 hortos
773 1648 921 1708 cecinerat
940 1648 1123 1710 iuvenalibus
1143 1649 1182 1709 lu·

181 1731 244 1806 dis,
267 1748 340 1808 quos
362 1740 393 1790 ut
408 1749 508 1809 parum
530 1730 665 1792 celebres
686 1741 715 1792 et
738 1741 833 1794 tantae
857 1733 923 1791 uoci
944 1742 1085 1815 angustos
1101 1751 1186 1813 sper·

152 1812 278 1874 snebat.
318 1831 376 1874 non
398 1824 493 1875 tamen
514 1816 661 1879 Romae
652 1816 783 1894 uncipere
810 1834 897 1876 ausus
922 1809 1078 1894 Neapolim
1104 1814 1184 1897 quasi

181 1897 321 1959 Graecam
336 1897 437 1959 urbem
451 1899 577 1978 delegit:
593 1898 681 1960 iude
672 1901 779 1959 anitium
793 1899 876 1974 lore,
893 1909 923 1960 ut
939 1909 1141 1978 transgressus
1157 1901 1183 1960 io

178 1979 350 2043 Achaiam'
342 1985 532 2061 insignesque
553 1991 583 2044 ct
611 1983 765 2062 antiquitus
786 2001 886 2044 sacras
911 2000 1035 2045 coronas
1062 1985 1184 2064 adeptus

178 2066 290 2126 maiore
311 2066 387 2126 lama
407 2065 499 2126 studia
523 2067 626 2126 ciuium
647 2066 778 2127 eliceret.
812 2084 885 2144 ergo
907 2074 1086 2130 contractum
1101 2069 1183 2146 oppi-

178 2149 318 2210 danorum
338 2148 462 2228 volgus,
485 2159 514 2210 et
537 2167 650 2230 quoae
671 2150 809 2229 proximis
824 2149 948 2210 coloniis
970 2159 999 2210 et
1020 2152 1184 2230 municipiis

141 2233 242 2296 ateius
265 2232 309 2294 rei
330 2234 406 2294 lama
424 2235 588 2310 acciverat,
610 2235 715 2313 quique
734 2232 891 2295 Caesarem
913 2252 966 2312 per
980 2234 1122 2296 bonorem
1137 2245 1183 2296 aut

178 2317 277 2377 varios
290 2334 360 2377 usus
375 2326 533 2395 sectantur,
551 2319 637 2379 etiam
650 2317 768 2378 militurn
783 2318 932 2396 manipuli,
947 2318 1091 2382 theatrum
1107 2317 1183 2380 Nea·

177 2399 373 2482 politanorum
390 2401 576 2481 complent.

240 2485 292 2546 34.
314 2484 395 2563 Illic,
410 2486 544 2565 plerique
559 2496 589 2547 ut
602 2485 828 2562 arbitrabantur,
851 2485 947 2563 triste,
972 2497 1002 2549 ut
1015 2487 1099 2568 ipse,
1115 2505 1181 2568 pro·

176 2567 272 2629 vidum
287 2570 384 2647 potius
400 2579 429 2630 et
446 2569 584 2632 secundis
598 2569 759 2630 numinibus
774 2571 886 2631 evenit:
912 2588 977 2632 nam
993 2590 1119 2651 egresso
1136 2569 1182 2649 qui

174 2651 309 2712 adfuerat
329 2654 440 2732 populo
462 2672 584 2716 vacuum
606 2664 636 2714 et
656 2655 719 2715 sine
745 2654 830 2715 ullius
852 2671 927 2714 noxa
949 2655 1092 2716 theatrum
1114 2672 1182 2716 eon·

174 2734 289 2812 lapsum
308 2747 362 2797 est.
400 2755 474 2816 ergo
497 2757 551 2819 per
573 2737 746 2818 conpositos
774 2748 874 2798 cantus
900 2748 1002 2815 grates
1024 2739 1067 2800 dis
1096 2749 1181 2835 atque

147 2819 277 2897 alpsam
291 2823 420 2880 recentis
442 2840 527 2882 casus
547 2823 693 2882 fortunam
708 2820 863 2884 celebrans
878 2823 1079 2903 petiturusque
1094 2822 1180 2884 maris

171 2901 300 2965 Hadriae
324 2905 463 2966 traiectus
489 2905 566 2984 apud
592 2905 792 2967 Beneventum
813 2907 926 2968 interim
956 2907 1109 2984 consedit,
1135 2904 1179 2966 ubi

172 2985 376 3088 gladiatorium
402 3007 504 3049 munus
529 3008 547 3050 a
569 2990 685 3051 Vatinio
711 2989 831 3051 celebre
859 2988 1008 3052 edebatur.
1046 2991 1177 3053 Vatinius

172 3072 248 3132 inter
269 3070 435 3133 foedissima
459 3074 522 3134 eius
547 3072 631 3134 aulae
653 3081 767 3136 ostenta
787 3072 856 3150 luit,
884 3074 1014 3138 sutrinae
1041 3073 1179 3136 tabernae

172 3154 319 3233 alumnus,
338 3174 466 3234 corpore
482 3156 614 3234 detorto,
629 3157 744 3218 facetiis
757 3156 945 3236 scurrilibus,
955 3158 1048 3237 primo
1064 3158 1094 3218 in
1111 3175 1180 3218 con·

136 3239 306 3302 mtumelias
320 3238 501 3321 adsumptus;
525 3240 631 3302 debinc
648 3241 749 3323 optimi
768 3241 907 3322 culosque
929 3241 1127 3303 criminatione
1142 3254 1179 3299 ec

172 3339 267 3402 usque
287 3323 392 3404 saluit,
420 3333 450 3385 ut
475 3327 587 3405 gratia,
614 3326 756 3406 pecunia,
781 3326 809 3386 vi
832 3323 958 3388 nocendi
979 3327 1064 3388 etiam
1085 3323 1180 3386 malos

172 3407 378 3482 praemineret.
