2536 3870
221 167 281 232 180
442 174 609 226 connum
623 171 1000 229 rsouurarsronunma

221 333 357 396 comitate
383 339 414 392 et
443 330 587 411 adloquiis
611 327 709 391 cilicia
735 345 902 407 promecas
929 345 966 390 ac
993 329 1178 410 plerumque
1212 332 1242 390 in

221 436 332 498 opere,
356 416 385 476 in
406 416 520 494 agmine
539 415 680 493 gregario
703 413 785 474 militi
806 415 928 490 mixtos,
949 417 1124 494 incorrupto
1151 415 1241 476 ducis

221 502 344 566 honore.
380 509 441 562 tres
456 518 521 560 eum
544 501 574 560 in
589 498 696 560 ludaea
717 498 870 576 legiones,
892 499 991 578 quinta
1011 508 1042 560 et
1058 499 1196 560 decuma
1213 510 1240 560 et

221 588 318 666 quinta
333 585 471 662 decuma,
487 593 572 646 retus
588 583 763 662 Vespasiani
776 582 876 662 mileo,
895 600 1054 664 excepere.
1086 582 1211 645 addidit
1224 603 1237 642 a

186 671 305 732 rosaria
325 664 532 731 duodecumam
550 678 580 731 et
599 665 741 729 adductos
762 666 942 728 Alexandria
967 667 1235 729 duoetvicensima·

221 772 276 815 uos
291 755 507 834 tertiauosqne;
523 751 734 814 comitabantur
750 751 851 828 viginti
867 753 967 812 sociae
983 752 1147 830 cohortes,
1169 761 1235 812 octo

221 839 348 919 equitum
369 837 450 917 alae,
472 837 556 898 simul
576 835 711 915 Agrippa
725 835 946 915 Sohaemusque
965 854 1056 914 reges
1070 846 1103 895 et
1123 837 1241 897 auxilia

221 923 302 1000 regis
324 921 460 982 Antiochi
479 921 634 1001 calidaque
650 929 679 980 et
700 919 788 981 solito
802 919 877 980 inter
890 920 1010 981 accolas
1031 918 1101 980 odio
1116 921 1241 980 infensa

221 1004 336 1067 ludaeis
350 1004 478 1066 Arabum
497 1023 613 1083 manns,
634 1003 773 1083 multique
794 1022 868 1085 quoe
888 1003 962 1064 urba
976 1013 1062 1083 atque
1079 1002 1171 1066 ltalia
1186 1024 1240 1065 ena

187 1108 212 1150 u
223 1106 366 1168 quemque
380 1107 450 1168 spes
467 1091 615 1152 acciverat
628 1087 790 1168 occupandi
808 1087 970 1169 principem
983 1087 1079 1150 adhuc
1096 1107 1237 1150 vacuam.

221 1172 267 1233 hia
293 1191 357 1233 cnm
378 1173 473 1253 copiis
493 1174 566 1234 lines
587 1173 712 1233 huetium
731 1173 884 1251 ingressum
910 1173 1076 1252 composito
1101 1175 1235 1251 agmine,

223 1264 327 1318 cuncta
341 1256 499 1336 explorans
518 1266 694 1338 paratusque
712 1255 894 1334 decernere,
915 1256 991 1318 hand
1006 1256 1114 1336 procul
1128 1257 1233 1318 llierc·

224 1340 343 1416 solymis
360 1351 457 1403 castra
470 1341 550 1404 facit.

284 1423 313 1484 2.
337 1425 395 1485 Sed
419 1426 553 1505 quoniam
574 1425 704 1486 famosae
722 1423 802 1484 urbis
823 1441 988 1505 supremum
1003 1423 1082 1486 diem
1100 1424 1229 1486 tradituri

224 1527 337 1585 snmus,
358 1527 524 1587 congruens
538 1508 653 1568 videtur
666 1507 823 1588 primordia
840 1510 903 1568 cina
918 1510 1045 1589 aperire.

286 1591 411 1653 ludaeos
426 1592 514 1654 Creta
529 1591 622 1653 insula
635 1591 778 1672 prologos
792 1593 950 1652 norissima
962 1591 1071 1668 Libyae
1086 1592 1229 1654 insedisse

108 1670 112 1677 ’
222 1674 400 1752 memorant,
419 1694 474 1756 qua
488 1685 664 1755 tempestate
680 1675 819 1736 Saturnus
837 1677 866 1737 ri
886 1675 967 1738 lovis
990 1677 1094 1756 ptllsus
1108 1677 1231 1739 cesserit

204 1761 334 1838 ureguis.
370 1769 568 1837 augmentum
593 1778 611 1820 e
634 1760 750 1821 nomiae
771 1761 896 1841 petitur:
929 1761 1066 1822 inclutum
1091 1759 1122 1820 in
1147 1760 1232 1822 Creta

223 1845 303 1906 ldam
318 1851 462 1921 montem,
478 1843 597 1904 accolae
610 1844 716 1905 ldaeos
728 1853 814 1906 aucto
828 1846 857 1905 in
868 1844 1022 1906 barbarum
1035 1855 1248 1922 cognomean

225 1925 349 1988 ludaeos
373 1929 508 1990 vocitari.
548 1928 662 2009 quidam
687 1938 830 2006 regnante
853 1927 932 1990 iside
960 1926 1158 1990 exundantem
1183 1947 1236 2010 per

225 2013 392 2092 Aegyptum
407 2011 615 2074 multitudinem
630 2009 751 2072 ducibus
765 2011 974 2090 Hierosolymo
993 2032 1030 2075 ac
1045 2011 1117 2074 ludu
1136 2015 1236 2094 proxi-

227 2115 287 2156 mas
300 2097 328 2156 in
342 2105 435 2157 terras
451 2106 655 2166 exoneratam
673 2095 808 2176 plerique
821 2095 999 2180 Aethiopum
1014 2096 1143 2178 prolem,
1162 2117 1237 2179 quoa

192 2199 301 2258 auregc
323 2179 444 2258 Cepheo
465 2190 558 2241 metus
582 2190 669 2260 atque
692 2179 787 2242 odium
809 2190 920 2244 mutare
947 2181 1036 2243 aedae
1058 2183 1234 2262 perpulerit.

227 2275 290 2325 suut
301 2265 348 2343 qui
363 2265 477 2326 tradant
493 2264 634 2340 Assyrios
660 2282 823 2344 convenas,
844 2265 972 2345 indigum
986 2283 1125 2346 agrorum
1142 2285 1232 2348 popn·

226 2350 301 2426 lum,
316 2357 400 2428 parte
415 2348 547 2428 Aegypti
567 2351 693 2429 potitos,
716 2367 786 2411 mox
807 2353 944 2430 proprias
958 2350 1048 2411 urbes
1067 2347 1230 2413 Hebraeae

227 2451 283 2514 que
299 2440 394 2493 terras
410 2443 439 2492 et
454 2435 596 2515 propiora
612 2435 715 2494 Suriae
732 2433 871 2494 coluisse.
902 2435 981 2496 clara
996 2435 1045 2496 alii
1058 2433 1228 2498 ludaeorum
1244 2391 1245 2485 A

227 2517 322 2595 initia,
335 2516 486 2596 Solymos,
500 2518 675 2580 carminibus
685 2515 805 2580 Homeri
821 2518 999 2581 celebratam
1012 2527 1153 2597 gentem,
1168 2539 1228 2581 con·
1243 2563 1244 2566 ,

192 2619 217 2662 ra
228 2601 305 2662 ditae
320 2600 383 2661 nrbi
397 2600 602 2678 Hierosolyma
618 2619 723 2664 nomen
742 2621 759 2664 e
775 2620 828 2666 suo
844 2603 964 2665 iecisse.

292 2681 321 2745 3.
345 2684 464 2746 Plurimi
491 2695 627 2748 auctores
660 2687 859 2767 consentiunt,
885 2697 949 2749 crta
982 2706 1037 2768 per
1064 2688 1243 2772 Aegypton

226 2769 295 2828 tabe
311 2785 386 2848 quae
402 2787 526 2849 corpora
542 2769 690 2848 foedaret,
706 2788 811 2849 regem
820 2771 994 2835 Bocchorim
1009 2772 1086 2834 adito
1101 2773 1226 2838 Hammo
1242 2779 1243 2862 l

227 2855 272 2912 nis
288 2851 410 2914 oraculo
428 2854 585 2914 remedium
601 2865 749 2935 petentem
764 2874 892 2935 purgare
908 2874 1032 2936 rognum
1054 2865 1084 2918 et
1097 2858 1128 2919 id
1142 2875 1226 2938 genua

228 2935 374 2998 hominnm
391 2944 421 2996 ut
435 2936 557 2998 inuisum
577 2937 640 3001 deis
657 2935 730 3001 alias
743 2941 772 3001 in
789 2948 883 3002 terras
899 2938 1028 3002 avehere
1045 2943 1166 3004 luseum.
1191 2944 1226 3004 sic

153 3045 158 3053 ·
205 3018 422 3101 cconquieltum
444 3020 659 3103 collectumque
674 3024 798 3103 volgus,
822 3033 977 3105 postquam
989 3027 1081 3088 vastis
1096 3027 1172 3088 locis
1187 3046 1223 3087 re·

228 3104 326 3168 lictum
348 3104 403 3181 sit,
428 3108 536 3166 ceteris
557 3124 611 3186 per
631 3107 766 3170 lacrimas
788 3109 986 3190 torpentibus,
1009 3109 1135 3188 hloyseu
1151 3128 1223 3173 nnun

229 3188 345 3250 exulum
364 3191 530 3267 morumne,
549 3209 587 3251 uc
609 3207 694 3267 quam
720 3192 840 3254 deorum
862 3193 1045 3255 hominumve
1072 3211 1163 3274 opem
1183 3151 1241 3256 erl

227 3280 399 3350 spectarent
406 3273 540 3351 ·utcisque
553 3273 737 3352 deserti,·sed
748 3276 865 3338 sibimet
878 3285 908 3338 et
920 3277 985 3339 duci
996 3277 1118 3340 caelesti
1131 3279 1221 3341 crede·

229 3363 308 3431 rent,
332 3357 426 3434 primo
449 3357 530 3417 cuins
560 3356 667 3418 auxilio
692 3369 865 3437 praesentes
885 3363 1018 3424 miserias
1039 3362 1220 3442 pepulissent.
1239 3366 1240 3425 l

195 3457 221 3498 aa
229 3438 393 3500 adsensere
405 3450 494 3518 atqua
512 3440 635 3500 omnium
650 3443 744 3520 ignari
765 3445 913 3507 fortuitum
928 3447 982 3506 iter
999 3447 1147 3528 incipiunt
1178 3445 1220 3508 sed
