2596 3872
444 216 549 306 ursas
561 260 632 308 xvr.
650 260 725 309 car.
738 259 873 330 as-‚ua
1094 249 1157 314 329

147 419 251 473 vestes
271 419 300 472 et
314 411 461 490 dignitatis
476 414 598 491 insignia
615 414 695 494 dedi,
717 433 774 495 quo
787 412 877 497 ,nodo
900 419 924 475 si
941 414 1110 492 sanguinem
1127 426 1157 479 et

148 499 239 557 vitam
259 499 478 576 poposcissent.
509 498 634 559 viderint
652 502 716 578 isti,
740 500 863 560 antebac
884 499 951 560 milri
969 499 1075 577 ignoti,
1098 518 1154 578 quo

149 581 265 640 nomine
279 581 346 658 sint,
360 598 431 659 quas
445 591 523 642 artes
536 584 803 660 exerceantznulla
814 584 880 644 mihi
894 584 1034 662 principis
1048 584 1154 644 mentio
1166 606 1193 648 rc

148 664 204 724 nisi
226 666 301 724 inter
315 667 429 734 numina
444 665 506 726 luit.
536 665 630 726 nescit
645 676 740 728 tamen
754 669 931 727 miserrimus
955 675 1039 746 pater
1062 676 1105 745 et,
1132 669 1156 727 si

150 750 261 808 crimen
277 756 332 826 est,
350 747 415 808 sola
430 745 560 828 deliqui?

208 832 259 893 32.
289 831 448 911 Loquentis
470 832 563 893 adbuc
586 833 676 896 verba
699 835 808 914 excipit
829 835 958 896 Soranus
981 835 1155 914 proclamat·

142 935 207 996 que
227 932 286 975 non
306 916 385 978 illam
406 918 435 980 in
456 917 635 996 provinciam
658 935 756 978 secum
779 917 958 998 proiectam,
982 935 1039 977 non
1053 917 1155 979 Plauto

145 1018 204 1079 per
219 1007 344 1061 aetatem
360 1001 443 1061 nosci
460 1002 607 1080 potuisse,
625 1020 684 1062 non
700 1003 865 1064 criminibus
881 1004 974 1063 mariti
995 1019 1154 1062 conexam:

144 1083 253 1144 nimiae
273 1091 380 1144 tantam
401 1085 517 1165 pietatis
538 1102 617 1147 ream
644 1083 829 1166 separarent,
862 1096 948 1166 atque
968 1087 1032 1165 ipse
1057 1102 1154 1166 quam·

146 1184 271 1247 cumque
288 1177 397 1229 sortem
412 1168 531 1229 subiret.
564 1170 646 1230 simul
667 1171 695 1229 in
710 1171 863 1250 amplexus
878 1169 1061 1231 occurrentis
1076 1169 1180 1234 liliaea

106 1295 111 1303 -
144 1249 268 1328 ruebat,
291 1253 346 1312 nisi
362 1253 506 1314 interiecti
520 1252 641 1314 lictores
656 1255 785 1334 utrisque
801 1255 990 1314 obstitissent.
1020 1271 1088 1313 mox
1103 1252 1152 1314 da·

143 1344 193 1396 tus
209 1334 330 1396 testibus
345 1336 445 1406 locum
469 1345 497 1397 et
509 1347 643 1416 quantum
658 1337 877 1399 misericordiae
894 1338 1016 1398 saevitia
1033 1354 1152 1397 accusa·

140 1419 235 1482 tionis
257 1430 459 1500 permoverat,
480 1430 587 1482 tanturn
609 1422 670 1481 irae
690 1421 721 1482 1³:
744 1421 886 1500 Egnatius
906 1423 989 1481 testis
1014 1421 1151 1482 concivit.

144 1502 241 1566 cliens
255 1503 302 1564 hic
319 1504 439 1582 Sorani,
464 1513 496 1566 vet
510 1513 577 1564 tunc
594 1515 707 1586 emptus
722 1506 767 1568 ad*
779 1504 1000 1586 opprimendum
1022 1505 1151 1581 amicum,

145 1588 348 1649 auctoritatem
371 1589 490 1649 Stoicae
515 1598 615 1650 sectae
640 1589 845 1669 praelerebat,
872 1587 969 1650 babitu
993 1597 1022 1648 et
1042 1605 1093 1648 ore
1117 1587 1151 1647 ad
1164 1608 1189 1650 nc

143 1672 365 1750 exprimendam
392 1673 546 1750 imaginem
567 1672 682 1734 honesti
710 1675 874 1750 exercitus,
903 1681 1031 1734 ceterum
1058 1673 1152 1732 animo

131 1756 335 1836 perfidiosus,
352 1756 501 1834 subdolus,
517 1757 665 1818 avaritiam
682 1777 715 1818 ac
731 1757 878 1819 libidinem
895 1757 1060 1826 occultaus;
1077 1773 1152 1835 qnae

143 1849 300 1922 postquam
312 1840 436 1918 pecunia
450 1841 655 1920 remcassent,
674 1840 753 1902 dedit
768 1841 932 1922 exemplum
945 1839 1152 1919 praecavendi,

142 1941 206 2004 quo
225 1924 312 1984 modo
327 1924 476 1984 fraudibus
491 1924 638 1986 involutos
653 1936 700 1986 aut
715 1925 832 2004 flagitiis
849 1925 1091 2000 commaculatos,
1110 1923 1152 1984 sic

144 2009 251 2087 specie
267 2007 408 2068 bonarum
425 2009 525 2068 artium
540 2009 633 2070 falsos
650 2019 679 2070 et
694 2010 838 2070 amicitiae
852 2008 985 2070 fallaces.
1163 2031 1188 2074 ss

208 2091 258 2150 33.
286 2091 366 2147 idern
387 2101 483 2149 tamen
504 2093 566 2150 dies
582 2101 611 2152 et
623 2095 776 2153 honestum
793 2093 958 2170 exemplum
975 2091 1039 2150 iulii
1055 2088 1151 2151 Cassii

144 2170 366 2250 Asclepiodoti‚
388 2174 436 2251 qui
452 2173 645 2250 magnitudine
665 2192 752 2254 cpnm
768 2177 944 2256 praecipuus
966 2174 1041 2233 inter
1055 2173 1152 2248 Bithy·

141 2273 212 2334 mos,
228 2273 285 2334 quo
301 2254 445 2334 obsequio
461 2255 613 2317 florentem
623 2258 764 2319 Soranum
777 2257 991 2332 celebraverat,
1007 2257 1153 2318 labentem

142 2339 360 2418 condecernit,
380 2349 543 2419 exutusque
559 2341 690 2400 omnibus
705 2341 829 2408 fortunis
842 2351 871 2402 et
885 2342 914 2401 in
926 2341 1042 2402 exilium
1058 2351 1151 2420 actus,

143 2422 294 2502 aequitate
321 2424 404 2485 deum
433 2442 505 2502 erga
532 2423 609 2484 bona
631 2426 765 2505 malaque
791 2427 972 2487 documenta.
1003 2423 1176 2489 'l'braseaea

117 2557 122 2564 .
144 2509 320 2587 Soranoque
335 2518 364 2568 et
380 2509 522 2568 Serviliae
546 2509 628 2570 datur
650 2511 751 2570 mortis
774 2510 929 2572 arbitrium.
955 2509 1106 2570 Helvidius
1123 2517 1152 2570 et

141 2591 290 2654 Paconius
309 2592 392 2654 ltalia
413 2591 606 2671 depelluntur.
641 2593 793 2655 Montanus
817 2597 891 2675 patri
913 2611 1074 2676 concessus
1098 2601 1152 2671 est,

142 2676 298 2758 praedicto
314 2695 350 2738 ne
365 2677 441 2737 inre
456 2676 574 2756 publica
588 2676 753 2738 haberetur.
783 2678 1001 2740 accusatoribus
1014 2678 1106 2759 Eprio
1123 2687 1164 2738 et·

142 2759 321 2822 Cossutiano
337 2761 548 2840 quinquagiens
569 2763 732 2823 sestertium
748 2763 886 2842 singulis,
910 2751 1026 2823 Oslorio
1042 2762 1151 2822 duode-

141 2846 227 2906 ciens
245 2854 275 2905 et
290 2845 455 2924 quaestoria
471 2845 594 2923 insignia
606 2847 778 2906 tribuuntur.
1163 2864 1188 2906 aa

206 2927 258 2990 34.
288 2927 358 2988 'l'um
381 2929 416 2988 ad
437 2929 595 2990 Thraseam
618 2931 646 2989 in
667 2928 761 2989 hortis
776 2937 912 3005 agentem
928 2938 1067 3008 quaestor
1084 2949 1166 3007 con-j

141 3010 217 3073 sulis
238 3014 343 3073 missus
364 3023 595 3090 vesperascente
616 3015 671 3072 iam
690 3011 748 3072 die.
780 3012 941 3074 inlustrium
963 3014 1089 3075 virorum
1110 3015 1151 3074 fe·

141 3095 341 3173 minarumque
353 3101 468 3154 coetum
481 3094 665 3172 frequentem
678 3101 790 3170 egerat,
807 3098 930 3158 maxime
955 3098 1080 3159 intentus
1094 3097 1152 3158 De·

141 3177 248 3238 metria
264 3176 393 3252 Cynicae
408 3178 594 3240 institutionis
609 3178 737 3259 doctori,
760 3199 823 3242 curn
842 3200 916 3262 quo,
938 3191 969 3242 ut
984 3185 1153 3244 coniectare

144 3270 207 3322 erat
224 3261 382 3322 intentione
396 3261 492 3322 vultus
508 3271 536 3322 et
554 3263 673 3344 auditis,
697 3265 721 3325 si
738 3284 793 3345 qua
810 3265 917 3327 clarius
933 3265 1176 3348 proloqueban-s

143 3353 205 3424 tur,
233 3344 270 3406 de
291 3355 392 3407 natura
410 3349 522 3409 animae
543 3356 572 3407 et
595 3348 803 3411 dissociatione
824 3351 942 3428 spiritus
958 3352 1152 3432 corporisque
1174 3403 1176 3406 .

141 3428 322 3509 inquirebat,
354 3429 450 3490 donec
476 3428 592 3492 advenit
611 3432 752 3494 Domitius
773 3432 956 3494 Caecilianus
982 3452 1021 3493 ex
1045 3433 1150 3492 intimis

142 3514 246 3575 amicis
269 3523 298 3574 et
319 3514 346 3576 ei
365 3513 432 3592 quid
448 3522 566 3576 senatus
584 3517 747 3577 censuisset
762 3517 908 3595 exposuit.
942 3517 1031 3590 igitur
1046 3515 1151 3574 dentes
