2536 3870
370 173 476 222 meres
487 175 535 224 nv.
559 173 635 222 cse-
650 171 771 228 stt—ss
1013 166 1073 229 165

62 333 186 410 adegit,
203 330 274 390 fisus
289 327 496 389 Germanorum
519 326 624 407 opibus
641 336 683 407 et,
706 329 732 388 si
748 329 914 391 certandum
933 331 1073 395 adversus

62 416 172 478 Gallos
188 413 226 473 de
247 413 438 491 possessione
455 428 552 470 rerum
571 411 666 489 foret,
690 412 814 474 inclutus
828 414 905 475 fama
921 425 950 475 et
966 418 1072 496 potior.

62 499 183 560 Munius
199 495 349 575 lupercus
364 495 480 571 legatus
494 493 620 572 legionis
632 496 707 557 inter
722 495 798 557 dous
814 499 918 558 missus
931 499 1072 561 Veledae.

63 601 105 643 ea
130 581 217 658 virgo
237 579 361 639 nationis
380 577 538 658 Bructerae
565 577 625 638 late
652 579 849 658 imperitabat,
876 591 978 643 vetere
997 584 1073 664 apud

64 665 232 728 Germanos
245 679 343 738 more,
362 679 419 740 quo
438 660 595 740 plerasque
610 662 778 724 feminarum
792 663 923 726 fatidicas
938 675 968 727 et
983 685 1070 744 auge·
1083 683 1106 724 rc

62 755 170 810 scente
185 745 392 824 superstitione
404 743 576 805 arbitmutur
591 745 671 807 deas.
691 755 817 826 tuncque
828 748 961 811 Veledae
973 759 1071 812 aucto·

62 833 139 893 ritas
160 828 305 898 adolevitc
325 845 390 889 nam
407 845 566 908 prosperus
582 828 731 891 Germanis
747 849 798 891 res
818 840 848 891 et
868 832 1011 894 excidium
1028 834 1070 895 le·

60 917 186 994 &onum
214 911 408 992 praedixerat.
454 911 506 972 sed
530 911 678 992 Lupercus
707 915 735 974 in
761 915 865 976 itinere
888 917 1070 980 interfectos.

65 998 156 1077 pauci
176 998 374 1056 centurionum
387 995 629 1075 tribunorumque
651 999 680 1057 in
706 996 798 1059 Gallia
813 1001 905 1077 geniti
918 1019 1070 1062 reservan-

65 1091 116 1140 tur
127 1080 233 1158 pignus
248 1080 391 1139 societati.
417 1078 577 1140 cohortium
587 1081 696 1141 alarum
706 1081 854 1159 legionum
868 1083 987 1146 biberim
1005 1085 1069 1146 sub·
1082 1101 1105 1143 u

65 1181 157 1224 versa
170 1171 369 1242 crematoque,
381 1163 417 1223 iis
428 1171 536 1223 tautum
549 1163 660 1225 relictis
672 1182 745 1243 quae
758 1165 938 1244 Mogontiaci
955 1187 989 1229 ac
1001 1170 1070 1231 Vin-

67 1246 206 1308 donissae
223 1247 277 1306 sita
295 1253 369 1306 sunt.

132 1329 183 1392 62.
206 1329 297 1407 Legio
325 1339 408 1390 sexta
437 1328 558 1390 decuma
585 1346 649 1389 cum
675 1331 788 1392 auxiliis
815 1333 899 1393 simul
925 1333 1028 1394 deditis
1055 1355 1071 1395 a

65 1413 217 1475 Novaesio
238 1415 266 1474 iu
288 1412 432 1474 coloniam
447 1412 641 1473 Treverorum
660 1413 826 1492 transgredi
840 1416 968 1496 iubetur,
987 1435 1070 1496 prae·

67 1498 147 1559 finita
159 1495 207 1558 die
220 1498 294 1557 iutra
307 1513 392 1575 quam
409 1497 512 1557 castris
527 1494 696 1556 excederet.
721 1496 845 1559 medium
855 1517 940 1560 omne
955 1509 1069 1580 tempus

67 1581 230 1661 pervarias
245 1598 328 1641 ouras
345 1597 451 1658 egere,
466 1580 670 1657 ignavissimus
688 1583 809 1660 quisque
824 1579 978 1644 caesorum
993 1584 1068 1662 apud

67 1667 178 1726 Vetera
199 1662 335 1741 exemplo
357 1670 515 1742 paventes,
542 1661 646 1722 melior
669 1681 738 1742 pars
761 1664 866 1726 rubore
888 1675 917 1726 et
936 1668 1091 1729 infamiam

69 1746 154 1828 quale
169 1747 240 1807 illud
261 1743 338 1807 iter?
360 1748 424 1827 quis
439 1744 498 1807 dux
514 1743 602 1808 riae?
624 1755 654 1806 et
675 1750 768 1808 omnia
786 1751 814 1808 iu
830 1749 950 1830 arbitrio
969 1759 1068 1812 eorum

68 1849 144 1912 quos
163 1832 240 1892 vitae
262 1831 403 1908 necisque
424 1828 556 1890 dominos
577 1829 727 1891 fecissent.
758 1832 805 1892 alii
820 1831 898 1893 uulla
914 1832 1068 1896 dedecoris

4 1967 5 1970 ,
66 1934 137 1978 cura
157 1915 310 1995 pecuniam
329 1922 378 1974 aut
401 1912 550 1975 carissima
569 1913 685 1974 sibimet
712 1913 769 1992 ipsi
790 1916 981 1990 circumdare;
1006 1921 1067 1999 qui·

4 2029 5 2052 1
65 2002 132 2061 dam
147 1997 287 2078 expedire
306 2015 385 2058 arma
396 1996 521 2078 telisque
532 2006 676 2076 tamquam
690 1999 719 2058 in
734 1999 966 2078 aciem-accingi.
994 2002 1068 2063 haec

4 2103 6 2142 t
64 2081 267 2145 meditantibus
280 2079 395 2143 advenit
410 2080 615 2159 proficiscendi
626 2080 708 2160 hora,
725 2084 929 2160 expectatione
945 2079 1065 2146 tristior.
1077 2105 1102 2149 rc

4 2187 6 2222 t
66 2169 175 2246 quippe
192 2167 266 2248 intra
287 2164 394 2226 vallum
414 2164 584 2225 deformitas
598 2164 674 2224 baud
694 2165 815 2243 perinde
833 2166 984 2230 notabilis:
1016 2170 1065 2230 de·

4 2273 5 2306 1
64 2250 141 2313 texit
155 2249 339 2328 ignominiam
356 2266 474 2328 campus
489 2257 518 2308 et
533 2247 605 2309 dies.
631 2249 767 2310 reuolsae
779 2250 984 2327 imperatorum
997 2253 1065 2313 ima·

64 2337 161 2414 gines,
173 2336 313 2392 indecora
325 2333 419 2410 signa,
431 2332 608 2410 fulgentibus
619 2331 685 2392 hinc
696 2331 764 2392 iude
774 2332 920 2395 Gallorum
931 2337 1064 2408 vexillis;

65 2419 156 2480 silens
173 2435 277 2498 agmen
297 2423 326 2476 et
339 2417 419 2477 velut
440 2415 547 2493 longae
563 2417 735 2497 exsequiae;
759 2415 817 2477 dux
838 2416 976 2480 Claudios
995 2422 1064 2482 Sau-

67 2511 133 2563 ctus·
148 2502 258 2564 effosso
280 2499 367 2562 oculo
405 2500 483 2561 dirus
501 2517 570 2578 ore,
593 2501 711 2577 iugenio
735 2499 869 2562 debilior.
902 2501 1099 2581 duplicaturss
1168 2525 1171 2528 ·

65 2586 219 2664 flagitium,
241 2595 394 2664 postquam
422 2583 546 2644 desertis
568 2583 768 2646 Bonnensibus
791 2587 896 2646 castris
916 2587 1008 2648 altera
1030 2605 1064 2650 sc

65 2672 145 2748 legio
166 2670 330 2732 miscuerat.
363 2677 393 2728 et
410 2667 527 2746 volgata
545 2676 691 2747 captarum
706 2668 853 2747 legionum
868 2669 942 2730 fama
958 2673 1063 2750 cuncti,

66 2756 115 2835 qui
134 2754 222 2836 paulo
246 2763 310 2814 aute
324 2753 518 2814 Rornanorum
540 2769 644 2812 nomeu
663 2752 836 2832 horrebant,
858 2766 1063 2833 procurrentes

67 2858 105 2900 ex
125 2839 204 2918 agris
226 2839 371 2916 tectisque
388 2845 418 2897 et
439 2835 563 2914 undique
585 2836 668 2897 effusi
688 2836 806 2898 insolito
829 2840 1001 2915 spectaculo
1022 2844 1062 2901 ui-

64 2925 150 2984 mium
163 2921 351 2984 fruebantur.
364 2937 421 2982 oon
441 2921 504 2982 tulit
527 2920 572 2982 ala
588 2919 735 2983 Picentina
752 2919 887 3000 gaudium
902 2923 1062 2985 insultantis
1072 2945 1099 2987 ac

65 3008 162 3087 volgi,
186 3011 353 3088 spretisque
380 3009 479 3069 Sancti
501 3007 650 3086 promissis
675 3016 724 3067 aut
742 3008 825 3066 minis
845 3006 1062 3085 Mogontiacum

66 3094 187 3163 ebenum
209 3107 245 3152 ac
264 3092 343 3153 forte
364 3091 451 3153 obvio
469 3092 658 3152 interfectore
673 3090 805 3152 Voculae
828 3091 976 3168 Longino,
994 3109 1061 3153 cou-

66 3179 150 3240 iectis
168 3179 199 3236 in
221 3193 284 3238 eum
306 3175 372 3236 telis
390 3176 500 3235 initium
520 3174 719 3237 exsolvendae
737 3177 767 3234 in
788 3183 936 3254 posterum
958 3176 1062 3254 culpae

65 3264 185 3325 fecere:
200 3259 336 3338 legiones
346 3257 416 3320 nibil
427 3267 534 3318 mutato
548 3258 650 3320 itinere
666 3267 733 3320 autc
744 3259 857 3321 moenia
868 3256 1062 3320 Treverorum

67 3345 229 3410 considunt.
284 3357 287 3364 ⁴
362 3361 364 3364 ·
1070 3367 1096 3408 ss

129 3431 179 3493 63.
203 3419 304 3491 Ciuilis
320 3440 348 3493 et
364 3430 523 3507 Classicus,
540 3428 627 3490 rebus
644 3429 781 3492 secundis
793 3425 915 3503 sublati,
931 3444 967 3486 au
982 3423 1060 3485 colo·

85 3720 101 3750 s
