2568 3870
236 159 240 166 .
348 174 349 178 ’
388 275 390 278 ¹
442 203 547 250 ursus
559 201 611 252 111.
629 203 704 252 cas.
721 203 825 258 9-13.
1092 195 1136 255 ot

129 363 277 434 ferentes,
294 365 323 416 et
334 357 505 430 Pannonici,
521 355 602 415 velut
617 355 838 416 absolverentur
850 357 970 417 aliorum
981 359 1133 438 seditione,

131 448 238 504 iterare
255 440 370 520 culpam
381 437 556 516 gaudebant.
585 441 613 498 in
628 439 746 516 hortos,
763 441 791 498 in
808 441 912 519 quibus
926 442 1133 503 devertebatur
1143 456 1170 498 ra
1264 491 1266 494 .

1 561 2 619 3
75 548 78 554 ·
130 527 318 597 Saturninus,
337 531 472 601 pergunt.
506 531 634 582 nectam
649 522 759 582 Primus
777 531 805 582 et
823 523 993 603 Aponianus
1011 536 1040 586 et
1056 526 1133 587 bles·

131 609 221 684 salla,
235 622 405 686 quamquam
416 605 493 665 omni
507 605 593 666 modo
606 607 679 681 nisi,
693 609 829 685 eripuere
840 609 1038 688 Saturninum,
1049 627 1135 689 qoam

131 691 294 752 obscuritas
315 689 491 749 latebrarum
520 689 622 768 quibus
643 689 849 768 occulebatur,
875 695 1036 752 vacantium
1056 693 1134 753 forte

129 774 297 835 balnearum
318 773 487 834 fornacibus
510 773 632 834 abditus.
665 791 734 834 mox
752 775 867 835 omissis
884 775 1034 836 lictoribus
1052 777 1134 838 Pata·

129 859 205 917 rium
230 859 387 917 concessit.
436 856 570 935 digressu
594 858 787 919 consularium
810 860 858 918 uni
878 859 1006 920 Antonio
1033 862 1078 919 vis
1100 878 1169 921 acus

129 950 261 1022 potestas
284 941 314 1000 in
330 950 481 1020 utrumque
502 943 661 1002 exercitum
682 941 750 1018 fuit,
772 942 941 1004 cedentibus
964 943 1090 1022 collegis
1107 952 1137 1002 et
1175 977 1181 986 ·
1274 944 1275 974 ³

130 1026 265 1084 obversis
281 1023 399 1084 militum
416 1024 526 1084 studiis.
554 1043 610 1084 nec
622 1025 742 1086 deerant
755 1027 803 1104 qui
819 1027 974 1088 crederent
986 1037 1136 1107 utramque

131 1105 305 1169 seditionem
320 1107 421 1168 fraude
436 1107 555 1168 Antonii
573 1119 722 1188 coeptam,
738 1117 768 1169 ut
785 1109 865 1170 solus
883 1111 963 1171 bello
979 1112 1134 1172 frueretur.

197 1191 246 1250 12.
267 1190 313 1251 Ne
333 1193 361 1250 in
383 1191 495 1253 Vitellii
516 1191 630 1271 quidem
652 1192 781 1271 partibus
803 1197 918 1273 quietae
930 1203 1056 1254 mentes:
1074 1195 1134 1254 exi-

128 1277 251 1337 tiosiore
268 1275 413 1336 discordia
426 1292 482 1335 non
492 1276 708 1352 suspicionibus
718 1277 809 1355 uolgi,
827 1279 879 1338 sed
894 1278 1015 1357 perfidia
1032 1277 1134 1338 ducum

130 1358 327 1420 turbabantur.
369 1359 496 1419 Lucilius
515 1358 624 1419 bassus
645 1361 748 1420 classis
768 1359 946 1420 Ravennatis
967 1361 1135 1439 praefectus

131 1442 284 1520 ambiguos
298 1442 416 1502 militum
432 1445 556 1521 animos,
570 1444 648 1522 quod
658 1460 763 1520 magua
777 1460 844 1522 pars
858 1443 1009 1503 Delmatae
1023 1444 1135 1504 Panno-

131 1529 227 1605 niique
243 1534 340 1600 erant,
359 1544 433 1605 quae
451 1527 618 1605 provinciae
633 1527 818 1603 Vespasiano
839 1526 1026 1603 tenebantur,
1045 1527 1157 1605 parti-s

131 1610 185 1669 bus
200 1610 263 1669 eius
281 1608 502 1686 adgregarerat.
518 1627 577 1669 nox
593 1608 747 1691 proditioni
763 1609 874 1686 electa,
888 1620 918 1670 ut
933 1611 1040 1670 ceteris
1054 1611 1134 1687 igna-

131 1694 172 1754 ris
188 1693 245 1752 soli
263 1692 292 1751 in
312 1693 454 1773 principia
475 1692 642 1753 defectores
665 1693 786 1751 coirent.
823 1692 930 1752 Bassus
950 1693 1062 1773 pudore
1083 1710 1136 1752 seu

130 1785 207 1837 metu
219 1777 348 1858 quisnam
368 1778 461 1836 exitus
476 1776 568 1852 foret,
591 1777 665 1835 intra
686 1775 800 1835 domum
817 1776 1035 1854 opperiebatur.
1068 1778 1135 1836 trie·

129 1859 226 1921 rarchi
249 1877 354 1936 magno
376 1859 496 1919 tumultu
514 1859 626 1919 Vitellii
646 1860 786 1937 imagines
810 1860 961 1930 invadunt,
986 1869 1015 1920 et
1035 1861 1135 1938 paucis

129 1944 326 2005 resistentium
339 1941 519 2002 obtruncatis
527 1949 656 2002 ceterum
664 1943 870 2018 vulgusrerum
886 1959 1024 2004 novarum
1040 1943 1134 2004 studio
1147 1962 1175 2004 so

127 2031 158 2088 in
172 2029 384 2104 Vespasianum
397 2024 562 2085 inclinabat.
588 2035 646 2085 tum
662 2043 839 2105 progressus
847 2025 972 2086 Lucilius
987 2036 1136 2088 auctorem

132 2129 164 2171 se
178 2110 271 2188 palam
284 2109 416 2189 praebet.
443 2108 546 2168 classis
559 2107 727 2169 Cornelium
741 2107 866 2168 Fuscum
886 2111 1065 2188 praefectum
1081 2108 1137 2170 sibi

132 2194 256 2254 destinat
266 2213 284 2266 ,·
295 2193 343 2271 qui
369 2209 498 2270 propere
514 2191 688 2253 adcucurrit.
724 2189 830 2251 ansus
846 2192 988 2254 honorata
1004 2192 1136 2256 custodia

131 2277 292 2338 Liburnicis
311 2275 433 2336 naribus
448 2275 558 2336 Atriam
575 2284 731 2354 pervectus
751 2276 933 2353 apraefecto
949 2276 1012 2336 alae
1027 2277 1136 2336 Viven-

131 2363 180 2420 nio
196 2359 318 2436 nunno,
336 2359 510 2438 praesidium
527 2358 586 2419 illic
604 2361 746 2436 agitante,
768 2359 905 2429 vincitur,
930 2359 984 2419 sed
1002 2360 1173 2422 exsolutam

133 2443 227 2503 statim
243 2443 357 2503 uincula
377 2444 539 2503 interventu
561 2441 661 2502 Hormi
683 2440 817 2502 Caesaris
833 2441 946 2503 liberti:
977 2444 1003 2503 is
1021 2460 1137 2522 quoque

133 2529 208 2586 inter
224 2525 313 2586 duces
328 2526 498 2588 habebatur.

146 2617 150 2622 “
197 2609 245 2673 13.
267 2609 307 2672 At
336 2609 479 2687 Caecina,
508 2609 673 2670 defectione
701 2609 804 2669 classis
823 2609 962 2686 volgata,
994 2611 1138 2688 primores

133 2697 332 2757 centurionum
348 2703 377 2755 ct
397 2712 507 2773 pancos
525 2694 660 2771 militum,
683 2694 791 2752 ceteris
816 2710 870 2771 per
895 2692 1015 2752 militiae
1042 2695 1136 2750 munia

132 2778 293 2859 dispersis,
313 2788 456 2839 secretum
480 2777 640 2839 castrorum
663 2775 815 2836 adfectans
837 2777 866 2835 in
882 2777 1023 2855 principia
1038 2785 1136 2836 vocat.

130 2863 171 2925 ibi
183 2863 360 2944 Vespasiani
369 2864 503 2924 virtutem
514 2864 651 2941 viresque
667 2861 788 2939 partium
800 2859 929 2920 extollit:
945 2861 1137 2938 transfugisse

15 2993 18 3000 .
133 2948 277 3023 classem,
292 2947 321 3006 in
337 2956 399 3007 arto
416 2955 620 3024 commeatum,
636 2944 775 3004 adversas
790 2942 900 3004 Gallias
914 2943 1160 3023 Hispaniasque,s

15 3085 17 3100 .
131 3031 203 3090 nihil
224 3033 254 3090 in
281 3029 353 3090 urbe
377 3031 476 3100 ddom;
507 3040 594 3108 atque
619 3030 714 3089 omnia
744 3026 781 3087 de
804 3027 925 3088 Vitellio
947 3029 976 3086 in
999 3027 1136 3087 deterius.

132 3127 209 3173 mox‘
223 3112 428 3191 incipientibus
443 3117 491 3193 qui
509 3115 620 3174 conscii
635 3112 771 3188 aderaut,
793 3120 910 3170 ceteros
925 3129 958 3171 re
973 3127 1049 3171 nova
1065 3117 1137 3170 atto·

132 3199 211 3258 nltos
226 3197 255 3256 in
270 3194 361 3255 verba
378 3196 552 3276 Vespasiani
574 3198 679 3274 adigit3
705 3195 788 3255 simul
804 3194 915 3255 Vitellii
931 3193 1073 3272 imagines
1088 3193 1137 3252 de·

132 3289 237 3360 reptae
254 3289 283 3338 et
296 3279 376 3338 missi
392 3283 440 3358 qui
455 3281 582 3341 Antonio
603 3281 774 3341 nuntiarent.
809 3278 861 3338 sed
884 3278 932 3337 ubi
949 3279 1019 3337 totis
1034 3277 1137 3337 castris

132 3367 161 3424 in
177 3364 258 3425 fama·
271 3362 414 3443 proditio,
436 3382 590 3425 recurrens
612 3365 642 3424 in
664 3362 805 3444 principia
829 3361 913 3422 miles
928 3362 1175 3440 praescriptumso

131 3447 309 3528 Vespasiani
322 3465 441 3528 nomen,
453 3447 601 3528 proiectas
613 3446 724 3510 Vitellii
735 3445 852 3523 efligies
863 3445 1014 3525 adspexit,
1027 3451 1138 3502 vastum

172 3553 262 3594 rnerrr
276 3552 347 3594 anns
362 3537 394 3594 11.
906 3530 926 3586 7
