2568 3870
357 243 360 248 .
400 213 505 260 nrnnn
520 214 557 262 11.
581 215 658 265 cnr.
673 215 792 270 ae—rt.
1053 211 1092 272 57

149 357 202 424 25.
226 361 395 454 Antequam
414 367 605 429 miscerentur
629 371 709 432 acies
738 381 820 450 terga
841 376 1022 438 vertentibus
1044 379 1093 439 Vi·
1124 395 1128 400 ·

94 449 237 526 tellinnis,
260 443 366 509 Celsus
389 449 449 511 doli
471 451 599 530 prudens
612 458 755 534 repressit
781 474 866 518 suos:
888 460 1036 522 Vitelliani
1051 471 1092 522 te·

93 551 176 595 mere
196 539 406 609 emungentes,
423 534 547 595 cedente
561 538 667 598 sensim
683 535 789 618 Celso,
814 539 930 620 longius
943 547 1035 605 secuti
1051 545 1092 604 ul·

93 628 140 679 tro
158 617 186 676 in
209 614 328 675 insidias
352 617 594 696 praecipitantem
617 637 680 680 narn
697 640 712 682 a
731 623 868 684 lateribus
890 625 1036 702 cohortes,
1051 627 1093 688 le·

92 699 213 777 gionnm
245 695 367 758 adversa
399 698 501 776 irone,
538 708 569 761 et
593 702 690 762 subito
724 702 856 763 discursu
887 711 972 780 terga
996 705 1119 770 cinare-5

92 790 139 842 rat
161 798 265 860 eques.
316 781 429 859 signum
455 800 641 860 pugnnenon
662 786 759 844 statim
782 785 957 845 aSuetonio
974 784 1093 845 Paulino
1198 807 1199 810 ¹

94 865 186 944 pediti
209 863 322 924 datum:
344 869 495 922 cunctator
518 869 616 921 natura
639 871 668 922 ct
685 863 732 920 cui
754 870 836 923 cauta
856 864 953 943 potins
974 865 1094 925 consilia

96 967 162 1026 curn
177 945 289 1006 ratione
303 961 387 1022 quam
403 960 547 1024 prospera
566 963 603 1005 ex
618 962 687 1006 caen
703 945 863 1024 placerent,
881 948 1022 1026 compleri
1035 949 1094 1008 los·

97 1036 158 1104 sas,
178 1028 282 1106 aperiri
302 1043 448 1106 campum,
472 1027 557 1107 pandi
579 1029 671 1088 aciem
687 1028 823 1106 iubebat,
847 1032 917 1090 satis
934 1032 991 1091 cito
1007 1032 1095 1109 incipi

99 1111 247 1173 victoriam
269 1119 363 1187 ratus,
381 1110 429 1170 abi
444 1113 591 1189 provisum
608 1112 736 1172 foretne
751 1113 946 1174 vincerentur.
978 1131 1013 1174 ea
1029 1133 1094 1176 cun·
1108 1135 1130 1175 ro

99 1196 227 1258 clatione
247 1194 370 1274 spatium
392 1194 554 1254 Vitellianis
576 1195 670 1256 datum
693 1196 721 1256 in
741 1197 842 1256 vineas
857 1214 933 1257 nenu
948 1197 1096 1258 traducum

95 1278 250 1359 impeditas
273 1277 452 1356 refugiendi:
472 1286 502 1338 et
525 1278 637 1338 modica
653 1272 726 1338 silva
740 1278 927 1357 adhaerebat,
944 1280 1019 1340 unde
1035 1300 1095 1341 rur·

96 1382 146 1426 sus
177 1361 238 1424 ausi
274 1360 506 1439 promptissimos
543 1362 791 1439 praetorianorum
822 1365 948 1441 equitum
979 1364 1097 1423 interie-

97 1465 178 1509 cere.
209 1443 377 1505 vulneratur
400 1461 454 1503 rex
476 1443 656 1523 Epiphanes,
679 1445 803 1523 impigre
829 1463 882 1522 pro
907 1443 1021 1505 Othone
1045 1463 1095 1524 pu·

117 1528 285 1590 nam-ciens.
1109 1550 1131 1587 rs

96 1549 116 1607 g
158 1611 210 1672 26.
233 1607 303 1669 Tum
319 1606 495 1668 Othonianus
512 1607 604 1687 pedes
621 1610 730 1687 erupit:
753 1610 872 1688 protrita
889 1608 1012 1670 hostiurn
1031 1612 1096 1670 acie
1154 1683 1155 1688 ἵ

99 1696 177 1755 versi
192 1694 220 1754 in
234 1692 331 1768 lugam
350 1691 435 1750 etiam
451 1693 499 1768 qni
515 1690 738 1760 subveniebant;
763 1709 827 1752 narn
844 1690 971 1752 Caecina
987 1708 1045 1753 non
1060 1693 1095 1751 si·
1145 1685 1150 1697 ‘

96 1776 154 1839 mul
171 1776 311 1838 cohortes
325 1774 377 1833 sed
390 1773 518 1851 singulas
535 1775 697 1851 acciverat,
713 1791 851 1853 quaeres
867 1775 895 1834 in
912 1775 1026 1853 proelio
1040 1783 1096 1834 tre-

97 1861 274 1942 pidationem
295 1858 389 1934 auxit,
412 1874 475 1917 cum
499 1857 648 1936 dispersos
671 1875 726 1918 nec
742 1875 862 1938 nsquam
877 1858 988 1918 validos
1004 1876 1098 1936 pavor

97 1945 266 2024 fugientium
288 1939 445 2020 abriperet.
484 1950 547 2001 orta
573 1943 649 2002 etin
671 1943 780 2000 castris·
794 1941 914 2019 seditio,
942 1940 1019 2019 quod
1039 1958 1123 2001 nonu

96 2027 225 2092 universi
239 2026 429 2087 ducerentur:
443 2025 555 2084 vinctus
570 2024 739 2103 praelectus
754 2031 914 2085 castrorum
925 2022 1013 2084 lulius
1028 2024 1097 2085 Gra·

96 2124 141 2174 tus
155 2157 164 2186 ‚
179 2120 323 2188 tamqnam
337 2107 419 2167 iratri
437 2106 512 2185 apud
530 2106 672 2167 Othonem
682 2105 811 2167 militanti
824 2105 1016 2186 proditionem
1029 2125 1098 2184 age·

97 2204 156 2274 ret,
177 2211 240 2254 curn
255 2192 373 2252 iratrern
397 2191 477 2266 eius,
499 2189 600 2250 lulium
614 2188 792 2250 Frontonem
804 2189 963 2266 tribunum,
980 2189 1098 2251 Othoni·

98 2279 145 2342 ani
165 2277 220 2339 suh
240 2275 343 2336 eodem
368 2274 487 2334 crimine
508 2273 678 2333 vinxissent.
718 2282 846 2332 ceterum
870 2290 904 2333 ea
917 2272 1024 2352 ultique
1039 2274 1098 2333 ior·

96 2361 174 2424 mido
198 2361 251 2421 init
266 2356 343 2438 epnd
364 2357 509 2435 fugientes
531 2365 736 2434 occursantes,
757 2357 785 2415 in
801 2357 865 2416 acie
880 2373 934 2434 pro
949 2357 1045 2432 vallo,
1070 2365 1133 2416 utro

98 2445 191 2508 deleri
213 2461 276 2504 cum
296 2443 434 2501 universo
457 2441 588 2500 exercitu
610 2438 764 2501 Caecinam
781 2439 926 2518 potuisse,
948 2442 976 2498 ni
996 2439 1098 2500 Sueto·

97 2533 163 2592 nius
187 2527 322 2588 Paulinus
343 2524 475 2603 receptui
500 2524 672 2600 cecinisset,
698 2525 828 2601 utrisque
843 2524 871 2582 in
887 2520 1016 2600 partibus
1032 2540 1098 2601 per·

100 2611 271 2676 crebruerit.
303 2609 431 2668 timuisse
455 2623 487 2667 se
510 2606 645 2668 Paulinus
665 2605 779 2667 ferebat
799 2613 907 2665 tantum
922 2607 1040 2685 insuper
1058 2604 1098 2666 la·

100 2698 182 2764 boris
202 2704 287 2774 atque
312 2693 439 2767 itineris,
464 2709 502 2752 ne
528 2687 702 2752 Vitellianus
724 2689 808 2750 miles
828 2707 933 2750 recena
955 2707 971 2750 e
996 2690 1099 2749 castris

99 2782 196 2842 fessos
219 2774 430 2854 adgrederetur
446 2783 475 2834 et
491 2774 637 2854 perculsis
652 2772 759 2834 nullum
776 2781 857 2837 retro
881 2771 1038 2834 subsidium
1055 2773 1098 2833 io·
1109 2787 1135 2828 m

98 2873 153 2924 ret.
184 2862 259 2942 apud
275 2875 385 2940 paucos
401 2875 436 2919 ea
451 2857 533 2918 dacis
548 2859 621 2919 ratio
645 2856 782 2939 probata,
804 2858 833 2917 in
850 2857 957 2935 volgus
974 2857 1099 2919 adverso

98 2963 214 3008 rumore
230 2945 291 3005 luit.
769 2953 771 2956 “
1060 2945 1068 2961 ·

163 3029 214 3088 27.
238 3025 317 3087 llaud
334 3027 455 3108 perinde
471 3025 499 3086 id
516 3026 645 3086 damnum
661 3028 836 3088 Vitellianos
852 3029 880 3087 in
894 3037 999 3088 metum
1024 3046 1100 3089 com·

102 3117 175 3199 pulit
196 3111 281 3196 quani
305 3113 342 3174 ad
363 3114 533 3174 modestiam
555 3113 731 3192 composuit;
755 3129 811 3171 nec
826 3111 918 3172 solnm
934 3112 1010 3192 apud
1029 3111 1101 3173 Gae-

102 3203 210 3277 cinam,
238 3199 286 3279 qni
313 3198 427 3276 culpam
453 3198 482 3256 in
503 3196 621 3258 militem
648 3193 818 3256 conferebat
847 3195 983 3255 seditioni
1008 3198 1101 3272 magis

101 3302 186 3365 quarn
208 3282 322 3362 proelio
345 3290 493 3362 paratum:
521 3279 602 3342 Fabii
623 3296 738 3358 quoqne
760 3276 894 3340 Valentis
910 3277 1013 3356 copiae
1030 3278 1101 3357 (iam

101 3370 177 3430 enirn
193 3367 323 3427 'licinum
337 3363 474 3442 venerat)
490 3366 587 3444 posito
601 3363 725 3423 hostium
746 3369 913 3439 contemptu
935 3369 964 3420 et
987 3362 1124 3438 recipe-⁵

100 3451 183 3513 randi
209 3448 325 3509 decoris
352 3447 486 3530 cupidine
507 3447 689 3507 reverentius
709 3453 738 3505 et
758 3442 906 3522 aequalius
929 3442 995 3502 duci
1016 3460 1099 3521 pere-
