2536 3870
162 173 227 235 220
340 189 343 194 ·
404 180 572 231 conunnn
587 178 706 228 recum
722 176 924 228 nomconsn

163 357 225 400 rum
239 337 344 398 iiducia
359 337 473 398 Monam
491 334 611 395 insulam
632 344 664 394 ut
684 335 763 393 vires
783 330 946 394 rebellibus
964 332 1177 394 ministrantem
1253 325 1254 328 '

162 424 322 502 adgressus
338 429 421 498 terga
438 419 589 480 occasioni
604 416 754 498 patefecit.

228 507 276 567 15.
296 503 428 583 Namque
444 502 575 565 absentia
589 502 680 580 legati
695 509 810 564 remoto
824 509 902 566 metu
916 501 1044 562 Britanni
1058 501 1179 579 agitare
1253 505 1254 508 ’

162 593 238 653 iuter
260 607 293 650 sc
314 588 390 649 mala
414 587 580 664 seruitutis,
605 585 743 648 conferre
768 585 885 646 iniurias
902 594 932 646 et
953 584 1178 663 interpretando
1253 593 1254 598 ’

162 673 344 738 accendere:
369 671 440 732 nibil
460 670 566 752 proici
588 671 727 752 patientia
746 671 803 730 nisi
824 679 854 730 ut
874 670 1011 747 graviora
1027 677 1178 748 tamquam
1253 701 1254 716 ι

162 778 202 821 ex
222 757 302 820 lacili
323 755 516 818 tolerantibus
537 754 725 834 imperentur.
762 753 895 831 singulos
914 753 969 814 sibi
988 753 1060 813 olim
1079 769 1178 831 reges

137 843 270 920 ciuisse,
292 859 369 902 nunc
383 839 469 901 binos
488 840 613 920 imponi,
636 857 653 898 e
676 837 779 918 quibus
801 837 918 915 legatus
939 838 968 896 ln
989 838 1177 915 sangninem,

162 924 386 1007 procuratorio
408 923 485 986 bona
505 925 643 986 saeviret.
673 941 767 1003 acque
788 921 964 982 discordiam
986 922 1176 1002 praeposito-

162 1029 241 1087 rum,
256 1027 351 1088 aequa
367 1007 554 1069 concordiam
569 1006 711 1068 subiectis
727 1007 892 1066 exitiosam.
924 1005 1045 1066 alterius
1059 1023 1176 1067 manum

163 1094 366 1170 centuriones,
382 1091 501 1153 alterius
517 1109 622 1152 servos
638 1091 695 1151 vim
711 1100 741 1151 et
756 1089 946 1151 contumelias
960 1089 1098 1150 miscere.
1133 1091 1174 1150 ni·

162 1177 203 1238 hil
219 1179 275 1238 iam
292 1175 457 1254 cupiditati,
481 1174 551 1236 nihil
566 1174 678 1235 libidini
693 1183 859 1254 exceptum.
888 1175 918 1234 in
938 1173 1054 1254 proelio
1071 1173 1169 1234 lortic·
1253 1237 1254 1240 ,

128 1277 308 1330 perornasse
326 1259 375 1338 qni
390 1258 513 1337 spoliet:
536 1277 613 1319 nunc
634 1259 670 1319 ab
684 1259 798 1337 ignavis
814 1258 986 1338 plerumque
1003 1266 1033 1319 et
1049 1257 1165 1318 imbelli·

163 1345 217 1406 lus
233 1345 307 1424 eripi
321 1345 443 1419 domos,
460 1343 587 1404 abstrahi
602 1343 731 1419 liberos,
747 1343 857 1422 iniungi
871 1341 1012 1419 dilectus,
1028 1351 1169 1421 tamqnam

162 1430 236 1489 mori
252 1437 360 1490 tantum
380 1444 434 1506 pro
454 1429 547 1507 patria
563 1426 771 1488 nescientibus.
799 1426 964 1506 quantulum
983 1427 1059 1486 enim
1082 1435 1172 1486 trans·

163 1516 223 1573 isse
246 1510 381 1587 militnm,
401 1513 426 1570 si
443 1529 511 1573 sese
527 1509 655 1572 Britanni
675 1509 848 1572 numerent?
876 1511 920 1571 sic
938 1509 1110 1572 Germanias
1126 1528 1172 1570 en·
1253 1507 1254 1552 l

164 1597 293 1656 cussiese
309 1597 420 1673 iugum:
438 1604 468 1656 et
482 1591 607 1672 iluioine,
622 1612 680 1655 nou
695 1594 815 1656 Oceano
832 1593 960 1655 defendi.
983 1593 1040 1655 sibi
1053 1595 1174 1674 patriam
1253 1611 1254 1622 ¹

128 1700 154 1742 ιι
165 1682 307 1758 coniuges
330 1687 486 1759 parentes,
512 1679 572 1739 illis
594 1680 743 1740 avaritiam
764 1688 794 1739 ct
813 1678 955 1741 luxuriam
978 1695 1082 1740 causas
1102 1677 1175 1739 belli
1253 1689 1254 1742 l

164 1782 242 1824 esse.
272 1779 462 1839 recessuros,
481 1771 513 1821 ut
527 1762 610 1823 divus
624 1762 714 1823 lulius
730 1764 920 1841 recessisset,
935 1763 1023 1824 modo
1037 1764 1179 1823 virtutem

163 1847 303 1908 maiorum
324 1862 441 1906 suornm
458 1846 680 1907 aemularentur.
703 1863 790 1906 'neve
811 1847 919 1926 proclii
939 1848 1022 1908 unius
1038 1855 1088 1908 aut
1102 1847 1175 1908 alte·

163 1932 222 1990 rins
239 1937 344 1989 eventu
359 1939 569 2008 pavescerent:
585 1931 652 2011 plus
671 1933 811 2010 impetus,
827 1933 966 1992 maiorem
982 1931 1176 1992 constantiam

163 2031 256 2093 penes
279 2015 403 2074 miseros
419 2031 496 2074 esse.
527 2015 583 2076 iam
606 2014 805 2076 Britannorum
825 2016 912 2076 etiam
932 2015 1006 2077 deos
1028 2015 1175 2091 misereri,

127 2119 153 2160 ro
164 2100 212 2178 qui
226 2097 386 2158 Romanum
400 2097 502 2158 ducem
519 2097 686 2176 absentem,
710 2101 759 2178 qui
779 2099 943 2178 relegatum
957 2102 987 2160 in
1004 2098 1062 2160 alia
1080 2098 1177 2160 insula

163 2182 324 2242 exercitum
343 2180 519 2252 detinerentr
552 2184 607 2243 iarn
622 2185 722 2262 ipsos,
752 2184 830 2262 qnod
851 2183 1051 2246 difficillimum
1073 2183 1176 2260 luerit,

163 2265 340 2344 deliberare.
367 2282 457 2345 porro
473 2268 501 2326 in
517 2267 672 2327 eiusmodi
688 2268 818 2328 consiliis
830 2268 1025 2347 periculosius
1038 2285 1108 2328 csse
1125 2269 1175 2328 de·
1253 2275 1254 2332 Τ

163 2347 305 2428 prehendi
321 2367 406 2427 quam
422 2350 542 2411 andere.

228 2433 277 2494 16.
299 2431 352 2492 llis
366 2443 455 2512 atque
470 2433 575 2494 talibus
590 2437 619 2495 in
630 2436 725 2496 vicem
741 2437 877 2513 instincti,
891 2435 1038 2498 Boudicca
1054 2437 1175 2514 generis
1253 2443 1254 2446 ’

162 2517 238 2594 regii
255 2515 361 2577 icndaa
377 2517 453 2578 duce
472 2518 673 2597 (nequeenim
688 2538 791 2579 sexum
804 2522 832 2579 in
846 2521 976 2598 imperiis
989 2519 1174 2598 discernunt)

163 2616 315 2679 sumpsere
336 2601 464 2660 uniuersi
486 2599 610 2672 bellum;
637 2621 672 2662 ac
699 2620 820 2681 sparsos
841 2621 894 2683 per
922 2603 1045 2665 castella
1065 2603 1174 2665 milites

163 2685 343 2761 consectati,
359 2685 536 2762 expugnatis
549 2686 705 2764 praesidiis
720 2689 813 2766 ipsam
829 2687 974 2749 coloniam
988 2689 1129 2750 invasere
1146 2697 1174 2748 nt

141 2766 263 2835 ssedem
281 2769 446 2844 servitutis,
464 2785 520 2830 acc
535 2768 624 2830 nilum
639 2770 668 2828 io
685 2769 819 2831 herbaria
834 2772 974 2833 saevitiae
988 2789 1085 2849 genus
1103 2772 1172 2833 omi·

162 2853 206 2914 sit,
223 2852 266 2912 ira
291 2859 321 2912 ct
347 2850 481 2912 victoria.
517 2852 674 2932 quodnisi
699 2853 835 2914 Paulinus
857 2856 975 2933 cognito
1001 2856 1173 2934 provinciae

162 2944 241 2995 motu
267 2952 397 3014 propere
423 2935 626 3014 subvenisset,
659 2938 763 2998 amissa
793 2938 938 3000 Britannia
962 2938 1055 3010 iorem
1089 2958 1171 3020 quam
1253 2961 1254 3006 ι

163 3015 245 3079 unlus
272 3019 377 3098 proelii
399 3019 515 3080 fortuna
537 3023 630 3082 veteri
657 3019 815 3102 patientiae
841 3023 981 3102 restituit,
1007 3023 1173 3085 tenentibus
1253 3025 1254 3038 ¹

163 3120 242 3163 arma
260 3102 424 3183 plerisque,
442 3121 516 3183 quos
536 3105 717 3167 conscientia
737 3105 913 3167 deiectionis
934 3115 963 3167 et
979 3115 1103 3187 propius
1135 3126 1172 3168 en

128 3185 263 3262 relegato
296 3191 381 3249 timor
410 3187 556 3266 agitabat,
596 3203 634 3250 ne
654 3207 825 3270 quamquam
844 3192 983 3270 egregius
1007 3201 1108 3252 cetera
1124 3191 1170 3252 ad·
1253 3195 1254 3270 ᾗ

162 3270 346 3345 ιοςιιιιοῌιι
361 3269 475 3330 deditos
489 3279 519 3330 et
533 3279 564 3330 ut
577 3291 648 3333 suae
660 3275 877 3352 communisque
893 3275 1012 3336 iniuriae
1027 3275 1106 3335 ultor
1120 3276 1168 3335 du·
1253 3273 1254 3354 i

163 3350 222 3410 rins
239 3351 417 3414 consuleret.
442 3355 546 3413 missus
563 3355 650 3431 igitur
663 3355 815 3419 Petronius
831 3359 1012 3438 Turpilianus
1027 3367 1168 3437 tamquam
1253 3355 1254 3362 '

163 3434 343 3494 exorabilior
352 3445 382 3494 ct
390 3434 505 3496 delictis
517 3436 641 3498 hostium
652 3457 745 3502 novus
756 3459 851 3522 eoque
861 3444 1166 3524 paenitentiaemitior,
