2596 3872
420 149 526 198 urana
539 149 612 198 xrv.
630 149 705 198 cae.
719 148 840 203 uu-cu
1067 139 1128 203 tto
1156 209 1166 224 ¹

191 304 242 370 60.
268 301 359 384 Igitur
384 311 507 383 accepto
532 313 643 384 patrum
669 305 818 383 consulto,
844 314 995 386 postquam
1025 316 1128 369 cuncta

123 389 273 450 scelerum
293 404 410 448 suorum
430 403 485 466 pro
505 389 635 467 egregiis
655 389 750 469 accipi
770 389 866 466 videt,
888 389 1022 452 exturbat
1042 390 1127 454 Octa·

124 475 214 549 viam,
230 471 361 535 sterilem
376 470 525 542 dictitans;
545 476 620 533 exim
634 472 793 553 Poppaeae
809 474 1001 553 coniungitur.
1027 492 1063 536 ea
1080 475 1126 536 diu

124 555 234 638 paelex
250 564 279 616 et
296 553 417 616 adulteri
430 553 570 634 Neronis,
594 574 662 617 mox
677 557 769 618 mariti
786 566 908 638 potens,
931 557 1074 638 quendam
1090 577 1128 619 ex

125 641 265 701 ministris
281 638 419 701 Octauiae
441 639 553 719 impulit
573 640 709 702 servilem
724 642 751 701 ei
774 658 901 702 amorem
917 641 1047 702 obicere.
1078 642 1153 708 dos

125 726 304 803 stinaturque
325 740 393 784 reus
415 733 610 801 cognomento
632 724 796 804 Eucaerus,
818 727 934 786 natione
955 725 1127 788 Alexandri-

122 827 190 887 nus,
210 824 316 868 canere
330 806 409 868 tibiis
421 807 532 868 doctus.
549 795 632 868 actae
646 808 683 869 ob
698 807 726 869 id
745 807 781 870 de
798 809 910 870 ancillis
931 810 1126 889 quaestiones,

124 903 154 954 et
170 893 199 952 vi
220 898 428 952 tormentorum
446 891 530 952 victis
555 892 721 971 quibusdam
735 902 765 954 ut
779 891 853 954 ialsa
868 891 1041 972 adnuerem,
1064 894 1125 975 plu-

123 995 175 1039 res
204 977 360 1054 perstitere
388 975 567 1037 sanctitatem
592 976 728 1044 ¹dominae
752 977 843 1047 tueri;
879 995 916 1038 ex
943 977 1044 1057 quibus
1072 996 1128 1038 una
1154 1013 1158 1020 -

123 1059 241 1120 instanti
259 1057 403 1136 Tigellino
419 1061 544 1120 castiora
563 1079 630 1121 esse
647 1060 798 1122 muliebria
820 1059 957 1122 Octaviae
976 1057 1161 1142 responditur

124 1162 212 1225 quam
229 1158 265 1204 os
284 1144 356 1203 eius.
388 1151 520 1208 mouetur
542 1152 637 1206 tamen
657 1146 750 1225 primo
779 1145 871 1206 civilis
892 1143 1004 1206 discidii
1025 1147 1126 1226 specie

124 1229 298 1306 domumque
313 1225 408 1306 Burri,
423 1227 542 1308 praedia
557 1229 659 1306 Plauti,
675 1229 798 1290 inlausta
813 1228 888 1290 dona
921 1225 1043 1308 accipit:
1058 1230 1135 1289 mon*

123 1316 154 1374 in
170 1310 355 1390 Campaniam
370 1311 453 1391 pulsa
475 1321 520 1372 est
536 1313 631 1374 addita
644 1312 760 1374 militari
775 1311 914 1374 custodia.
948 1311 1014 1373 inde
1031 1311 1126 1373 crebri

126 1404 245 1475 questus
262 1412 318 1454 nec
331 1395 439 1456 occulti
455 1389 642 1472 pervulgum,
657 1393 701 1453 cui
712 1393 806 1451 minor
817 1393 959 1459 sapientia
973 1400 1003 1453 et
1021 1413 1126 1457 exme-

126 1480 279 1541 diooritate
294 1479 426 1539 lorturme
443 1479 581 1557 pauciora
597 1478 728 1558 pericula
744 1489 824 1550 sunt,
851 1479 896 1540 luis
934 1479 1034 1558 Nero,
1058 1479 1160 1542 tam-lu

127 1581 212 1644 quam
228 1562 403 1642 paenitentia
419 1562 538 1640 llagitii,
561 1564 717 1642 coniugem
737 1562 890 1624 revocavit
903 1561 1064 1624 Octaviam.

184 1647 236 1710 61.
266 1645 350 1707 Exim
367 1645 436 1707 laeti
452 1645 627 1726 Capitolium
642 1647 782 1722 scandunt
802 1646 932 1727 deosque
948 1645 1062 1708 tandem
1078 1663 1125 1706 ve·

124 1739 270 1793 merantur.
308 1729 423 1808 efligies
450 1729 607 1810 Poppaeae
635 1739 789 1810 proruunt,
816 1729 956 1792 Octauiae
985 1731 1126 1810 imagines

123 1822 242 1895 gestant
268 1814 391 1892 umeris,
419 1823 560 1893 spargunt
581 1815 700 1876 lloribus
722 1815 847 1894 loroque
870 1832 905 1876 ac
927 1814 1043 1895 templis
1069 1822 1125 1875 sta·

124 1907 215 1961 tuunt.
248 1905 266 1968 †
280 1898 336 1958 itur
349 1898 434 1959 etiam
446 1899 475 1957 in
486 1899 626 1978 principis
641 1899 742 1962 laudes
752 1899 905 1979 repetitum
919 1899 1124 1960 venerantium.

125 1987 239 2062 iamque
265 1990 294 2042 et
314 1979 454 2042 Palatium
477 1982 655 2043 multitudine
685 1991 713 2042 et
734 1981 907 2043 clamoribus
930 1979 1151 2062 complebant,s

129 2085 192 2128 cnm
207 2066 305 2127 emissi
321 2065 439 2127 militum
452 2065 535 2143 globi
553 2063 725 2128 verberibus
739 2068 892 2126 etintento
905 2067 985 2127 ierro
997 2064 1127 2126 turbatos

127 2150 279 2212 disiecere.
306 2157 470 2229 mutataque
485 2168 558 2230 quae
574 2168 628 2230 per
643 2150 813 2211 seditionem
831 2157 995 2227 verterant,
1009 2158 1038 2210 et
1051 2149 1127 2228 Pop·

126 2252 218 2316 paeae
232 2233 326 2295 honos
340 2235 487 2314 repositus
501 2241 555 2295 est.
584 2251 658 2312 quae
680 2251 797 2312 semper
811 2233 895 2311 odio,
916 2241 974 2292 tum
998 2243 1027 2295 et
1050 2241 1128 2292 metu

123 2328 219 2395 auca,
233 2334 271 2378 ne
286 2325 334 2379 ant
349 2317 430 2396 vulgi
444 2317 540 2378 acrior
555 2318 601 2377 vis
614 2317 765 2396 ingrueret
780 2325 828 2378 aut
845 2316 925 2378 Nero
941 2316 1127 2376 inclinatione

124 2402 227 2484 populi
246 2409 418 2478 mutaretur,
444 2400 599 2481 provoluta
620 2401 746 2480 genibus
767 2401 844 2480 eius,
865 2418 923 2462 non
945 2416 981 2460 eo
1003 2399 1061 2460 loci
1078 2417 1162 2458 resto

124 2505 193 2548 suas
224 2487 283 2562 ait,
309 2493 342 2546 ut
378 2481 414 2545 de
443 2485 624 2546 matrimonio
643 2494 750 2562 certet,
770 2501 939 2564 quamquam
954 2482 983 2544 id
1000 2481 1055 2543 sibi
1070 2483 1128 2543 uita

124 2571 232 2652 potius,
248 2567 301 2630 sed
314 2569 400 2629 uitam
415 2569 507 2649 ipsam
521 2569 550 2628 in
566 2578 725 2630 extremum
742 2567 892 2630 adductam
907 2585 925 2628 a
941 2565 1083 2627 clientelis
1098 2575 1128 2626 et

124 2653 252 2715 servitiis
273 2651 427 2731 Octaviae,
454 2669 530 2730 quae
547 2651 642 2733 plebis
662 2652 718 2713 sibi
734 2669 839 2714 nomeu
861 2650 1032 2728 indiderint,
1049 2668 1085 2711 ea
1098 2649 1128 2710 in

125 2756 198 2820 pace
216 2738 279 2798 ausi
294 2752 369 2815 quae
385 2737 435 2797 vix
454 2734 534 2797 bello
551 2736 711 2797 euenirent.
740 2754 818 2797 arma
836 2735 886 2796 illa
898 2735 1037 2796 adversus
1050 2734 1126 2812 priu-

124 2824 220 2902 cipem
241 2829 369 2898 sumpta:
392 2819 493 2882 ducem
511 2828 618 2892 tantum
641 2819 784 2898 defuisse,
806 2821 854 2900 qni
873 2818 958 2881 motis
979 2817 1067 2879 rebus
1085 2817 1161 2878 laus

124 2907 180 2967 cile
204 2906 402 2985 reperiretur,
428 2905 574 2966 omitteret
599 2904 686 2966 modo
710 2901 894 2984 Campaniam
920 2910 949 2962 et
974 2904 1002 2962 in
1026 2900 1128 2962 urbem

6 3039 7 3048 ,
123 2992 188 3070 lpsa
208 2995 366 3069 pergeret,
388 2987 424 3049 ad
447 2989 527 3050 onius
549 2995 645 3050 nutnnr
667 2987 795 3050 absentis
817 2985 951 3048 tumultus
974 2987 1127 3046 cierentur.

123 3072 202 3154 quod
219 3073 348 3150 alioquin
364 3070 614 3134 suumdelictnmi
641 3090 725 3153 qnam
738 3072 904 3151 cuiusquam
915 3066 1127 3131 offensionem?

124 3157 258 3238 angnia
282 3172 381 3218 veram
404 3157 575 3236 progeniem
604 3155 757 3235 penatibus
782 3153 938 3217 Caesarum
958 3153 1058 3214 datura
1072 3149 1131 3213 siti

123 3241 210 3303 malle
233 3239 370 3321 populum
390 3240 550 3302 Romanurn
575 3238 700 3302 tibicinia
720 3239 859 3319 Aegyptii
882 3236 1016 3299 subolem
1035 3236 1162 3314 impe-ao

124 3325 234 3388 ratorio
249 3325 367 3402 fastigio
385 3319 501 3384 induci?
529 3323 663 3404 deniqne,
679 3325 703 3385 si
719 3324 747 3385 id
761 3322 849 3383 rebus
864 3319 1016 3395 conducat,
1033 3317 1128 3379 libens

125 3424 209 3488 quam
239 3416 359 3470 coactus
386 3409 497 3468 acciret
523 3405 683 3486 dominam,
718 3406 766 3467 vel
791 3402 957 3464 consuleret
982 3401 1129 3461 securitati
