2596 3872
170 152 235 214 290
422 161 588 210 conanum
610 161 726 208 uucrrr
741 162 925 210 annnorum

169 281 266 381 oneri
278 317 345 378 dolo
367 315 582 378 fabricantium:
608 316 658 376 sed
675 316 722 394 qui
739 315 852 393 ingredi
867 317 928 376 ausi
949 327 1029 396 sunt,
1051 319 1179 385 validum

169 415 203 465 et
220 403 303 463 lidum
319 401 500 462 intellexere.

236 487 283 548 16.
306 485 440 546 Ceterum
463 485 593 546 obsessis
613 485 688 545 adeo
711 485 945 563 suppeditavisse
968 505 1028 546 rem
1048 487 1172 548 frumen·
1283 491 1284 498 ’

173 574 273 634 tarium
290 570 431 648 constitit,
458 579 488 630 ut
501 569 616 631 horreis
630 571 727 647 ignem
744 569 902 647 inicerent,
927 578 1087 650 contraque
1106 590 1173 650 pro·

173 655 276 718 diderit
299 652 428 715 Corbulo
450 653 573 716 Parthos
597 655 701 732 inopes
726 653 874 732 copiarum
898 663 927 713 et
950 653 1056 732 pabulo
1074 657 1174 715 attrito

173 740 328 802 relicturos
340 739 596 817 oppugnationem,
608 757 704 816 neque
717 757 749 798 se
763 737 828 815 plus
841 737 924 798 tridui
937 738 1041 798 itinere
1052 739 1170 798 aluisse.

148 823 260 887 aedicit
282 823 344 884 iure
363 821 481 884 iurando
499 823 579 884 Paeti
599 832 709 882 cautum
727 821 802 899 apud
823 823 924 899 signa,
943 821 1122 884 adstantibus
1137 824 1170 882 iis
1283 875 1284 906 ζ

175 925 250 989 quos
265 906 446 967 testificando
464 925 517 968 rex
532 907 668 980 misisset,
686 907 828 965 neminem
837 905 995 966 Romanum
1007 908 1172 968 Armeniam
1283 909 1284 952 l

174 995 379 1070 ingressurum,
403 991 497 1050 donec
511 991 689 1050 referrentur
705 989 807 1050 literae
822 989 965 1066 Neronis,
987 1008 1023 1048 an
1043 993 1107 1068 paci
1123 990 1171 1050 ad·
1242 1011 1246 1019 ’

174 1083 285 1136 nueret.
316 1091 389 1151 quae
412 1084 442 1133 ut
462 1073 612 1152 augendae
633 1073 767 1134 infamiae
793 1074 969 1153 composita,
997 1075 1040 1133 sio
1060 1075 1174 1154 reliqua

173 1178 231 1221 uon
247 1160 274 1218 in
290 1158 416 1217 obscuro
432 1158 584 1233 habentur,
601 1176 654 1217 una
670 1157 715 1216 die
729 1157 917 1234 quadraginta
932 1159 1037 1218 milium
1049 1162 1174 1236 spatium

137 1259 164 1302 ιο
174 1260 319 1304 emensum
336 1260 403 1302 esse
420 1242 546 1319 Paetum,
562 1241 686 1306 desertis
706 1243 812 1318 passim
827 1242 950 1318 sauciis,
967 1259 1062 1320 neque
1078 1243 1174 1302 minus

173 1327 333 1389 deformem
353 1327 431 1387 illarn
452 1327 621 1403 fugientium
642 1325 861 1403 trepidationem
885 1343 969 1405 quam
991 1327 1016 1386 si
1040 1335 1121 1404 terga
1143 1327 1173 1386 in

173 1414 235 1474 acie
251 1413 416 1472 vertissent.
446 1408 574 1471 Gorbulo
592 1427 653 1469 oum
669 1411 727 1470 suis
744 1411 837 1488 copiis
850 1407 926 1488 apud
937 1412 1028 1490 ripam
1039 1409 1172 1489 Euphra·

172 1496 209 1556 tis
225 1495 327 1556 obvius
350 1512 408 1555 non
423 1512 486 1556 eam
502 1495 632 1574 speeiem
648 1495 800 1570 insignium
816 1502 845 1553 et
865 1512 1007 1556 umorum
1024 1493 1173 1572 praetulit,
1283 1571 1284 1576 ἵ

173 1590 202 1640 ut
220 1580 415 1640 diversitatem
431 1577 632 1658 exprobraret.
663 1579 763 1638 maesti
780 1578 916 1657 manipuli
933 1597 968 1640 ac
984 1579 1076 1640 vicem
1093 1596 1171 1638 oom-

138 1679 162 1720 ιι
172 1663 328 1723 militonum
342 1664 514 1723 miserantes
532 1681 568 1722 ne
582 1661 707 1722 lacrimis
720 1661 832 1739 quidem
843 1670 1022 1742 temperare;
1038 1664 1087 1721 vix
1099 1681 1173 1740 prae

171 1748 240 1808 fletu
255 1756 392 1825 usurpata
414 1745 616 1808 consalutatio.
648 1744 817 1806 decesserat
839 1756 986 1812 certamen
1008 1746 1118 1812 virtmis
1142 1756 1172 1806 et

172 1829 288 1890 ambitio
304 1831 433 1906 gloriae,
449 1828 576 1890 felicium
590 1829 734 1890 hominum
751 1829 898 1891 adfectus:
919 1830 983 1892 sola
1004 1830 1171 1890 misericor·

172 1913 216 1973 dia
231 1913 358 1987 valebat,
377 1922 406 1972 et
423 1912 498 1991 apud
514 1914 640 1974 minores
654 1915 756 1991 magis.
1038 1911 1049 1917 ”

235 1999 283 2057 17.
305 1996 416 2056 Duouun
438 1998 513 2056 inter
533 2015 566 2058 se
587 1996 685 2057 brevis
701 2015 797 2058 sermo
813 2007 930 2058 secutus
946 2005 1004 2072 est,
1027 1995 1084 2056 hoc
1101 2016 1172 2056 con·
1283 2035 1284 2048 ι

172 2089 312 2160 querente
329 2081 383 2140 iam
398 2082 511 2140 inritum
525 2079 671 2158 laborem,
697 2084 825 2161 potuisse
841 2081 946 2144 bellum
966 2081 1035 2156 fuga
1050 2075 1172 2140 Partho·

171 2183 232 2224 rom
244 2165 332 2224 finiri:
352 2163 402 2224 ille
413 2165 526 2240 integra
538 2165 650 2242 utrique
665 2174 766 2224 cuncta
778 2165 944 2244 respondit:
965 2173 1172 2230 converterent

172 2248 283 2327 aquilas
307 2257 336 2307 et
357 2249 444 2308 iuncti
470 2247 640 2308 invaderent
660 2247 826 2308 Armeniam
848 2247 988 2310 abscessu
1009 2247 1172 2324 Vologesis

145 2334 346 2393 siulirmatam.
377 2348 435 2391 uon
461 2349 497 2392 ea
524 2333 707 2409 imperatoris
731 2331 842 2392 habere
858 2331 998 2394 mandata
1023 2330 1169 2392 Corbulo:

172 2415 303 2496 periculo
318 2415 466 2493 legionum
481 2426 652 2477 commotum
669 2433 686 2474 e
701 2417 851 2494 provincia
869 2433 1036 2494 egressum:
1054 2414 1170 2494 quando
1283 2401 1284 2432 ³

171 2502 198 2559 in
212 2501 323 2560 incerto
338 2498 497 2560 habeantur
511 2499 680 2561 Parthorum
695 2509 825 2576 conatus,
842 2501 952 2562 Suriam
965 2499 1168 2578 repetiturum:

172 2585 214 2644 sic
231 2601 346 2662 quoque
364 2583 500 2661 optimam
515 2589 667 2644 fortunam
683 2583 836 2662 orandam,
861 2594 890 2645 ut
907 2584 999 2664 pedes
1016 2583 1172 2643 confectus

145 2678 150 2684 '
172 2666 272 2744 spatiis
293 2668 424 2727 itinerum
444 2667 570 2728 alacrem
586 2676 615 2727 et
636 2666 776 2728 facilitate
798 2685 963 2748 camporum
980 2667 1168 2746 praevenien-

136 2764 163 2806 ro
172 2760 229 2812 tem
252 2751 376 2828 equitem
396 2750 613 2830 adsequeretur·
649 2753 725 2811 exim
747 2751 853 2822 Paetus
877 2771 930 2830 per
952 2751 1170 2830 Cappadociam

171 2833 345 2895 hibernavit:
368 2843 398 2894 at
412 2835 571 2912 Vologesis
590 2835 625 2896 ad
642 2833 836 2898 Corbulonem
857 2837 936 2896 missi
953 2835 1057 2912 nuntii,
1073 2833 1168 2896 detra·

170 2918 254 2978 heret
269 2918 390 2979 castella
412 2927 490 2980 trans
506 2917 673 2996 Euphraten
696 2937 880 2998 amnemque,
903 2929 931 2979 ut
946 2919 1030 2996 olim,
1045 2918 1168 2980 medium
1191 2963 1196 2971 -

170 3002 291 3062 faceret.
328 3001 378 3062 ille
399 2999 563 3064 hrmemam
586 3020 703 3082 quoque
725 3002 848 3064 diversis
871 3003 1023 3084 praesidiis
1046 3021 1168 3064 vacuam

172 3086 233 3146 lieri
249 3085 460 3164 expostulabat.
489 3095 518 3146 et
531 3095 677 3164 postremo
691 3088 837 3148 concessit
849 3107 916 3158 rex;
932 3088 1080 3166 dirutaque
1093 3105 1169 3166 quae

132 3188 160 3232 aa
171 3168 339 3249 Euphraten
357 3169 431 3230 ultra
448 3173 673 3232 communiverat
689 3169 831 3250 Corbulo,
850 3181 879 3232 et
893 3171 1021 3232 Armenii
1039 3171 1102 3232 sine
1123 3190 1163 3233 ar·

171 3253 247 3313 bitro
261 3253 356 3313 relicti
372 3262 445 3314 sunt.

235 3336 283 3400 18.
305 3336 343 3397 At
357 3337 468 3398 Romae
483 3346 604 3417 tropaea
621 3339 657 3398 de
678 3338 790 3400 Parthis
806 3357 949 3418 arcusque
969 3338 1063 3399 medio
1081 3337 1168 3413 Capi·

171 3417 253 3476 tolioi
273 3423 376 3480 montis
404 3421 590 3501 sistebantur,
616 3422 734 3484 decreta
755 3423 791 3486 ab
815 3433 915 3484 senatu
937 3425 1051 3500 integro
1072 3421 1169 3482 adhuc
