2568 3870
178 189 235 252 134
404 203 701 252 oonrsnrrrxorrr
717 204 957 252 ursronrnrunr

207 361 300 426 templo
314 359 459 426 Serapidis,
474 363 546 412 cuius
566 361 609 414 83.
621 362 665 412 84.
677 363 750 428 origo
762 361 923 426 Sinopensis,
934 362 1055 426 templum
1063 360 1182 410 Alexan-

208 430 279 479 driae
289 429 468 496 magnificum,
483 445 584 482 nomen.
612 433 656 483 85.
674 431 823 481 Valentinus
840 430 965 494 supplicio
981 429 1107 479 adiectus.
1132 429 1183 480 86.

208 497 375 556 Domitianus,
391 498 487 549 frustra
501 508 596 549 tentato
610 500 717 558 Ceriale,
730 513 763 548 an
776 500 825 549 sibi
842 498 980 548 exercitum
991 499 1186 563 imperiumque

207 566 346 617 traditurus
361 565 440 628 iuret,
458 568 589 618 literarum
606 569 718 619 studium
733 579 758 617 et
776 581 888 617 amorem
906 567 1047 616 carminum
1063 567 1182 616 simulat.

207 701 228 752 Τ
260 633 335 753 (ὶὲῗω
348 634 411 686 baec
423 636 514 702 partim
527 637 710 699 eademnam,
726 638 818 703 partim
832 637 893 702 imp.
910 635 1070 702 Vespasiano
1085 637 1186 686 iterum

229 704 264 753 ito
310 705 334 754 io
350 719 416 756 coss.

238 777 264 830 1.
284 771 443 833 Interfecto
463 774 583 836 Vitellio
610 775 717 836 bellurn
740 775 831 852 magis
858 773 986 833 desierat
1009 791 1093 850 quant
1119 791 1185 850 pax

174 865 323 934 coeperat.
357 860 457 919 armati
476 877 528 937 per
543 859 644 920 urbem
662 861 791 918 victores
811 856 980 936 inplacabili
997 857 1064 917 odio
1080 858 1184 916 victos
1265 871 1267 894 ³

174 940 434 1002 consectabantur:
452 942 559 1019 plenae
579 943 716 1004 caedibus
734 943 813 1018 viae,
836 950 954 1002 cruenta
973 941 1036 1002 lora
1053 941 1183 1018 templa·

173 1043 248 1102 que,
265 1026 373 1103 passim
390 1026 555 1102 inminutis,
575 1037 606 1087 ut
620 1044 764 1107 quemque
784 1026 846 1085 fors
872 1025 1028 1089 obtulerat.
1057 1043 1092 1085 ac
1108 1043 1184 1084 mox
1265 1067 1266 1076 2

150 1116 353 1183 taugescente
368 1108 486 1170 licentia
505 1112 629 1170 scrutari
651 1129 687 1172 ac
702 1109 877 1190 protrahere
895 1109 1025 1177 abditos:
1049 1110 1182 1188 siquem
1265 1089 1267 1116 ³

172 1207 328 1268 procerum
342 1191 441 1252 habitu
459 1205 489 1255 et
506 1196 621 1256 iuventa
637 1204 869 1274 conspexerant,
887 1193 1078 1269 obtruncare,
1096 1193 1194 1253 nullo·

172 1275 292 1334 militum
308 1285 356 1336 aut
371 1277 471 1356 populi
484 1279 660 1342 discrimine.
689 1297 763 1358 quae
779 1280 901 1340 saevitia
914 1277 1082 1338 recentibus
1100 1277 1178 1338 odiis

173 1361 312 1437 sangnine
334 1361 525 1440 explebatur,
550 1363 617 1424 deiu
639 1372 769 1424 verterat
789 1365 818 1422 in
840 1363 998 1423 avaritiam.
1037 1359 1109 1421 nibil
1131 1381 1176 1420 ns·

174 1461 257 1522 quarn
280 1454 426 1506 secretum
448 1457 495 1508 aut
515 1447 643 1508 clausum
667 1447 815 1524 sinebant,
837 1446 1013 1507 Vitellianos
1031 1446 1179 1506 occultari

138 1537 164 1576 ¹⁰
175 1529 353 1593 simulantes.
384 1530 492 1591 initiunt
506 1532 534 1591 id
549 1530 818 1610 perfringendarum
834 1531 983 1607 domuum,
998 1530 1047 1591 vel
1062 1531 1087 1590 si
1103 1531 1179 1590 resi-

172 1621 315 1689 steretur,
337 1631 424 1674 causa
447 1616 562 1683 caedis;
582 1632 638 1674 nec
658 1614 761 1674 deerat
784 1614 989 1690 egentissimus
1011 1616 1136 1692 quisque
1162 1633 1180 1672 e

174 1695 261 1772 plebe
285 1706 314 1755 et
335 1699 452 1774 pessimi
474 1700 657 1759 servitiorum
679 1696 805 1776 prodere
832 1697 907 1757 ultro
929 1697 1005 1756 dites
1026 1697 1178 1756 dominos:

172 1778 220 1837 alii
234 1779 270 1837 ab
286 1779 385 1838 arnicis
401 1781 643 1842 monstrabantur.
679 1780 787 1860 ubique
803 1781 945 1855 lamenta,
969 1780 1178 1840 conclamatio-

171 1879 225 1920 nes
248 1867 278 1917 et
298 1862 412 1920 fortuna
427 1871 531 1940 captae
552 1865 647 1941 urbis,
666 1866 740 1926 adeo
758 1875 789 1924 ut
800 1865 954 1927 Othoniani
967 1863 1178 1942 Vitellianique

139 1944 269 2006 unilttis
291 1946 431 2007 invidiosa
452 1958 534 2010 aulea
557 1951 717 2027 petulantia
737 1949 963 2009 desideraretur.
1001 1949 1090 2008 duces
1106 1964 1176 2025 par·

171 2030 240 2092 tiurn
265 2029 454 2092 accendendo
479 2034 558 2094 uirili
579 2033 658 2094 bello
684 2051 784 2110 acres,
806 2032 1014 2112 temperandae
1031 2033 1176 2090 victoriae

172 2114 298 2192 inpares,
314 2114 422 2191 quippe
434 2116 510 2173 inter
522 2116 661 2174 turbaret
674 2114 838 2176 discordias
850 2115 980 2192 pessimo
995 2115 1099 2190 cuique
1109 2115 1176 2192 plu·

172 2200 242 2258 rinra
256 2199 318 2272 vis,
337 2217 393 2276 pax
411 2210 439 2261 et
455 2201 538 2280 quies
553 2200 639 2260 bonis
656 2198 765 2260 artibus
782 2199 922 2276 indigent.

230 2282 260 2341 2.
295 2282 408 2344 Nomen
440 2285 600 2364 sedemque
626 2282 762 2345 Caesaris
794 2283 974 2344 Domitianus
1005 2291 1176 2360 acceperat,

172 2366 296 2428 noudum
319 2369 355 2429 ad
379 2386 463 2428 curas
488 2371 627 2444 intentus,
656 2368 709 2428 sed
730 2369 838 2447 stupris
865 2377 894 2429 et
914 2366 1063 2427 adulteriis
1085 2364 1176 2424 lilium

174 2451 313 2529 principis
327 2452 441 2529 agebat.
466 2452 650 2530 praefectura
664 2451 804 2529 praetorii
821 2470 913 2531 penes
926 2449 1041 2510 Arrium
1053 2449 1176 2524 Varum,

173 2553 280 2597 summa
304 2538 450 2613 potentiae
472 2538 500 2596 in
521 2537 614 2596 Primo
636 2535 772 2596 Antonio,
809 2537 833 2596 is
856 2530 1007 2614 pecuniam
1024 2531 1175 2593 iarniliam-

148 2637 231 2698 sque
249 2638 266 2677 e
287 2620 425 2699 principis
444 2621 530 2681 domo
552 2623 634 2698 quasi
650 2619 876 2682 Cremonensem
899 2619 1036 2697 praedam
1051 2633 1175 2694 rapere:

174 2699 265 2763 ceteri
280 2703 421 2765 modestia
435 2705 483 2764 rel
499 2704 680 2781 ignobilitate
695 2713 725 2764 ut
743 2704 867 2765 inbelle
884 2703 1018 2777 obscuri,
1034 2703 1073 2762 ita
1090 2719 1174 2777 prae·
1261 2751 1262 2756 ,

171 2789 293 2847 rniorunr
310 2799 460 2867 expertes.
496 2791 596 2850 civitas
618 2789 720 2867 pavida
741 2796 770 2849 et
785 2789 904 2849 servitio
920 2795 1019 2865 parata
1034 2787 1176 2862 occupari

172 2871 342 2932 redeuntem
367 2871 523 2934 Tarracina
544 2873 574 2933 L.
596 2873 744 2935 Vitellium
759 2876 829 2935 'curn
846 2872 1014 2944 cohortibus
1030 2869 1174 2946 extingui-

173 2974 229 3034 que
245 2955 358 3034 reliqua
373 2956 445 3018 balli
455 2957 641 3036 postulabat:
672 2958 823 3036 praemissi
836 2957 964 3020 Ariciam
981 2956 1106 3035 equites,
1123 2970 1175 3030 ag·

137 3051 238 3100 tumen
255 3039 402 3117 legionum
423 3044 496 3102 intra
515 3041 645 3102 Bovillas
667 3044 754 3102 stetit.
784 3060 841 3103 neo
855 3051 1005 3102 cunctatus
1022 3048 1069 3101 est
1081 3037 1174 3096 Vitel-

172 3125 227 3184 lius
245 3142 337 3203 seque
355 3134 385 3185 et
407 3125 545 3185 cohortes
563 3125 682 3187 arbitrio
709 3127 829 3190 victoris
847 3127 1030 3204 permittere,
1046 3134 1075 3184 et
1089 3121 1175 3182 miles

172 3208 299 3267 infelicia
316 3227 394 3269 anna
409 3209 483 3270 baud
498 3212 589 3270 rninus
606 3211 646 3269 ira
664 3229 748 3289 quarn
763 3219 840 3272 metu
856 3210 972 3271 abiecit.
1000 3208 1107 3285 longus
1122 3205 1174 3265 de-

173 3290 293 3352 ditorurn
317 3293 406 3368 ordo,
431 3303 549 3370 saeptus
569 3296 705 3371 armatis,
727 3313 781 3374 por
802 3295 901 3355 urbem
921 3295 1059 3368 incessit,
1087 3307 1173 3366 neruo

174 3374 298 3450 supplici
321 3377 418 3448 voltu,
442 3377 494 3436 sed
517 3379 616 3437 tristes
632 3387 662 3437 et
677 3387 774 3439 truces
790 3389 820 3439 et
834 3378 987 3440 adversum
1003 3377 1120 3457 plausus
1136 3393 1174 3433 ae

140 3461 163 3500 ¹⁵
174 3451 320 3516 lasciviam
332 3461 492 3520 insultantis
507 3460 586 3536 volgi
602 3461 764 3523 inmobiles.
791 3481 901 3541 paucos
917 3480 1068 3542 erumpere
1082 3475 1172 3520 ausos
1246 3458 1252 3471 '
