2568 3870
389 135 496 184 creua
510 137 546 185 11.
563 136 639 186 cnr.
655 135 775 192 76—79.
1040 135 1080 199 79

79 290 154 354 ordo
172 291 242 357 erit;
259 305 323 349 nam
340 286 365 348 si
380 287 528 364 vincimus,
543 287 684 349 honorem
702 308 787 368 quem
807 291 923 354 dederis
948 293 1078 360 habebo:

78 374 234 438 discrimen
254 386 287 430 ac
306 369 435 449 pericula
453 387 600 448 exaequo
616 374 780 450 partiemur.
813 375 913 454 immo,
932 386 961 437 ut
977 380 1115 443 meliusne

78 467 134 536 est,
149 466 178 517 tu
196 454 250 517 hos
268 453 414 514 exercitus
430 471 513 532 rege,
527 454 595 514 mihi
611 453 718 517 bellum
735 465 764 518 et
778 459 955 535 proeliorum
970 462 1081 526 incerta

78 539 170 605 trade.
211 539 326 599 acriore
348 535 435 599 hodie
460 536 612 616 disciplina
634 540 703 602 victi
725 557 809 618 quam
831 542 960 604 victores
981 555 1079 624 agunt.

77 627 133 688 hos
149 625 208 699 ira,
224 621 337 696 odium,
365 618 482 681 ultionis
499 620 641 700 cupiditas
653 621 690 684 ad
705 623 837 685 virtutem
860 627 1009 689 accendit:
1039 629 1080 689 illi

79 728 134 787 per
147 704 297 766 'fastidium
321 711 351 762 et
371 705 550 766 contumacia
566 703 737 766 hebescunt.
762 708 877 786 aperiet
896 717 927 768 et
948 711 1081 772 recludet

81 797 213 852 contecta
235 795 265 848 et
286 787 476 846 tumescentia
497 787 657 847 victricium
685 789 806 867 partium
827 790 949 854 volnera
972 793 1113 854 bellumne

79 877 189 953 ipsum;
215 889 269 930 nec
291 865 461 930 mihimaior
477 869 504 930 in
522 878 569 930 tua
586 870 735 949 vigilantia
751 874 925 951 parsimonia
938 877 1080 956 sapientia

80 957 185 1018 liducia
199 963 244 1014 est
258 969 341 1030 qnam
356 951 384 1010 ln
398 949 509 1014 Vitellii
523 961 644 1033 torpore
664 955 778 1016 ioscitla
792 956 920 1018 saevitia.
952 957 1005 1021 sed
1021 977 1079 1019 me·

81 1040 185 1099 liorem
199 1035 228 1094 in
239 1032 318 1096 bello
336 1051 450 1096 causam
464 1054 548 1114 quam
564 1037 593 1098 in
613 1054 688 1116 pace
708 1037 861 1112 habemus3
886 1057 950 1109 narn
966 1041 1014 1121 qui
1029 1042 1079 1102 de-

80 1121 213 1196 liberant,
231 1116 435 1178 desciverunt?

144 1199 193 1264 78.
226 1201 296 1262 Post
320 1199 445 1262 bluciaci
471 1203 632 1264 orationem
659 1203 751 1262 ceteri
774 1202 925 1266 audentius
959 1206 1078 1267 circum·

79 1288 203 1362 sistere,
226 1283 352 1359 hortari,
376 1299 520 1363 responsa
542 1293 637 1344 satum
658 1294 686 1345 et
702 1284 827 1345 siderum
846 1295 940 1348 motus
953 1289 1076 1350 referre.

77 1388 134 1431 nec
150 1377 213 1430 erat
233 1367 357 1428 intactus
381 1365 429 1426 tali
446 1368 666 1448 superstitione,
689 1368 782 1446 utqui
796 1384 864 1428 mox
878 1388 974 1430 rerum
990 1371 1077 1432 domi·

77 1472 131 1516 nus
147 1451 301 1512 Seleucum
319 1448 459 1528 quendam
473 1449 702 1517 mathematicum
717 1460 862 1512 rectorem
876 1461 904 1513 ct
916 1455 1078 1533 praescium

78 1537 175 1617 palam
189 1531 332 1595 habuerit.
368 1531 557 1595 recursabant
570 1534 664 1594 animo
680 1541 779 1594 uetera
797 1534 906 1596 omina:
923 1553 1103 1616 cupressusu

78 1621 168 1682 arhor
192 1617 221 1676 in
243 1616 322 1694 agris
345 1616 407 1683 eius
430 1617 587 1696 conspicua
609 1615 759 1678 altitudine
775 1626 898 1695 repente
913 1619 1080 1699 prociderat

79 1722 113 1764 ac
129 1709 251 1782 postera
271 1696 318 1758 die
342 1698 446 1760 eodem
465 1699 592 1777 vestigio
615 1716 775 1777 resurgens
802 1717 926 1779 procera
948 1711 978 1764 et
993 1703 1080 1765 latior

78 1785 202 1848 virebat.
234 1780 346 1862 grande
370 1780 399 1841 id
423 1798 654 1861 prosperumque
678 1799 824 1846 consensu
842 1783 928 1846 harus
950 1786 1026 1846 icum
1051 1794 1081 1846 et

77 1886 188 1932 summa
206 1864 348 1926 claritudo
365 1865 461 1925 iuueni
481 1863 632 1926 admodum
649 1865 832 1946 Vespasiano
847 1803 1006 1945 promlssa,
1027 1868 1080 1929 sed

77 1958 173 2036 primo
190 1948 373 2029 triumphalia
389 1956 418 2008 et
435 1947 601 2010 consulatus
619 1957 649 2009 et
662 1947 818 2011 ludaeicae
831 1951 972 2014 victoriae
988 1951 1113 2012 decurro

76 2039 210 2119 inplesse
232 2031 317 2094 iidem
337 2031 440 2092 ominis
454 2030 644 2092 videbantur:
656 2038 687 2090 ut
701 2031 775 2092 haec
790 2032 911 2112 adeptus
928 2042 989 2110 est,
1012 2051 1078 2114 por·

77 2119 159 2184 tendi
176 2115 231 2178 sibi
245 2116 396 2196 imperium
418 2113 566 2176 credebat
597 2121 643 2174 est
662 2113 796 2176 Iudaeam
813 2116 888 2177 inter
909 2117 1080 2194 Suriamque

77 2199 246 2267 Carmelus:
263 2200 300 2259 ita
316 2206 422 2261 vocant
434 2206 561 2258 montem
579 2196 731 2276 deumque.
761 2216 816 2258 nec
831 2199 1012 2260 simulacrum
1022 2199 1079 2260 deo

77 2297 124 2349 aut
133 2281 372 2360 templum-sio
381 2280 527 2342 tradidere
535 2280 661 2340 maiores
672 2300 719 2337 -ι
733 2287 1079 2342 aratantumetreveren·

75 2371 125 2430 tia.
189 2361 250 2424 illio
269 2361 442 2422 sacrificanti
457 2362 650 2439 Vespasiano,
667 2377 731 2420 com
746 2377 816 2439 spes
830 2362 961 2424 occultas
981 2380 1078 2424 versa·
1090 2372 1114 2414 ¹⁸
1231 2410 1235 2419 ,

77 2460 123 2510 ret
135 2446 254 2523 nonime,
272 2444 414 2506 Basilides
428 2443 567 2506 sacerdos
582 2437 887 2521 inspectisldentidem'
898 2445 972 2506 extis
985 2444 1079 2523 ‘quid-

80 2530 149 2610 quid
171 2533 232 2589 est’
257 2529 356 2608 inquit,
373 2527 588 2605 ‘Vespasione,
608 2523 686 2604 quod
704 2543 808 2604 paras,
833 2543 886 2586 seu
902 2527 1015 2589 domurn
1029 2545 1078 2588 ex·

75 2629 178 2674 sruera
197 2629 250 2674 seu
275 2611 421 2690 prolatare
442 2625 532 2688 agros
546 2609 610 2670 sive
623 2606 761 2687 ampliare
775 2609 912 2685 servula,
929 2609 1012 2670 datur
1027 2609 1079 2670 tibi

79 2713 184 2774 magna
204 2693 309 2771 sedes,
328 2695 462 2772 ingentes
477 2693 604 2770 termini,
626 2688 742 2755 multam
758 2690 925 2752 hominum’
954 2692 1007 2754 has
1022 2709 1078 2754 am·

81 2778 173 2856 bages
191 2785 220 2838 et
240 2778 334 2839 statim
351 2784 510 2856 exceperat
523 2775 598 2838 lama
618 2783 649 2836 et
667 2783 734 2836 tuno
747 2773 912 2852 aperiebat3
927 2793 984 2836 nec
999 2777 1078 2854 quic·
1089 2787 1114 2827 ²⁰

80 2880 166 2941 quam
182 2861 275 2952 magis
290 2862 319 2922 in
334 2878 386 2922 ore
402 2860 494 2940 volgi.
526 2859 692 2920 crebriores
709 2855 785 2935 apud
805 2858 899 2936 ipsum
918 2874 1078 2931 sermones,

82 2953 189 3022 quanto
210 2944 393 3023 sperantibus
414 2942 497 3023 plura
512 2941 651 3003 dicuntur.
685 2939 760 3002 haud
778 2939 862 3002 dubia
888 2940 1078 3002 destinatione

82 3027 260 3103 discessere,
289 3025 437 3090 blucianus
451 3025 651 3102 Antiochiam,
674 3024 873 3104 Vespasianus
889 3022 1078 3086 caesaream:

82 3107 134 3167 illa
149 3108 261 3186 Suriae,
277 3109 336 3171 hoo
351 3108 476 3171 Iudaeae
487 3118 573 3188 caput
587 3117 640 3170 est.
1073 3112 1077 3118 '

23 3189 24 3194 ’
149 3192 199 3254 79.
221 3189 332 3253 Initium
346 3192 458 3253 ferendi
472 3191 509 3254 ad
524 3193 736 3270 Vespasianum
751 3191 863 3271 imperii
884 3188 1079 3251 Alexandriae

85 3282 238 3353 coeptum,
260 3275 416 3337 festinante
436 3274 553 3336 l'iberio
575 3273 760 3351 Alexandro,
784 3276 832 3353 qui
852 3271 984 3334 kalendis
998 3270 1079 3331 Iuliis

85 3367 269 3421 sacramanto
293 3359 356 3420 eius
377 3358 510 3435 legiones
531 3358 638 3438 adegit.
669 3358 753 3437 isque
775 3359 880 3436 primus
901 3354 1077 3436 principatus
