2540 3874
369 205 474 252 urana
495 205 533 252 11.
557 205 632 254 car.
655 203 790 258 zat-ea.
1038 194 1078 256 63

99 357 138 418 cui
154 357 237 418 verba
258 359 287 417 in
306 363 368 418 eam
392 359 608 438 quoquomodo
627 351 721 420 hahita
739 360 847 420 crimini
868 361 972 422 foreat.
1007 361 1075 424 libe

97 441 214 521 cavitque
223 441 394 523 Appuleiam
410 442 478 520 lege
495 445 667 505 maiestatis:
684 442 815 504 adulterii
833 447 997 523 graviorem
1008 462 1077 526 poe·

97 543 151 584 nam
167 525 348 604 deprecatus,
369 533 399 585 ut
423 527 558 606 exemplo
578 527 717 588 maiorum
737 529 906 608 propinquis
927 531 987 590 suis
1004 530 1077 590 ultra

95 607 302 670 ducentesimum
324 608 449 703 lapidem
469 619 669 672 removeretur
691 612 789 673 suasit.
823 611 953 672 adultero
970 613 1077 675 Manlio

93 691 162 752 ltalia
176 701 258 772 atque
273 693 374 754 Africa
389 694 568 756 interdictum
583 704 637 755 est.
786 715 789 722 ·
835 714 839 722 ¹
1088 722 1113 763 ιι

148 777 194 836 51.
220 775 263 836 oe
285 785 420 856 praetore
449 778 594 840 inlocum
615 779 748 859 Vipstani
770 779 861 858 dulit,
889 799 973 860 quem
998 799 1077 842 mors

93 859 250 938 abstulerat,
267 859 453 937 subrogando
471 871 616 923 certamen
631 863 759 923 incessit.
791 863 976 924 Germanicus
991 871 1077 944 atquc

92 943 187 1003 Drusus
208 945 287 1023 (uana
310 945 472 1005 etiamtum
495 943 605 1006 Rornae
628 946 724 1025 erant)
746 945 892 1009 llaterium
915 947 1076 1029 Agrippam

89 1027 268 1107 propinquiun
279 1026 440 1088 Germanici
452 1027 607 1090 invehant:
632 1039 731 1091 contra
753 1031 885 1110 plerique
903 1031 1075 1108 nitebantur,

90 1119 114 1170 ut
132 1129 260 1172 numerus
281 1111 488 1172 lrlrerorumin
512 1112 668 1174 candidatis
692 1113 907 1194 praepolleret,
929 1114 1007 1196 quod
1027 1113 1099 1174 lexs
1169 1141 1176 1154 ·

90 1192 201 1256 iulreltat.
236 1195 398 1256 laetabatur
414 1193 561 1274 Tiberius,
586 1215 648 1256 curn
669 1197 743 1258 inter
766 1197 843 1259 illios
865 1199 926 1258 eius
947 1207 977 1258 et
991 1199 1076 1275 leges

90 1287 194 1338 sanatus
208 1279 394 1359 disceptaret.
423 1280 499 1342 victa
515 1281 636 1340 estsine
652 1279 737 1340 dubio
757 1280 824 1359 lex,
841 1280 893 1342 sed
909 1299 1003 1361 neque
1018 1289 1075 1341 sta·

90 1362 129 1420 tiur
144 1371 171 1422 ct
187 1364 289 1442 paucis
306 1361 470 1440 suffragiis,
492 1381 549 1442 quo
565 1361 651 1424 modo
668 1365 752 1424 etiarn
768 1383 831 1425 curn
846 1364 977 1425 valerent
991 1365 1077 1442 leges

89 1445 272 1507 vincebantur.

140 1531 187 1591 52.
204 1529 319 1591 Modern
332 1546 406 1590 anno
422 1538 556 1609 coeptum
569 1532 598 1590 iu
613 1529 713 1592 Africa
728 1529 852 1610 bellum,
868 1531 942 1592 duce
953 1531 1076 1591 hostium
1152 1593 1155 1600 Δ

86 1613 265 1676 Tacfarinate.
298 1615 324 1672 is
338 1615 453 1674 natione
468 1613 604 1692 Numida,
620 1615 649 1674 in
662 1616 764 1675 castris
775 1614 912 1676 Romanis
928 1614 1076 1676 auxiliaria

86 1697 214 1775 stipendia
229 1697 367 1773 meritus,
382 1713 451 1757 mox
465 1697 614 1775 desertor,
629 1715 723 1776 vagos
739 1699 858 1778 primum
873 1706 902 1759 et
916 1698 1075 1759 latrociniis

84 1789 173 1842 suetos
189 1782 225 1842 ad
243 1780 382 1862 praedam
399 1789 429 1840 et
441 1789 541 1862 raptus
557 1799 758 1860 congregare,
781 1782 846 1842 dein
861 1799 942 1843 more
958 1781 1076 1843 militiae

84 1881 129 1941 per
147 1865 254 1926 vexilla
280 1873 310 1924 et
329 1873 436 1925 turmas
454 1881 645 1944 componere,
670 1861 817 1945 postremo
836 1883 892 1926 non
912 1864 1100 1927 inconditaes

84 1947 172 2009 turbae
187 1949 240 2008 scd
258 1948 492 2010 Musulamiorum
508 1947 566 2008 dux
579 1947 688 2009 haberi.
726 1949 820 2010 valida
836 1967 870 2010 ea
892 1967 966 2028 qens
982 1957 1012 2008 et
1029 1967 1075 2010 so·

82 2029 234 2092 litudiuihus
251 2031 372 2092 Africae
388 2035 568 2112 propinqua,
591 2031 670 2093 nullo
687 2035 846 2094 etiamtum
863 2032 974 2092 urbium
989 2031 1075 2110 cultu,

33 2121 34 2138 ³
85 2116 150 2194 cepit
169 2133 248 2176 arma
271 2114 446 2194 Maurosque
468 2114 587 2176 accolas
601 2116 630 2175 in
645 2115 753 2176 bellum
769 2118 870 2177 traxit:
894 2116 951 2177 dux
974 2124 1003 2176 et
1020 2116 1075 2193 luis,

33 2213 34 2220 ¹
80 2195 211 2278 Mazippa.
246 2199 419 2280 divisusque
430 2200 593 2276 exercitus,
612 2208 641 2259 ut
657 2198 825 2261 Tacfarinas
838 2201 934 2260 lectos
947 2200 1028 2259 viros
1047 2208 1076 2259 et

80 2279 228 2342 Romanum
251 2285 283 2343 in
298 2282 415 2342 moduni
425 2291 551 2343 armatos
567 2285 669 2344 castris
686 2284 836 2360 attineret,
858 2282 1029 2360 disciplinas
1045 2291 1075 2343 ct
1085 2302 1112 2344 ro

79 2365 196 2444 imperiis
211 2373 380 2444 suesceret,
406 2365 541 2446 Mazippa
555 2367 613 2430 levi
632 2382 695 2427 cum
712 2368 796 2447 copia
815 2365 948 2430 incendia
965 2375 994 2426 et
1010 2385 1074 2427 cae·

33 2471 34 2516 r
80 2447 123 2508 des
134 2459 162 2510 et
172 2459 320 2511 terrorem
333 2449 540 2510 circumferret.
567 2451 815 2530 conpulerantque
828 2449 985 2528 Cinithios,
1000 2449 1075 2510 lraud

80 2534 264 2610 spernendam
285 2534 446 2610 nationem,
467 2534 496 2592 iu
516 2532 631 2612 eadem,
657 2552 720 2594 cum
740 2533 842 2594 Furius
865 2533 1000 2594 Camillus
1021 2550 1075 2612 pro

81 2618 189 2678 consule
210 2617 335 2678 Africae
361 2617 509 2694 legionem
537 2625 566 2677 et
586 2617 661 2696 quod
688 2617 740 2677 sula
770 2618 861 2695 signis
881 2618 1025 2677 sociorum
1046 2618 1075 2677 in
1108 2661 1111 2668 .
1194 2659 1200 2668 -

78 2715 151 2760 uuum
173 2701 341 2761 conductos
361 2700 397 2760 ad
411 2699 524 2760 hostem
539 2699 635 2778 duxit,
656 2701 796 2761 modicam
813 2717 941 2778 manum,
966 2701 989 2760 si
1005 2700 1074 2760 mul·
1085 2719 1112 2761 rs

77 2783 216 2844 titudinem
243 2783 429 2844 Numidarum
451 2791 539 2863 atque
552 2784 714 2845 Maurorum
738 2793 903 2864 spectares:
932 2783 984 2844 sed
1006 2784 1075 2844 uilril

76 2883 161 2947 aeque
178 2868 342 2928 cavebatur
358 2882 441 2947 quam
455 2887 492 2928 ne
509 2867 615 2928 bellum
631 2863 717 2929 metu*
724 2867 890 2930 eluderent:
913 2885 967 2946 spe
982 2869 1075 2928 victo·

73 2951 128 3010 riae
154 2952 269 3013 inducti
284 2957 349 3012 suut
365 2961 396 3012 ut
410 2953 603 3012 vincerentur.
648 2953 734 3030 igitur
754 2951 835 3029 legio
851 2951 963 3030 medio,
992 2950 1076 3013 leves

33 3029 34 3110 l
74 3035 206 3097 cohortes
225 3036 360 3114 duaeque
386 3036 450 3096 alae
466 3038 494 3095 in
509 3034 645 3096 cornibus
660 3035 802 3096 locantur.
836 3051 891 3096 nec
909 3035 1075 3098 Tacfarinas

74 3135 194 3197 pugnam
216 3119 401 3180 detrectavit.
447 3118 503 3179 fusi
525 3119 682 3198 Numidae,
704 3119 867 3198 multosque
897 3128 964 3200 post
986 3122 1110 3180 anuosa'c

73 3199 153 3264 Turio
176 3204 291 3265 nomini
307 3211 420 3284 partum
437 3202 526 3264 decus
541 3203 667 3265 militiae.
703 3222 768 3265 nam
783 3211 851 3285 post
867 3201 945 3264 illum
962 3206 1074 3281 recipe·

72 3295 194 3350 retorem
219 3285 302 3348 urbis
324 3288 470 3366 filiumque
492 3284 725 3349 eius'flamillum
749 3305 841 3367 penes
861 3286 933 3346 alias
953 3286 1075 3350 familias

72 3371 257 3450 imperatoria
281 3371 343 3432 laus
365 3371 472 3440 fuerat:
494 3380 581 3450 atquc
601 3371 649 3432 laic
671 3389 754 3450 quem
776 3387 965 3430 memoramus
983 3367 1071 3428 bello·

73 3471 128 3515 rum
143 3473 258 3537 expers
273 3453 443 3516 habebatur.
484 3473 520 3515 eo
537 3456 658 3535 pronior
672 3454 806 3515 Tiberius
821 3470 869 3512 res
886 3458 983 3528 gestas
1001 3448 1076 3528 apud
