2570 3878
183 153 243 214 {tt
440 139 938 212 conunnn'rscuarsuunmum

145 345 149 352 ·
180 317 312 395 censuit,
336 317 415 398 quod
433 335 517 378 unum
532 317 714 395 urguentium
731 313 870 376 malorum
892 315 1045 402 suffugium
1065 314 1094 377 iu
1116 327 1188 382 tem·

179 411 357 548 pusgqatqt
372 484 482 547 Caesar
497 485 637 547 dedicatis
653 503 707 566 per
724 481 910 564 Campaniam
933 483 1066 564 templis,
1091 503 1187 565 quam-

177 589 264 650 quam
279 571 376 632 edicto
392 572 554 631 monuisset
571 587 608 630 ne
624 569 687 648 quis
700 571 827 647 quietem
838 569 900 632 eius
911 568 1100 648 inrumperet,
1119 590 1187 632 eon·

179 673 341 737 cursusque
358 654 569 735 oppidanorum
585 654 727 733 disposito
747 652 836 729 milite
854 651 1093 734 prohiberentur,
1120 674 1186 735 per·

179 756 248 800 osus
274 748 370 799 tamen
394 739 548 818 municipia
573 746 602 799 et
631 736 762 798 colonias
788 739 941 815 omniaque
966 737 995 796 in
1029 739 1188 800 continenti

148 825 248 900 usila,
271 821 403 903 Capreas
423 840 455 882 se
480 825 508 884 in
530 822 651 883 insulam
672 820 798 899 abdidit,
819 822 903 882 trium
925 820 1031 881 milium
1052 822 1126 884 freto
1148 823 1185 882 ab
1273 845 1274 848 ¹

178 907 317 987 eutremis
333 907 494 969 Surrentini
509 906 698 988 promunturii
717 906 879 990 diiunctum.
920 905 1102 968 solitudinem
1123 909 1185 968 eius
1273 943 1274 972 3

177 991 327 1070 placuisse
349 991 473 1051 maxinme
504 991 692 1068 crediderim,
721 990 855 1070 quoniam
880 991 1080 1070 inportuosum
1108 993 1187 1052 cirea

176 1082 301 1150 mare-et
315 1075 367 1148 ¹vin
382 1073 503 1135 modieis
525 1075 648 1153 navigiis
671 1093 764 1155 pauca
787 1073 927 1145 subsidia;
950 1092 1045 1154 neque
1066 1075 1188 1156 adpule·

175 1160 213 1219 rit
237 1159 389 1238 qnisquam
410 1159 465 1218 nisi
492 1176 585 1238 gnaro
620 1158 750 1220 custode.
790 1158 869 1220 caeli
904 1161 1061 1239 temperies
1089 1159 1188 1220 bieme
1273 1165 1274 1198 ³

141 1244 253 1308 sumitis
271 1240 525 1322 oblectamentis,
547 1260 603 1324 quo
626 1260 714 1304 saeva
738 1235 890 1305 venturur'a
915 1252 1064 1315 arcentur3
1089 1253 1189 1305 aestas
1273 1305 1274 1321 ,

175 1326 204 1387 in
225 1327 373 1387 favonium
395 1326 521 1388 obversa
543 1338 573 1388 et
593 1335 697 1407 aperto
721 1329 829 1389 circum
856 1327 964 1408 pelago
991 1345 1187 1408 peramoena;
1273 1325 1274 1390 3

175 1410 445 1491 prospectabatque
472 1411 696 1491 pulcherrimum
722 1413 829 1491 sinum,
862 1421 1014 1492 autequam
1039 1413 1188 1475 Vesuvius

175 1513 259 1555 mons
282 1494 442 1556 ardescens
462 1494 568 1557 faciem
594 1495 654 1557 loci
675 1505 814 1558 verteret.
851 1496 981 1558 Graecos
1006 1514 1040 1557 ea
1055 1497 1188 1559 tenuisse
1273 1489 1274 1546 l

176 1577 367 1659 Capreasque
382 1578 523 1640 Telebois
538 1580 681 1643 habitatas
695 1581 769 1642 fama
786 1581 880 1642 tradit.
910 1580 963 1641 sed
978 1589 1036 1640 tum
1048 1579 1188 1644 l'iberius
1273 1599 1274 1612 ¹

140 1663 328 1726 asduodecim
348 1663 481 1724 uillarum
503 1664 666 1727 nominibus
690 1674 719 1725 et
741 1665 866 1727 molibus
890 1665 1054 1746 insederat,
1076 1675 1187 1746 quantu

174 1749 300 1808 intentus
324 1747 393 1807 olim
416 1747 547 1827 publicas
567 1749 603 1810 ad
631 1766 732 1828 curas,
754 1758 833 1810 tanto
855 1749 1034 1811 occultiores
1055 1751 1083 1811 in
1099 1751 1188 1812 luxus

175 1840 204 1891 et
226 1829 329 1890 malurn
350 1831 439 1891 otium
460 1833 615 1894 resolutus.
654 1833 789 1894 manebat
813 1835 921 1914 quippe
935 1835 1133 1908 suspicionum
1157 1844 1188 1896 et
1273 1887 1274 1912 ,

136 1983 138 1988 ,
174 1913 313 1975 credendi
329 1917 493 1995 temeritas,
511 1934 594 1996 quarn
611 1918 731 1978 Seianus
749 1935 858 1995 augere
874 1919 959 1978 etiam
974 1920 1003 1978 in
1024 1918 1097 1979 urbe
1118 1939 1184 1981 sue·

174 1998 337 2058 menenius
359 1998 495 2061 turbabat
515 2019 573 2062 non
596 2002 651 2063 iarn
676 2000 799 2063 occultis
821 2001 974 2063 adversum
990 2001 1185 2084 Agrippinam

137 2098 164 2138 20
177 2090 206 2142 et
227 2079 375 2144 Neronem
398 2083 518 2144 insidiis.
555 2086 619 2166 quis
641 2085 753 2146 additus
772 2085 856 2146 miles
878 2087 1010 2166 nuntios,
1037 2088 1182 2170 introitus,

174 2175 409 2246 aperta-secreta
426 2168 548 2229 velutin
565 2170 684 2231 annales
700 2168 865 2249 rescrebat,
880 2170 1016 2251 ultroque
1031 2172 1178 2234 strueban-

174 2257 220 2311 tur
235 2252 282 2329 qui
297 2251 451 2314 monerent
467 2253 627 2332 perfugere
643 2254 678 2315 ad
695 2253 865 2316 Germaniae
882 2256 1029 2316 exercitus
1040 2257 1089 2316 vel
1103 2257 1183 2318 eele—
1273 2273 1274 2332 j

173 2332 299 2396 berrimo
316 2335 373 2397 lori
395 2336 524 2414 efigiem
545 2337 602 2399 divi
623 2337 747 2417 Augusti
767 2339 905 2420 amplecti
926 2339 1124 2420 populumque
1146 2360 1184 2403 ac

174 2427 303 2479 senatum
321 2420 429 2480 auxilio
452 2437 569 2499 vocare.
601 2439 694 2502 eaque
714 2432 814 2503 spreta
838 2423 874 2486 ab
896 2423 970 2505 illis,
992 2424 1072 2486 velut
1095 2443 1183 2505 para-

135 2511 247 2579 urent,
264 2500 490 2563 obiciebantur:
517 2524 519 2527 ’

174 2608 175 2611 “
229 2584 285 2666 68.
303 2584 386 2647 Innio
409 2586 509 2648 Silano
531 2597 560 2649 et
581 2590 653 2652 Silio
668 2591 767 2654 Nerva
788 2593 955 2655 consulibus
976 2594 1093 2656 foedum
1114 2596 1182 2656 anni

171 2669 344 2749 principium
366 2671 485 2732 incessit
510 2681 604 2735 tractu
628 2674 657 2736 in
679 2694 827 2739 carcerem
855 2678 968 2738 inlustri
995 2679 1093 2760 equite
1119 2678 1181 2741 llo·

171 2765 276 2832 mano,
298 2749 363 2815 l'ito
379 2754 505 2834 Sabino,
530 2756 568 2817 ob
593 2760 746 2822 amicitiam
768 2760 945 2824 Germanici:
976 2781 1073 2843 neque
1103 2766 1181 2826 enim

172 2841 310 2900 omiserat
325 2839 480 2917 coniugem
495 2835 664 2923 liberosque
679 2845 741 2906 eins
757 2847 929 2927 percolere,
947 2856 1077 2910 sectator
1090 2849 1178 2926 domi,
1273 2841 1274 2844 '

146 2923 315 2983 scomesin
333 2922 468 3003 publico,
483 2934 551 3004 post
565 2934 609 2988 tot
623 2929 744 2991 clientes
766 2949 838 2992 unus
860 2949 957 3010 eoque
980 2933 1057 3012 apud
1084 2933 1177 2994 bonos
1273 2937 1274 3012 j

170 3006 300 3067 laudatus
323 3014 354 3067 et
373 3007 472 3087 grauis
493 3010 608 3090 iniquis.
647 3012 724 3076 bunc
745 3015 871 3077 Latinius
895 3015 1034 3096 Latiaris,
1057 3018 1177 3080 Porcius
1273 3023 1274 3084 i

171 3088 254 3168 Cato,
272 3089 391 3152 Petilius
406 3093 516 3173 Rufus,
532 3093 572 3156 bl.
585 3095 692 3176 Opsius
705 3110 842 3180 praetura
856 3101 946 3162 iuncti
961 3101 1179 3182 adgrediuntur,
1273 3089 1274 3118 l

170 3172 306 3255 cupidine
326 3174 509 3256 consulatus,
531 3179 568 3240 ad
593 3199 677 3260 quem
697 3201 754 3245 non
773 3185 829 3247 nisi
848 3203 902 3266 per
917 3187 1052 3248 Seianum
1068 3186 1178 3259 aditus3

169 3277 264 3338 neque
280 3257 376 3320 Seiani
391 3259 527 3323 voluntas
541 3264 597 3324 nisi
611 3267 727 3329 scelere
749 3269 953 3350 quaerebatur.
984 3273 1178 3352 compositum
1273 3273 1274 3302 ³

136 3341 246 3403 relator
263 3345 347 3422 ipsos
361 3353 392 3405 ut
404 3343 542 3426 Latiaris,
558 3350 607 3428 qui
620 3351 736 3450 modiqo
753 3372 806 3416 usu
821 3354 958 3417 Sabinum
977 3355 1177 3435 contingebat,
1273 3359 1274 3426 ζ

171 3433 294 3486 strueret
310 3425 423 3510 dolum,
448 3433 539 3493 ceteri
560 3441 651 3496 testes
665 3434 819 3522 adessent,
837 3440 941 3504 deinde
959 3441 1179 3503 accusationem
