2440 3886
135 159 175 222 32
388 169 552 218 conuenit
564 167 683 216 rucrrr
694 167 879 227 annaeum

136 337 193 388 tum
209 328 295 388 litore
312 324 421 385 Oceani
437 334 540 405 petere
554 324 686 384 Rhenum
701 323 795 393 iussa;
819 322 962 398 Caecina,
986 321 1033 399 qui
1055 338 1137 382 sunm

135 412 254 472 militem
269 409 411 485 ducebat,
432 410 572 486 monitus,
594 426 763 487 quamquam
779 409 855 469 notis
870 405 1020 468 itineribus
1035 422 1137 483 regre-

98 519 101 526 ·
135 496 264 595 deretur,
280 503 385 575 pontes
401 494 507 571 longos
525 511 608 573 quam
627 495 789 553 maturrime
813 510 963 572 superare.
998 498 1139 566 augustus

100 580 160 642 un
174 589 281 640 trames
298 587 397 639 vastas
409 579 483 640 iuter
500 579 622 657 paludes
638 587 667 640 et
688 577 831 678 quqndam
854 593 870 637 a
890 575 921 636 b.
938 575 1081 636 Domitio
1078 593 1138 651 wag

135 674 268 743 geratus3
283 673 382 725 cetera
399 663 512 738 limosa,
529 663 643 723 tenacia
659 663 741 740 gravi
758 678 849 724 caeno
872 670 920 722 aut
937 660 1007 720 rivis
1027 659 1138 720 incerta

136 759 232 817 erant:
254 748 361 809 circum
377 747 468 807 silvae
489 747 625 826 paulatim
647 746 794 827 adclines,
822 762 894 824 quas
916 753 974 804 tarn
992 742 1138 805 Arminius

136 833 274 912 inplevit,
300 833 478 911 compendiis
495 832 603 891 viarum
618 840 649 891 et
666 831 723 892 cito
738 833 852 909 agmine
868 837 1001 890 onustum
1016 828 1139 889 sarcinis

4 977 12 992 ,
137 919 282 996 armisque
296 917 415 976 militem
430 933 493 976 cum
508 915 713 976 antevenisret.
742 913 887 976 Caecinae
899 913 1048 988 dubitanti,
1066 929 1138 990 quo·

100 1013 198 1062 aonam
215 1001 301 1062 modo
318 1009 418 1078 ruptos
433 1009 577 1061 uetustate
603 1007 706 1078 pontes
725 1009 885 1079 reponeret
904 996 1046 1076 simulque
1070 1014 1139 1077 pro-

135 1085 266 1165 pulsaret
281 1085 404 1164 hostem,
423 1092 518 1145 castra
533 1086 636 1145 matari
650 1084 678 1143 in
695 1084 764 1145 loco
776 1084 894 1163 placuit,
910 1092 942 1143 ut
956 1099 1029 1162 opus
1044 1082 1139 1143 etalii

134 1170 275 1249 proelium
291 1169 462 1248 inciperent.
583 1225 586 1231 .

197 1255 257 1316 64.
272 1252 391 1313 barbari
407 1252 591 1330 perfringere
608 1253 748 1313 stationes
769 1268 861 1332 seque
885 1252 993 1313 iuierre
1015 1251 1138 1310 munito·

135 1338 214 1398 ribus
238 1340 292 1397 nior
285 1338 456 1398 lacessunt
463 1336 784 1416 ,circumgrediuntur,
812 1345 982 1398 occursant.
998 1335 1140 1396 miscetur

136 1423 315 1500 operantium
330 1421 556 1499 bellantiumque
571 1421 690 1481 clamor.
727 1430 757 1481 et
781 1429 883 1482 cuncta
904 1421 1013 1500 pariter
1031 1419 1137 1480 Roma·

135 1507 178 1566 nis
196 1507 330 1583 aduersa,
348 1505 431 1566 locus
447 1505 556 1584 uligine
571 1505 724 1585 profunda,
743 1506 818 1566 idem
835 1506 870 1566 ad
886 1504 1006 1583 gradum
1019 1503 1137 1572 instabi-

111 1590 180 1667 stis,
203 1588 431 1669 procedentibus
451 1589 596 1665 lubricus,
634 1605 759 1669 corpora
779 1591 879 1668 gravia
902 1589 1016 1658 loricis;
1039 1606 1139 1667 neque

135 1672 242 1735 librare
265 1674 324 1753 pila
345 1675 419 1733 inter
443 1673 533 1735 undas
559 1682 704 1753 poterant.
742 1683 842 1734 contra
870 1671 1027 1734 Cheruscis
1054 1681 1138 1734 sueta

135 1758 210 1836 apud
225 1758 348 1837 paludes
364 1758 492 1836 proelia,
515 1775 640 1838 procera
663 1759 809 1833 membra,
832 1758 933 1819 bastae
948 1759 1082 1836 ingentes
1101 1758 1138 1818 ad

137 1842 254 1902 uulnera
271 1842 403 1902 iacienda
421 1845 551 1920 quumvis
566 1843 679 1923 procul.
710 1860 768 1903 nox
784 1843 894 1903 demum
907 1843 1070 1904 inclinantis
1081 1843 1138 1902 iam

135 1926 269 2004 legiones
286 1926 428 1988 adversae
444 1945 559 2006 pugnae
576 1929 693 1989 exemit.
723 1926 856 1989 Germani
871 1927 909 1988 ob
927 1943 1072 2006 prospera
1095 1928 1138 1986 irr-

100 2021 125 2062 10
135 2011 255 2086 deiessi,
272 2029 308 2070 nc
325 2020 382 2071 tum
397 2011 512 2088 quidem
531 2021 643 2090 sumpta
658 2013 765 2090 quiete,
784 2021 917 2089 quantum
930 2029 1068 2090 aquarum
1083 2012 1137 2070 cir·

134 2112 199 2154 cum
214 2095 400 2171 surgentibus
415 2097 501 2173 iugis
514 2097 604 2156 oritur
626 2105 742 2156 vertere
759 2097 788 2156 iu
815 2096 960 2172 subiecta,
981 2113 1137 2174 mersaque

133 2178 218 2238 irumo
237 2188 267 2239 et
282 2178 386 2239 obruto
402 2181 478 2260 quod
496 2180 632 2241 ellectum
647 2181 745 2258 operis
762 2181 924 2259 duplicatus
944 2181 1025 2240 militi
1038 2179 1135 2240 labor.
1218 2221 1219 2270 ,

135 2263 404 2341 quadragensimum
426 2263 454 2323 id
478 2265 650 2344 stipendium
666 2262 791 2326 Caecina
812 2265 932 2344 parendi
954 2273 1003 2324 aut
1019 2265 1140 2342 imperi-

56 2355 58 2360 '
133 2347 210 2408 tandi
225 2347 361 2424 habebat,
376 2347 566 2408 secundarum
587 2347 839 2426 ambiguarumque
858 2367 953 2408 rerum
972 2349 1069 2409 sciens
1083 2365 1136 2408 eo·

5 2475 14 2494 .
99 2437 124 2478 ¹⁵
134 2450 190 2510 que
206 2432 363 2491 interritus.
396 2432 482 2510 igitur
498 2432 593 2493 littura
609 2431 731 2494 voluens
746 2448 803 2492 ιιοιι
818 2432 894 2492 aliud
907 2433 1036 2513 repperit
1048 2449 1134 2509 quam

133 2526 163 2574 nt
175 2515 289 2576 hostem
302 2516 382 2576 silvis
395 2525 561 2596 coerceret,
574 2517 669 2578 donec
681 2517 771 2578 saucii
783 2526 976 2596 quantumque
988 2517 1135 2594 gravioris
1217 2531 1218 2570 1

133 2600 253 2677 agminis
273 2601 428 2668 anteirent:
447 2617 512 2660 nam
526 2600 623 2660 medio
640 2601 774 2660 montium
792 2609 820 2660 et
841 2601 976 2679 paludum
1000 2601 1134 2680 porrige-

132 2683 215 2744 batur
232 2683 378 2784 planities,
396 2702 471 2764 qnae
488 2693 604 2745 tenuem
621 2686 712 2746 aciem
726 2694 882 2765 pateretur
917 2685 1081 2784 deliguntur
1092 2684 1135 2744 le·

131 2763 235 2846 giones
252 2769 348 2849 quinta
365 2770 468 2828 dextro
481 2769 576 2846 lateri,
593 2770 839 2830 unetvicensima
831 2789 859 2829 ιιι
871 2769 985 2830 laevum
988 2771 1136 2851 ,primani

97 2870 123 2909 ao
135 2852 295 2912 ducendum
310 2853 345 2912 ad
362 2869 476 2931 agmen,
492 2855 704 2915 vicensimanus
722 2855 875 2916 adversum
890 2862 1054 2917 secuturos

195 2937 244 2998 65.
267 2935 333 2996 Nox
349 2955 403 3014 per
422 2937 560 3006 diversa
552 2939 682 3017 ruquies,
705 2957 768 2999 cum
785 2939 901 3000 barbari
921 2939 1004 2998 iestis
1027 2939 1136 3018 epulis,

131 3018 219 3081 laeto·
232 3029 315 3081 cantu
331 3031 378 3081 aut
393 3023 466 3082 truci
491 3039 598 3082 sonore
621 3022 752 3084 subiecta
776 3023 892 3084 vallium
915 3041 950 3082 ae
966 3023 1137 3083 resultantis

132 3103 221 3164 saltas
239 3105 430 3184 complerent,
455 3106 530 3186 apud
548 3106 694 3168 Romanos
708 3108 826 3170 invalidi
842 3109 937 3186 ignes,
953 3109 1136 3187 interruptae

131 3205 233 3265 voces,
250 3198 337 3268 atque
352 3189 408 3268 ipsi
422 3192 528 3270 passim
543 3191 711 3252 adiacerent
726 3191 822 3268 vallo,
849 3192 1022 3253 oberrarent
1037 3202 1134 3253 tento-
1215 3247 1216 3278 ,

110 3273 192 3349 ariis,
212 3274 356 3335 insomnes
372 3275 464 3352 magis
484 3293 567 3355 quam
582 3277 753 3355 pervigiles,
783 3277 944 3356 ducemque
955 3278 1059 3338 terruit
1071 3277 1133 3337 dira
1215 3279 1216 3290 ¹

132 3357 231 3433 quies:
247 3376 311 3419 nam
327 3358 492 3433 Quintilium
507 3358 613 3420 Varum
629 3362 769 3440 sanguiue
784 3362 903 3422 oblitum
926 3372 956 3422 et
978 3359 1133 3441 paludibus

132 3457 273 3504 emersum
292 3461 414 3504 cernere
440 3454 469 3506 et
490 3444 589 3506 audire
609 3446 689 3506 visus
712 3456 757 3508 est
777 3446 857 3507 relut
877 3456 1045 3522 vocantem,
1073 3462 1132 3506 non
