2440 3886
388 154 489 226 urnnn
504 156 526 204 1.
544 156 618 204 cnr.
632 155 752 211 os—st.
1025 146 1065 208 33

80 323 165 374 tamen
189 311 341 373 obsecutus
362 320 391 372 et
412 329 523 373 manum
544 311 716 374 intendentis
736 314 912 393 reppulisse.
960 323 1065 393 coepta

81 398 139 459 luce
151 397 251 458 missae
268 397 297 456 in
310 397 401 457 latera
420 395 570 474 legiones,
589 405 667 457 metu
687 413 723 458 an
747 398 942 474 contumacia,
969 397 1064 460 locum

79 483 240 559 deseruere,
262 489 348 561 capto
371 497 498 560 propere
522 498 624 560 campo
646 481 768 542 umentia
789 481 872 542 ultra.
907 489 1101 560 nequem-10

79 583 135 626 nen
148 564 290 625 Arminius
306 582 477 644 quamquam
492 564 583 625 libero
600 567 717 626 incursu
732 567 827 626 statim
841 567 989 646 prorupit:
1012 565 1064 626 sed

79 659 104 710 ut
118 650 234 710 haesere
250 666 342 710 caeno
358 648 506 727 fossisque
523 648 740 729 impedimenta,
757 649 861 712 turbati
882 651 989 712 circum
1014 651 1063 710 mi·

79 735 149 808 lites,
172 733 300 794 incertus
318 732 466 818 signorum
486 732 575 808 ordo,
605 742 694 812 utque
721 731 771 794 tali
798 734 985 814 intempore
1009 733 1064 794 sibi

78 821 186 898 quisque
200 835 346 898 properus
361 826 392 877 et
412 817 507 878 lentae
528 816 679 878 adversum
701 817 821 897 imperia
838 836 937 896 aures,
961 820 1063 879 inrunr·

9 923 11 960 ι
79 921 139 982 pere
153 901 310 964 Germanos
325 900 415 979 iubet,
430 901 579 962 clamitans
593 905 648 962 ‘en
664 903 759 963 Varus
782 901 941 982 eodemque
963 902 1064 962 iterum
1073 917 1098 970 os

9 991 10 1008 ³
78 987 128 1047 lato
140 987 251 1048 vinctae
267 986 437 1064 legionesl’
454 985 536 1046 simul
551 985 625 1046 haec
640 993 670 1046 et
685 1003 749 1047 cum
763 985 885 1048 delectis
898 985 1002 1047 scindit
1012 1005 1063 1064 ag·

78 1089 132 1130 men
146 1073 285 1151 equisque
301 1072 424 1132 maxime
446 1070 566 1132 vulnera
585 1070 701 1148 ingerit.
736 1070 778 1131 illi
799 1071 939 1148 sanguine
959 1087 1012 1133 suo
1035 1079 1065 1130 et

79 1155 173 1216 lubrico
195 1154 332 1236 paludum
355 1154 502 1234 lapsantes
525 1156 656 1215 excussis
680 1153 843 1217 rectoribus
864 1155 988 1216 disicere
1013 1153 1063 1214 ob·

79 1240 139 1317 rios,
154 1249 309 1318 proterere
321 1239 459 1300 iacentes.
491 1238 629 1318 plurimus
645 1239 722 1300 circa
738 1239 849 1319 aquilas
864 1238 964 1316 labor,
989 1255 1064 1318 quae

78 1341 156 1403 neque
169 1325 239 1384 ferri
256 1323 586 1400 adversum'ingnuentia
600 1323 659 1384 tela
674 1341 769 1403 neque
784 1325 833 1402 ligi
853 1323 955 1384 limosa
978 1322 1063 1384 humo
1073 1344 1098 1390 oe

81 1417 201 1486 poterant.
237 1406 368 1469 Caecina
388 1405 453 1467 dum
473 1415 613 1469 sustentat
638 1407 745 1486 aciem,
767 1408 893 1469 suliosso
918 1424 993 1486 equo
1015 1405 1062 1466 de·

84 1491 159 1570 lapsus
182 1491 484 1569 circumveniebatur,
510 1491 539 1552 ni
560 1493 651 1571 prima
671 1491 749 1570 legio
778 1510 845 1552 sese
868 1493 1063 1572 opposuisset.

87 1575 137 1638 invit
153 1577 282 1640 bostium
308 1574 446 1654 aviditas,
472 1575 578 1636 omissa
600 1574 690 1636 caede
717 1574 853 1656 praedam
878 1575 1062 1643 sectantium

84 1660 215 1742 orbaeque
240 1661 379 1738 legiones
400 1668 627 1740 vesperascente
650 1658 697 1720 die
720 1661 749 1720 in
775 1668 876 1739 aperta
904 1668 934 1720 et
961 1657 1062 1720 solida.

80 1761 156 1823 nequo
168 1748 193 1807 is
204 1745 388 1807 miseriarum
399 1744 472 1804 linis.
498 1742 663 1804 struendum
674 1742 790 1821 vallum,
808 1741 948 1824 petendus
960 1760 1062 1821 agger,
1072 1761 1097 1800 ns

78 1829 165 1892 omissa
179 1847 289 1908 magna
306 1836 440 1907 exparte
456 1831 509 1908 pei·
524 1844 599 1907 quae
620 1826 748 1905 egeritur
767 1827 867 1888 lrunrus
888 1836 936 1888 aut
956 1825 1063 1888 excidi·

78 1920 113 1970 tur
127 1931 263 1995 caespes;
279 1929 338 1974 non
354 1913 477 1974 tentoria
494 1910 656 1990 manipulis,
671 1928 728 1973 non
743 1911 871 1973 fomenta
886 1911 1006 1981 sauciis;
1023 1911 1063 1970 in·

77 1995 156 2058 lectos
172 2015 266 2060 caeno
283 2004 331 2057 aut
348 2012 451 2056 cruore
468 1993 552 2056 cibos
567 1993 728 2056 dividentes
743 1995 872 2057 funestas
883 1993 1019 2056 tenebras
1035 2001 1064 2053 et

77 2087 112 2140 tot
125 2079 267 2143 bominum
282 2079 397 2141 milibus
410 2098 494 2140 unum
509 2081 564 2140 iam
579 2079 720 2159 reliquum
736 2079 810 2140 diem
824 2078 1062 2141 lamentabantur.

127 2165 173 2228 66.
195 2167 288 2228 Forte
306 2183 397 2244 equus
418 2164 547 2244 abruptis
559 2163 681 2225 vinculis
696 2182 789 2244 vagus
805 2172 834 2224 et
855 2163 985 2224 clamore
1006 2171 1062 2222 ter·

77 2249 134 2311 ritus
148 2251 287 2334 quosdam
307 2251 519 2310 occurrentium
541 2246 714 2310 obturbavit.
751 2255 828 2309 tenta
847 2246 913 2308 inde
935 2253 1063 2307 conster-

76 2338 140 2399 natio
156 2335 302 2418 inrupisse
324 2331 483 2396 Gerrnanos
505 2332 699 2411 credentium,
722 2341 753 2393 ut
774 2332 869 2392 cuncti
889 2339 1007 2392 ruerent
1028 2328 1064 2390 ad

77 2430 170 2500 portos,
188 2439 310 2502 qnorum
325 2418 620 2480 desumana'maxiroe
636 2415 807 2496 petebatur,
825 2414 1019 2478 aversabosti
1035 2421 1065 2472 et
1177 2495 1181 2502 ἡ

75 2503 237 2582 lugientibus
254 2504 353 2566 tutior.
399 2501 525 2564 Caecina
548 2508 699 2580 comperto
723 2518 824 2562 vanarn
849 2518 916 2560 esse
937 2497 1087 2564 formidis

76 2603 139 2668 uem,
153 2609 216 2653 cum
229 2599 327 2652 tamen
342 2605 437 2668 neque
452 2586 625 2648 anctoritate
642 2603 737 2665 neque
756 2583 909 2665 precibus,
926 2601 963 2644 ne
980 2599 1064 2644 manu

77 2673 175 2750 quidem
194 2675 340 2737 obsistere
358 2680 406 2734 aut
420 2672 547 2732 retinere
562 2669 679 2731 militem
691 2669 800 2748 quiret,
818 2668 966 2748 proiectus
983 2668 1012 2728 in
1031 2666 1063 2726 lt·

77 2758 140 2819 uine
154 2769 258 2838 portae
276 2757 461 2818 miseratione
478 2755 601 2832 demum,
617 2754 683 2834 quia
700 2770 876 2833 percorpus
891 2751 980 2831 legati
996 2768 1063 2811 eun·

78 2839 131 2902 dnm
148 2853 225 2922 erat,
247 2842 350 2904 clausit
365 2842 454 2901 mam:
479 2839 562 2900 sinrul
579 2837 684 2898 tribuni
707 2844 737 2897 et
758 2837 944 2899 centuriones
960 2835 1064 2896 falsum

80 2941 204 3002 pavorem
219 2945 288 2988 esse
302 2924 473 2987 docuerunt.
1074 2935 1096 2977 ιι

129 3011 176 3074 67.
198 3011 280 3073 luno
303 3017 471 3084 contractos
493 3007 522 3070 ln
548 3006 690 3088 principia
717 3007 871 3086 iussosque
897 3005 973 3068 diota
1001 3021 1064 3078 cum

83 3092 179 3155 alentio
199 3097 338 3174 accipere
359 3093 499 3172 temporis
517 3109 555 3154 ac
577 3091 761 3154 necessitatis
785 3098 892 3152 monet.
934 3107 1017 3160 unam
1036 3090 1065 3148 in

87 3179 152 3238 nnis
175 3179 315 3255 salutem,
337 3176 389 3240 sed
411 3195 445 3240 ea
467 3175 591 3242 oonsilio
620 3173 809 3255 temperanda
837 3173 1066 3252 manendumque

88 3255 140 3322 bna
153 3263 276 3342 vallum,
298 3261 394 3325 donec
416 3259 601 3341 expugnandi
619 3259 720 3322 hostes
740 3277 794 3340 spe
817 3260 939 3339 propius
962 3272 1064 3316 succe·

83 3339 184 3419 derent;
207 3356 273 3410 mox
298 3346 424 3426 undique
443 3345 663 3426 erumpendum:
685 3343 736 3405 illa
755 3344 909 3423 eruptione
930 3341 966 3402 ad
988 3337 1088 3400 libe-s
1124 3362 1126 3364 ·

83 3441 135 3488 dnm
154 3433 306 3510 perveniri.
348 3429 468 3512 quodsi
490 3429 644 3512 lugerent,
667 3425 758 3509 pluris
779 3426 884 3503 silvas,
896 3420 1066 3566 3profundas

116 3531 197 3573 uncum
217 3535 286 3575 runs
303 3535 321 3575 ι.
