2540 3874
389 169 494 218 ursan
515 169 552 218 11.
577 169 651 218 cur.
672 169 768 222 1—6.
832 160 836 175 '
1036 162 1076 225 te

98 321 282 384 Arsacidarum
297 325 324 385 vi
339 341 431 402 seque
440 342 619 404 regnumque
636 333 741 387 tutatus
756 334 810 386 est.
841 327 941 387 eooiso
957 327 1077 390 Artaxia

97 425 142 484 per
157 405 246 468 delum
261 409 501 488 propinquorum,
518 408 600 470 datus
612 427 628 470 a
638 408 765 470 Caesare
778 409 1076 489 Armeniisl'igranes

96 489 276 572 deduntusque
297 493 326 553 in
339 511 460 570 regumn
476 511 493 554 a
508 492 627 560 Tiberio
641 491 769 558 Nerone.
807 511 864 556 nee
879 493 996 572 Tigrani
1016 495 1110 563 diu-10

95 583 192 636 turnum
204 576 351 655 imperium
369 577 423 638 init
438 595 532 658 neone
548 577 647 640 liberis
661 579 739 654 eius,
763 595 932 658 quamquam
956 580 1076 642 sooiatis

93 675 163 722 nere
176 669 295 722 externo
312 662 341 722 in
356 662 563 725 matrimonium
576 677 766 742 regnumque.

148 746 176 806 4.
189 743 261 806 Dein
280 746 360 808 iussu
376 745 502 824 Augusti
522 746 665 825 inpositus
685 745 863 808 Artavasdes
885 756 915 808 et
935 765 993 808 non
1013 749 1164 809 einez..-

94 829 164 891 olede
182 839 278 891 nestra
300 829 441 892 deieetns.
481 839 538 892 tum
555 830 641 892 Gaius
658 829 767 892 Caesar
783 831 1002 910 componendae
1020 831 1074 894 Ar·

93 914 187 974 neniae
211 914 357 992 deligitur.
398 917 424 975 is
438 913 675 993 Ariobarzanen,
698 916 813 992 origine
828 915 960 992 Medum,
982 915 1019 976 ob
1034 917 1074 976 in·

92 1000 187 1076 signem
207 998 342 1079 eorporis
359 999 479 1061 formam
506 1008 535 1060 et
562 999 742 1078 praeclarum
764 1001 886 1062 aninum
911 999 1075 1062 veientibus

92 1083 215 1144 Armeniis
227 1083 382 1163 praeieoit.
405 1081 604 1146 Ariobarzane
616 1091 709 1147 morte
719 1083 834 1146 innuite
845 1083 1097 1164 dementantes

92 1183 145 1245 pem
158 1166 216 1231 eiua
230 1165 309 1230 baud
322 1167 504 1239 toleravere;
521 1176 717 1248 temptatoque
733 1167 857 1230 feminae
871 1169 1012 1249 imperio,
1029 1171 1075 1230 oui

93 1269 178 1314 renen
192 1251 303 1329 Erato,
327 1269 419 1332 eaque
432 1251 515 1312 brevi
529 1251 633 1332 pulsa,
656 1253 757 1314 irruenti
773 1253 919 1332 animique
938 1262 968 1314 et
982 1257 1075 1332 magia

94 1336 140 1396 siue
153 1335 265 1398 domine
283 1354 371 1415 quam
385 1337 413 1398 in
428 1337 563 1399 libertate
576 1336 732 1416 profugum
744 1336 888 1399 Vononen
904 1339 933 1398 in
952 1355 1074 1416 regnum

97 1421 224 1498 alrimunt.
260 1419 317 1482 sed
339 1419 388 1482 ubi
406 1421 529 1482 minitari
552 1419 717 1482 Artabanus
737 1431 766 1482 et
784 1423 883 1502 parurn
907 1420 1025 1484 subsidii
1045 1425 1074 1482 in

99 1501 229 1583 Armeniis,
243 1505 312 1582 vel,
323 1505 457 1566 sinestra
468 1507 496 1566 vi
509 1504 728 1580 defenderetur,
741 1504 847 1566 bellurn
860 1504 1109 1573 aduersnsPar·10

94 1586 319 1648 tiossumendum
336 1597 415 1668 erut,
439 1597 540 1650 reaten
554 1590 655 1650 Suriae
671 1588 802 1650 creticus
819 1589 932 1650 Silanus
950 1592 1075 1652 excitum

90 1673 197 1736 eraudia
213 1671 390 1748 circumdat,
405 1681 538 1736 manente
555 1673 624 1736 luxu
643 1683 672 1732 et
685 1675 770 1750 regie
785 1673 907 1734 nomiae.
940 1673 1017 1752 quod
1033 1674 1074 1734 lu·

88 1753 187 1820 dbrium
200 1766 232 1818 nt
246 1757 382 1834 elingere
400 1759 552 1834 agitarent
567 1759 727 1834 Vonones,
743 1760 772 1817 in
786 1757 853 1819 loeo
868 1756 1031 1820 reddemus.

134 1842 160 1902 5.
179 1841 320 1905 Ceterum
341 1839 459 1902 Tiberio
490 1841 566 1904 baud
591 1845 732 1919 ingratum
760 1840 867 1902 aoeidit
892 1841 1001 1904 turbari
1025 1861 1074 1904 res

86 1925 201 2005 orientis,
221 1935 255 1988 ut
278 1943 313 1986 aa
340 1927 442 2004 speeie
457 1925 657 1987 Germanicum
676 1927 768 1987 suetis.
786 1925 951 2002 legionibus
965 1925 1073 1988 abstra-

84 2007 153 2070 heret
177 2011 325 2089 meumque
348 2008 507 2087 uroriueiis
532 2010 688 2087 inpositum
709 2007 777 2071 dole
803 2009 936 2070 simulet
958 2009 1074 2070 ensibus

85 2092 240 2156 obieetaret
281 2101 309 2153 at
326 2093 393 2169 ille,
417 2102 523 2172 quanto
543 2093 659 2154 aeriora
674 2095 703 2154 in
721 2111 785 2153 euru
802 2093 894 2156 studia
909 2093 1028 2154 militum
1045 2103 1075 2154 et

83 2193 172 2239 auersa
192 2177 291 2258 patrui
310 2175 460 2254 voluutas,
488 2175 661 2238 eelerandae
682 2178 823 2238 vieteriae
843 2177 995 2252 intentior,
1020 2187 1098 2238 tra-t

84 2269 150 2321 stne
169 2261 351 2341 proeliorum
370 2261 433 2326 vias
457 2269 577 2339 atquae
598 2259 653 2321 sibi
674 2260 787 2322 tertium
801 2263 856 2322 iam
874 2277 976 2323 aunum
991 2260 1073 2326 belli·

82 2347 182 2420 geranti
197 2363 292 2408 saeva
306 2343 355 2406 rel
369 2361 514 2424 prospera
528 2346 704 2406 evenissent.
741 2343 820 2408 iundi
837 2344 995 2406 Germanos
1010 2347 1074 2406 soie

83 2431 192 2490 etiustis
206 2430 302 2506 loeis,
321 2429 415 2499 iuret,
426 2429 523 2506 silvis,
540 2427 708 2507 paludibus,
723 2427 805 2488 brevi
821 2437 931 2490 aestate
947 2437 977 2488 et
989 2446 1074 2507 prae·

83 2522 176 2576 namra
189 2514 306 2584 ltierne3¹
327 2531 407 2574 suurn
427 2513 545 2574 militem
563 2511 638 2574 baud
660 2512 780 2591 perinde
802 2511 969 2583 vulneribus
990 2530 1074 2591 quarn

83 2600 169 2673 spatiis
192 2600 345 2674 itinerum,
368 2597 471 2657 damno
494 2614 637 2658 armorum
657 2596 755 2666 adiiei;
782 2595 1108 2676 isssasGalliasm171⁰

84 2680 222 2744 osunen
237 2683 338 2760 eqnis3
360 2681 479 2758 longum
499 2681 1074 2758 impedimentorumaginenoeportunum

82 2763 254 2843 adinsidias,
267 2764 485 2828 defensantibus
495 2765 630 2843 iniquum.
662 2773 694 2824 at
704 2765 729 2824 si
739 2781 817 2827 naara
827 2765 961 2842 intretur,
978 2781 1061 2842 prena

84 2856 147 2922 eum
165 2852 241 2930 ipsis
260 2850 479 2928 possessionem
499 2858 529 2910 et
548 2848 681 2912 hostibus
697 2849 839 2926 maetam,
858 2845 945 2911 'simul
966 2847 1074 2910 bellum

83 2936 207 2998 maturina
229 2934 319 3013 incipi
340 2933 533 3011 legionesque
553 2943 583 2994 et
606 2940 783 2994 oemmeatus
802 2931 910 3011 pariter
929 2931 1010 3002 vehi;
1031 2933 1072 2992 in-

85 3023 186 3092 iturum
201 3019 329 3098 equitem
350 3032 502 3096 equosque
523 3035 577 3096 per
592 3034 644 3078 era
662 3025 691 3078 at
706 3015 808 3082 alveos
822 3015 964 3078 fluminum
977 3015 1070 3077 media
1084 3032 1108 3074 rs

88 3097 271 3164 bilermania
284 3101 360 3164 iore.
1006 3155 1008 3159 .

131 3185 160 3246 6.
190 3185 285 3266 igitur
309 3181 367 3248 buo
393 3182 529 3262 intendit,
554 3185 649 3248 missis
680 3183 716 3248 ad
741 3201 846 3244 oeneus
867 3181 1021 3244 Galliarum
1039 3183 1072 3242 P.

94 3261 191 3332 Vitellio
207 3278 237 3330 et
251 3268 285 3331 (l.
299 3269 397 3331 Antio,
430 3268 518 3331 Silius
532 3278 560 3330 et
575 3267 740 3330 Anteiueet
752 3265 877 3332 caesos
890 3265 1074 3336 lebrioandae

87 3346 159 3414 tbssi
174 3361 401 3434 praeponuntur.
436 3352 514 3414 mille
529 3353 619 3414 naves
634 3352 769 3412 suibeere
791 3353 873 3412 visae
887 3357 1074 3428 properatae-

88 3445 145 3514 ψη,
160 3438 236 3500 aliae
251 3438 375 3515 breves,
390 3445 510 3514 angusta
524 3435 614 3516 puppi
629 3452 776 3516 proraque
791 3442 819 3494 et
833 3433 891 3494 lato
902 3439 1001 3509 utere,
1018 3447 1075 3510 quo
