2570 3878
171 141 238 203 162
443 148 610 200 connum
629 147 749 198 nncrur
771 147 955 198 nnnsnrnn
1088 123 1092 132 '

174 308 254 386 bant,
270 323 327 366 nec
341 304 479 366 decorum
494 303 650 385 appellatis
662 303 791 365 minnere
806 301 901 363 iidem.
935 303 974 363 ita
998 303 1090 383 primu
1111 321 1180 364 con·
1283 319 1284 350 t

176 389 302 454 cursatio
321 398 352 450 et
366 405 493 468 preces,
516 388 583 449 dein
604 397 738 467 strepere
757 388 903 469 praetoris
923 385 1062 464 tribunal,
1084 404 1182 466 eaque

175 493 251 556 quae
274 473 405 534 remedio
427 475 574 553 eruenta,
598 472 723 533 venditio
750 482 781 533 ct
802 474 929 552 emptio,
954 471 985 530 in
1006 473 1181 531 contrarium

174 559 294 636 mamni,
309 559 377 638 qnia
391 557 593 618 faeneratores
608 573 721 624 ornnem
745 557 898 636 moenium
917 554 1080 617 nrercandis
1100 558 1180 633 agris

135 642 373 710 <recondiderant
408 643 525 720 copiam
543 639 686 701 vendendi
707 649 808 700 recma
827 641 957 718 vilitate,
983 648 1091 719 quanto
1113 640 1179 719 quis
1283 709 1284 726 χ

175 727 356 805 obaeratior,
378 728 495 804 aomina
516 724 730 802 distrahebant,
750 723 889 804 multique
911 724 1038 785 fortunis
1061 723 1181 804 provol-

174 810 332 881 vebantnr3
353 811 471 872 eversio
489 811 534 870 rei
554 809 703 870 familiaris
723 808 888 886 dignitatem
911 827 945 870 ac
966 809 1072 870 famant
1093 826 1178 887 prae·
1283 831 1284 842 ¹

174 913 248 996 ceps
263 894 365 973 dabat,
388 894 482 956 donec
502 893 566 956 tuiit
587 911 673 973 opem
696 891 807 992 Gaeepr
827 893 968 992 dispositu
989 909 1045 971 per
1063 907 1179 991 mensas

118 977 1181 1140 tibitibiititntttit,ttttttt‘tttt

175 1149 219 1207 ric
238 1147 350 1206 reiecta
370 1145 460 1220 fides,
482 1155 512 1204 et
532 1144 667 1224 paulatim
690 1145 795 1223 privati
816 1161 935 1224 quoquc
956 1143 1118 1205 creditores
1132 1162 1180 1204 re·

174 1231 261 1310 perti.
293 1235 394 1308 neque
415 1229 523 1307 emptio
547 1241 684 1306 agrorum
708 1229 839 1289 exercita
863 1228 898 1289 ad
918 1229 1041 1290 iorrnnm
1062 1236 1180 1306 senatus

177 1312 313 1389 consulti,
330 1311 457 1390 acribus,
473 1321 502 1372 ut
516 1313 702 1410 fermeltelie,
718 1315 818 1389 initiis,
831 1313 980 1374 incurioso
998 1314 1076 1412 tine..
1155 1396 1162 1410 ⁹

175 1395 542 1558 (ionffiiioDI’eritltlcalittdetlpltlrlit
553 1397 1004 1560 npppprppwrpptpsifflpcpatpffi
1021 1404 1181 1542 ἓξὲξ

172 1573 273 1644 raptus
298 1564 328 1624 in
349 1525 474 1625 curiam,
488 1565 655 1643 pariterque
687 1565 834 1644 dannatus
864 1565 1093 1645 interfectusque
1123 1573 1179 1624 cst

173 1649 270 1708 sorori
291 1649 353 1707 eins
374 1647 498 1709 Sanciae
520 1666 595 1726 aqua
615 1657 702 1728 atque
728 1649 789 1727 igni
814 1649 997 1709 interdictum
1022 1657 1178 1711 accusante
1283 1651 1284 1686 i

148 1732 211 1807 rQ.
230 1730 400 1810 Pomponio.
432 1732 459 1790 is
471 1731 600 1792 moribus
613 1732 727 1810 monice
741 1733 816 1793 baec
830 1741 860 1792 ct
874 1733 994 1794 huiusce
1014 1733 1090 1794 modi
1111 1749 1179 1792 ase
1283 1751 1284 1754 ¹

171 1815 299 1874 iactitari
316 1813 535 1893 praetendebat,
549 1824 582 1874 ut
599 1825 682 1894 parta
704 1816 780 1896 apud
797 1817 965 1896 ,prinoipem
986 1819 1081 1894 gratia
1101 1817 1176 1894 p'eri-
1283 1877 1284 1896 ,

172 1897 247 1958 culis
263 1897 414 1976 Pomponii
435 1897 561 1958 Secundi
575 1898 672 1959 iratris
686 1900 862 1960 mederetur.
898 1902 985 1962 ctiam
1001 1903 1034 1961 in
1054 1901 1177 1980 Pompe·
1283 1903 1284 1938 i

171 1982 228 2042 inm
248 1980 405 2042 Macrinam
427 1982 544 2042 exilium
565 1984 712 2060 utaturitnr,
740 1985 821 2044 cuiue
841 1985 972 2045 maritum
995 1984 1177 2063 Argolicum,

172 2081 308 2126 socerum
321 2064 465 2126 Laconem
487 2082 504 2125 e
527 2067 700 2146 primoribus
720 2067 907 2129 Achaeorum
928 2067 1038 2130 caesar
1059 2068 1176 2130 addixe-

136 2173 163 2216 ιο
171 2157 226 2209 rat.
260 2157 343 2230 pater
359 2149 621 2228 qnoqueinluetris
635 2169 726 2230 eques
739 2152 887 2214 Romanus
902 2171 938 2214 ac
952 2153 1043 2214 irater
1061 2161 1175 2233 praeto·

170 2233 246 2310 rius,
263 2251 328 2294 cunr
341 2232 485 2295 damnatio
499 2235 637 2312 instaret,
656 2233 689 2297 se
706 2237 764 2317 ipsi
784 2237 972 2297 interfecere.
1003 2237 1099 2298 datum
1114 2246 1177 2297 erat
1283 2267 1284 2298 3

172 2317 291 2395 crimini,
307 2317 385 2398 quod
400 2317 600 2398 Theophanen
620 2319 824 2396 Mytilenaeum
844 2338 984 2401 proavum
1006 2339 1106 2382 eornm
1123 2319 1177 2380 (in.
1283 2329 1284 2356 ³

169 2399 293 2477 biegnae
306 2403 382 2462 inter
396 2402 514 2463 intimos
528 2401 686 2482 habuisset,
703 2404 839 2485 quodque
854 2403 992 2467 defuncto
1005 2405 1176 2485 Theophani
1283 2451 1284 2484 3

83 2521 91 2538 ,
171 2484 318 2544 caelestes
332 2485 462 2547 bonores
477 2485 590 2548 Graeca
604 2486 731 2548 adulatio
746 2488 898 2549 tribuerat.

235 2563 288 2628 19.
311 2568 384 2629 Post
404 2587 480 2648 quos
499 2569 570 2629 Sex.
592 2571 699 2632 Marias
720 2571 922 2652 Hispaniarum
944 2574 1099 2637 ditissimus
1124 2571 1176 2646 de·
1283 2585 1284 2588 ’

168 2649 261 2710 dentur
275 2652 437 2713 incestasse
452 2653 539 2714 tiliam
558 2663 590 2714 ct
610 2672 683 2715 sano
705 2655 831 2734 Tarpeio
850 2656 981 2719 deicitur.
1011 2675 1047 2719 ac
1066 2675 1103 2717 ne
1124 2656 1175 2718 dn·

168 2732 246 2793 biura
260 2733 418 2816 haberetur
430 2736 654 2814 magnitudinem
669 2741 811 2819 pecuniae
829 2741 905 2802 malo
925 2743 1070 2820 vertisse,
1091 2759 1176 2804 aura·

168 2818 227 2877 rias
244 2820 505 2900 arpertcrtcsqcc
519 2823 599 2901 eius,
616 2841 787 2904 quamquam
803 2824 1036 2905 publicarentur,
1058 2825 1173 2898 sibimet

143 2901 302 2964 cb'iberius
322 2906 463 2984 seposuit.
497 2905 686 2986 inritatusque
707 2909 859 2989 suppliciis
881 2920 1017 2987 cunctos,
1038 2911 1088 2990 qui
1108 2927 1169 2970 car-
1283 2943 1284 2968 r

168 3003 247 3056 cere,
258 2987 452 3049 attinebantur
473 2991 602 3051 accusati
623 2994 775 3060 societatis
797 3011 861 3054 cum
875 2995 999 3072 Seiano,
1016 2996 1115 3055 necari
1129 2995 1172 3054 iu-
1283 2995 1284 3058 ]

166 3068 226 3130 bet.
256 3071 343 3131 iacuit
357 3073 486 3134 inmensa
501 3081 633 3152 strages,
654 3077 746 3136 omnis
767 3095 871 3154 senus,
896 3079 987 3139 omnis
1010 3087 1108 3156 aetas,
1129 3079 1172 3138 in-

166 3153 275 3215 lustres
294 3154 457 3234 ignobiles,
482 3157 608 3237 dispersi
632 3168 680 3221 ant
702 3163 845 3240 aggerati.
880 3180 976 3241 neque
997 3163 1177 3241 propinquis

166 3246 214 3298 aut
228 3239 328 3324 amicis
342 3240 504 3319 adsistere,
525 3240 722 3320 inlacrimare,
744 3263 781 3306 ne
806 3247 903 3307 msere
928 3245 1043 3326 quidem
1066 3246 1173 3307 diutius

129 3319 301 3400 nodabatnr,
327 3324 380 3384 sed
402 3326 579 3386 circumiecti
600 3328 738 3390 custodes
759 3339 789 3390 et
808 3331 837 3390 in
851 3347 1015 3392 maerorem
1030 3330 1173 3410 cuiusque

165 3405 265 3465 intenti
283 3425 409 3487 corpora
423 3410 586 3489 putrefacta
602 3412 833 3493 adsectabantur,
849 3415 914 3476 dum
929 3416 957 3476 in
969 3413 1097 3476 Tiberim
1111 3421 1171 3486 tra·
