2540 3874
392 160 496 206 menn
518 161 553 205 11.
576 160 653 218 cns.
678 161 810 212 un-m.
1062 150 1102 212 ts

102 317 226 396 rapinum
251 313 356 395 plebes
380 313 540 392 primores,
564 315 696 386 iuuentus
717 333 803 374 senes
826 332 929 392 agmen
944 314 1102 392 Romanum

103 409 219 480 repente
234 399 396 473 incursant,
414 395 536 458 turbant.
567 406 716 474 postremo
733 398 862 475 deligunt
876 399 972 460 locum
988 398 1126 462 fluminea

103 495 130 546 et
150 483 231 544 siluis
254 483 401 557 clausum,
423 489 484 544 arta
505 482 580 540 intus
603 481 721 558 planitie
743 491 772 545 et
793 483 901 544 umida:
922 483 1011 542 siluas
1031 497 1101 560 quo·

102 587 157 649 que
181 565 326 646 profunda
347 565 430 644 palus
446 563 584 641 ambibat,
605 566 659 628 nisi
675 564 752 644 quod
767 565 841 626 latus
857 584 941 627 unum
958 565 1101 642 Angriva-

103 655 135 713 rii
152 651 209 712 lato
228 666 341 728 aggere
354 647 532 724 extulerant,
549 665 606 726 quo
622 666 638 708 a
653 647 810 710 Cheruscis
821 649 1029 712 dirimerentur.
1055 649 1103 710 bic

101 735 188 816 pedes
209 733 331 795 adstitit:
356 733 481 810 equitem
499 734 670 811 propinquis
687 733 760 800 lucis
778 743 899 812 texere,
915 742 946 794 ut
960 734 1102 810 ingressis

101 820 198 880 silvam
215 815 381 894 legionibus
398 824 513 892 atergn
530 815 617 874 foret.
1104 847 1128 886 ῃ,

160 901 210 962 20.
240 899 317 958 Nihil
352 917 389 958 ex
419 898 463 958 bis
489 896 608 958 Caesari
633 901 823 976 incognitum:
859 901 991 964 consilia
1007 901 1101 978 locus,

100 993 230 1066 prompta
251 981 366 1044 occulta
388 990 509 1042 noverat
524 990 661 1062 astusque
675 982 798 1047 hostium
814 985 841 1046 in
857 986 1014 1064 perniciem
1029 986 1101 1062 ipsis
1132 1016 1134 1020 ·

99 1067 238 1132 vertebat.
275 1067 344 1129 Seio
361 1065 508 1132 Tuberoni
531 1066 630 1142 legato
652 1067 737 1128 tradit
752 1070 878 1148 equitem
895 1087 1100 1148 campumque;

97 1152 221 1234 peditus
239 1151 332 1210 aciem
347 1152 386 1210 ita
401 1150 550 1226 instruxit,
566 1159 596 1210 ut
611 1167 679 1228 pars
693 1168 788 1230 aequo
804 1153 833 1214 in
846 1152 950 1214 silvam
964 1151 1041 1220 aditu
1060 1153 1100 1210 in-

98 1237 231 1312 cederet,
260 1251 327 1314 pars
351 1233 497 1294 obiectum
517 1250 658 1311 aggerem
680 1236 854 1304 eniteretur;
883 1235 960 1315 quod
985 1234 1124 1300 ardumns
1179 1293 1182 1298 .

99 1322 165 1398 sibi,
186 1328 287 1380 cetera
305 1317 410 1396 legatis
427 1317 564 1395 permisit.
599 1317 702 1396 quibus
717 1317 803 1396 plana
820 1321 993 1396 euenerant,
1014 1319 1101 1380 facile

98 1409 249 1486 inrupere:
266 1403 330 1480 quis
344 1401 545 1480 inpugnandus
561 1419 670 1478 agger,
685 1411 715 1464 ut
729 1404 753 1462 si
774 1421 882 1467 murum
899 1402 1101 1478 succederent,

103 1487 234 1567 gravibus
253 1503 379 1564 superne
394 1484 498 1550 ictibus
517 1484 762 1548 conflictabantur.
795 1489 886 1548 sensit
901 1487 957 1550 dux
972 1487 1102 1568 inparem

99 1573 254 1635 comminus
278 1587 402 1650 pugnam
423 1570 601 1648 remotisque
623 1569 737 1647 paulum
757 1570 923 1648 legionibus
942 1569 1101 1654 funditores

96 1657 303 1733 libritoresque
323 1663 463 1720 excutere
482 1653 539 1714 tela
556 1662 584 1714 et
599 1653 772 1732 proturbare
786 1653 900 1716 hostem
918 1653 1005 1717 iubet.
1036 1653 1100 1715 mis·
1112 1670 1136 1710 m

96 1759 144 1802 sae
171 1759 188 1800 e
213 1738 364 1800 tormentis
387 1737 503 1813 bastae,
522 1746 692 1816 ,quantoque
718 1739 868 1816 conspicui
887 1739 979 1814 magis
994 1753 1100 1814 prepu-

95 1833 253 1902 gnatores,
279 1830 358 1884 tanto
382 1821 510 1900 pluribus
532 1819 700 1882 vulneribus
720 1821 834 1882 deiecti.
867 1824 978 1901 primus
993 1819 1102 1881 Caesar

95 1927 159 1968 cnm
181 1906 338 1986 praetoriis
361 1904 529 1966 cohortibus
551 1914 638 1982 capto
661 1904 737 1966 vallo
756 1905 835 1967 dedit
852 1908 987 1984 impeturn
1005 1906 1033 1964 in
1054 1903 1101 1965 sil·

97 2010 163 2060 ras;
193 1989 311 2051 conlato
337 1987 398 2048 illic
418 1989 511 2066 gradu
536 1997 684 2050 certatum.
721 1988 870 2052 vbesterna
895 1999 979 2066 tergo
1007 1987 1101 2067 palus,

93 2077 243 2136 Romanos
259 2072 365 2139 tumen
386 2081 434 2132 ant
449 2082 562 2132 montes
579 2071 766 2135 claudebant:
788 2076 919 2152 utrisque
939 2074 1135 2135 necessitasne

95 2159 123 2216 in
137 2157 225 2232 loco,
242 2174 314 2236 spes
327 2157 357 2220 in
370 2156 489 2233 uirtute,
502 2155 580 2218 salus
594 2174 632 2219 en
648 2157 778 2218 victoria.

156 2242 208 2303 21.
236 2239 300 2300 Nec
321 2241 413 2299 minor
429 2239 578 2302 Germanis
600 2241 721 2317 animus,
743 2240 797 2302 sed
812 2259 922 2318 genere
939 2256 1055 2316 pugnae
1073 2247 1102 2298 et

94 2342 240 2386 armerum
272 2322 498 2402 superabantur,
529 2340 591 2384 num
623 2325 728 2402 ingens
754 2323 903 2384 multitudo
928 2325 997 2390 artis
1027 2322 1101 2382 locis

94 2408 276 2487 praelongas
288 2405 385 2467 hastas
398 2425 456 2467 nnn
468 2406 672 2486 protenderet,
688 2425 746 2468 non
760 2409 932 2486 colligeret,
948 2423 1042 2484 neque
1054 2405 1101 2467 nd·

94 2491 234 2567 sultibus
248 2499 276 2550 et
298 2491 455 2551 velocitate
478 2508 634 2568 corporum
657 2501 800 2570 uteretur,
829 2501 931 2552 coacta
946 2488 1050 2550 stabile
1066 2487 1102 2549 ad

93 2575 256 2654 proelinm;
280 2584 378 2636 contra
394 2573 494 2651 miles,
511 2574 557 2635 cui
571 2583 681 2636 scutum
699 2578 811 2654 pectori
828 2574 998 2654 adpressum
1015 2581 1043 2632 et
1061 2574 1130 2633 ins
1196 2645 1200 2654 ι

94 2659 193 2719 sidens
219 2657 325 2738 capulo
343 2677 459 2736 manus,
483 2657 558 2718 latos
575 2657 763 2720 barbarorum
778 2669 871 2735 artus,
894 2657 967 2720 nuda
986 2675 1037 2717 cra
1059 2657 1101 2717 in·

94 2743 179 2804 deret
203 2744 336 2821 viamque
359 2752 457 2820 strage
478 2742 602 2802 bostium
625 2745 767 2823 aperiret,
791 2746 957 2823 inprompto
971 2744 1027 2802 iam
1040 2736 1110 2802 Ar?

93 2826 189 2889 minin
198 2825 236 2888 nb
251 2829 385 2887 continua
397 2827 536 2906 pericula,
549 2827 611 2888 sive
626 2827 705 2889 illum
717 2847 822 2900 recens
835 2837 988 2906 acceptum
1000 2825 1102 2884 vulnus
1157 2843 1163 2855 ·

94 2910 271 2972 tardaverat.
295 2912 362 2990 quin
374 2920 403 2972 et
413 2909 634 2989 Inguiomerum,
646 2922 706 2972 tota
719 2912 886 2972 volitantem
895 2913 974 2988 acie,
987 2911 1105 2975 fortuna

94 2996 188 3073 magis
209 3013 295 3074 quam
318 2997 410 3055 virtus
426 2994 589 3056 deserebat.
627 3005 656 3056 et
671 2996 857 3057 Germanicus
874 3014 932 3074 qun
947 2995 1038 3072 magis
1054 2979 1101 3054 ad·
1112 3011 1136 3052 m

98 3087 306 3154 gnosceretur,
330 3079 495 3140 detraxerat
517 3081 643 3156 tegimen
658 3080 745 3158 capiti
762 3079 921 3158 orabatque
935 3075 1103 3140 insisterent

102 3163 251 3224 caedibus:
269 3163 309 3222 nil
324 3180 397 3241 opus
412 3165 551 3242 captivis,
567 3164 659 3225 solam
676 3165 896 3225 internicionem
908 3165 1004 3242 gentis
1017 3163 1102 3221 sunem

102 3242 175 3308 bello
193 3247 270 3306 fore.
286 3246 399 3326 iamque
415 3266 482 3308 seru
495 3247 552 3308 diei
563 3247 695 3310 subducit
708 3267 744 3308 ex
759 3249 824 3309 acie
836 3248 982 3325 legionem
994 3245 1101 3304 lacien-

99 3327 138 3388 dis
162 3331 284 3392 castris:
303 3340 419 3392 ceterae
442 3331 478 3394 ad
498 3342 613 3394 noctem
630 3349 733 3394 eruore
751 3331 875 3392 hostiurm
889 3334 1010 3392 satiatae
1028 3332 1100 3386 sunt.

101 3416 213 3492 equites
228 3414 361 3492 ambigue
378 3425 539 3478 certavere.

137 3518 227 3558 sacrm
246 3519 317 3560 suns
338 3521 357 3559 r.
932 3501 952 3558 4
