2546 3872
387 158 493 206 ursus
505 159 528 206 1.
552 157 627 206 ean.
643 156 764 212 35-39.
1032 147 1072 210 19

64 335 144 398 quae
160 322 253 374 castra
271 321 337 372 sunt
351 312 407 375 uisi
430 320 549 372 cruenta
561 312 756 375 ,et'maoulata
779 321 841 390 aut,
860 321 890 373 ut
904 314 970 393 ipse
987 331 1074 392 prae·

65 403 162 475 dicat,
186 397 337 457 emendata
353 405 383 457 et
398 393 552 457 correcta?
574 414 638 457 nam
654 409 729 475 quae
744 397 793 458 alii
813 396 944 475 scelera,
966 397 1014 459 hic
1026 417 1072 458 re-

64 481 163 544 media
178 489 282 556 uocat,
303 478 369 540 dum
388 480 472 541 lalsis
491 480 652 540 nominibus
669 483 856 542 severitatem
871 498 925 560 pro
940 482 1107 559 saevitiam

64 565 274 648 parsimoniam
296 581 351 643 pro
372 563 505 642 auaritia,
527 564 672 643 supplicia
695 573 724 625 et
747 565 937 626 contumelias
957 574 1072 626 uestras

64 649 250 732 disciplinam
271 647 411 727 appellat.
440 655 555 727 septem
582 666 599 707 a
624 646 832 710 Neronisline
856 666 972 708 menses
996 657 1072 726 sunt,

65 745 99 797 et
113 737 169 794 iam
185 731 251 811 plus
271 733 367 810 rapuit
386 730 483 792 Icelus
503 749 587 809 quam
609 731 687 811 quod
706 732 841 809 Polycliti
863 732 1019 813 etHVatinii
1044 742 1073 792 et

65 816 207 896 Tigellini
241 817 415 894 praeierunt.
444 815 555 875 minore
575 817 696 877 auaritia
721 834 756 877 ac
782 817 899 878 licentia
922 825 1072 894 grassatus

67 909 152 963 esset
165 899 199 960 Τ.
216 900 335 974 Vinius,
361 901 385 958 si
407 898 473 978 ipse
493 898 681 977 imperasset:
706 911 830 965 nuncet
850 900 1001 961 subiectos
1016 918 1108 960 nostr

66 985 169 1046 babuit
184 991 327 1061 tamquam
342 999 411 1042 suos
428 991 457 1042 et
472 981 547 1042 viles
560 991 591 1042 ut
606 982 726 1044 alienos.
758 1001 813 1046 una
828 985 878 1046 illa
894 985 996 1045 domus
1015 983 1073 1044 sui·
1150 1045 1156 1060 Χ

71 1069 133 1127 icit
148 1067 301 1142 donativo,
326 1066 403 1144 quod
422 1065 507 1127 vobis
523 1084 675 1146 numquam
690 1067 775 1148 datur
796 1079 825 1128 et
841 1067 947 1130 cotidie
966 1085 1073 1146 expro-

72 1152 192 1211 bratus!

131 1235 182 1298 38.
205 1232 263 1292 ‘dc
281 1251 317 1292 ne
338 1251 394 1312 qua
410 1233 512 1293 saltem
528 1235 556 1293 in
577 1249 752 1296 successore
769 1233 878 1296 Galbae
894 1254 963 1314 spes
982 1238 1158 1311 essetf-.-

68 1317 225 1380 arcessirit
248 1317 283 1377 ab
304 1317 392 1377 exilio
415 1333 501 1395 quem
523 1318 636 1378 tristitia
658 1328 688 1379 et
707 1319 825 1379 avaritia
841 1321 885 1380 sui
901 1319 1073 1379 simillimum

67 1400 225 1463 iudicabat.
257 1401 386 1477 uidistis,
409 1400 634 1478 commilitones,
656 1402 776 1463 notabili
797 1411 973 1482 tempestate
989 1403 1073 1462 etiam
1167 1415 1168 1420 ’

68 1487 145 1546 deos
165 1483 315 1547 infaustam
336 1482 522 1563 adoptionem
541 1495 722 1546 aversantes:
751 1485 827 1545 idem
844 1495 977 1562 senatus,
997 1486 1072 1545 idem

70 1567 174 1648 populi
188 1568 308 1630 Romani
322 1568 432 1628 animus
448 1577 509 1628 est:
532 1577 630 1628 vestra
653 1570 743 1630 virtus
767 1578 973 1649 exspectatur,
996 1569 1096 1649 apud:

72 1667 148 1730 quos
169 1667 251 1711 omne
273 1652 404 1712 honestis
427 1651 556 1712 consiliis
578 1651 667 1712 robur
687 1663 717 1714 et
738 1653 801 1714 sine
821 1655 925 1732 quibus
942 1654 1072 1732 quamvis

70 1736 194 1813 egregia
207 1734 333 1796 invalida
347 1744 420 1796 sunt.
451 1752 510 1794 non
524 1735 560 1795 ad
581 1734 688 1797 bellum
709 1751 764 1797 uos
785 1756 841 1797 nec
860 1738 896 1797 ad
911 1735 1073 1817 periculum

70 1835 163 1881 voco:
185 1820 309 1878 omnium
325 1819 443 1879 militum
459 1836 536 1879 arma
550 1819 700 1881 nobiscum
717 1830 789 1880 sunt.
823 1839 879 1881 nec
894 1839 949 1882 una
965 1820 1074 1881 cohors

25 1899 26 1980 ξ
65 1911 169 1980 togata
185 1903 314 1964 defendit
328 1921 403 1964 nuuc
419 1900 556 1979 Galbam,
570 1904 623 1964 sed
637 1904 762 1964 detinet:
780 1922 843 1964 cum
858 1922 915 1965 vos¹
929 1903 1072 1982 adspexe-

25 2017 26 2022 1
67 1991 123 2064 rit,
150 2005 214 2046 cum
234 1987 345 2063 siguum
364 2005 458 2046 meum
473 1988 639 2066 acceperit,
662 1987 720 2046 hoc
736 1988 829 2047 solum
845 1989 900 2047 erit
915 1996 1071 2066 certamen,
1083 2011 1108 2052 no

67 2072 136 2150 quis
152 2069 219 2129 mihi
239 2071 390 2149 plurimum
411 2071 531 2148 inputet.
562 2069 658 2130 nullus
678 2072 866 2131 cunctationis
882 2070 965 2130 locus
983 2071 1072 2130 estin

68 2173 107 2215 eo
127 2153 251 2214 consilio
264 2198 273 2231 ‚
288 2154 366 2233 quod
384 2171 441 2213 uon
456 2161 554 2232 potest
569 2153 678 2214 laudari
693 2154 747 2213 nisi
762 2157 933 2233 peractum?
965 2153 1073 2231 aperiri

68 2238 176 2299 deiude
190 2239 438 2298 armamentarium
458 2237 549 2296 iussit.
580 2245 662 2315 rapta
683 2237 777 2297 statim
796 2237 890 2314 arma,
913 2237 975 2297 sine
990 2253 1071 2296 more
1133 2309 1136 2314 Ι

68 2331 99 2384 et
116 2322 220 2382 ordine
233 2322 366 2398 militiae,
390 2330 421 2380 ut
440 2321 640 2399 praetorianus
655 2329 703 2380 ant
718 2320 895 2398 legionarius
911 2319 1071 2397 insignibus

68 2405 131 2466 suis
152 2405 391 2482 distingueretur:
414 2404 571 2464 miscentur
595 2403 780 2466 aunxiliaribus
801 2405 896 2483 galeis
910 2404 1108 2483 scutisque,m

67 2489 150 2549 nullo
164 2487 342 2550 tribunorum
359 2488 593 2548 centurionumve
608 2485 794 2564 adhortante,
810 2488 865 2548 sibi
881 2489 1003 2567 quisque
1015 2487 1072 2548 dux

68 2583 100 2633 et
120 2573 287 2649 instigator:
313 2573 342 2632 et
357 2571 544 2650 praecipuum
564 2573 754 2650 pessimorum
768 2572 980 2632 incitamentum
995 2571 1074 2651 quaed

68 2658 138 2717 boni
154 2655 332 2718 maerebant.

131 2739 182 2802 39.
203 2738 263 2801 lam
285 2740 439 2818 exterritus
459 2739 527 2800 Piso
549 2738 663 2800 fremitu
685 2738 900 2800 crebrescentis
921 2740 1073 2800 seditionis
1156 2793 1160 2798 .

68 2835 99 2885 et
123 2824 245 2886 uocibus
266 2823 414 2903 inurbem
436 2835 530 2901 usque
544 2822 763 2899 resonantibus,
787 2839 937 2900 egressum
959 2821 1073 2883 interim

69 2908 192 2969 Galbam
210 2918 238 2968 et
254 2908 320 2968 loro
338 2906 617 2986 adpropinquantem
632 2907 786 2968 adsecutus
803 2916 879 2976 erat:
894 2908 949 2970 iam
964 2905 1073 2968 Marius

70 2991 176 3053 Celsus
202 2991 278 3052 baud
301 2991 379 3051 laeta
399 2990 566 3069 rettulerat,
591 3009 655 3051 eum
674 2991 723 3053 alii
742 2993 772 3051 iu
792 2991 930 3052 Palatium
949 2991 1071 3071 rediret,

69 3077 117 3136 alii
135 3075 310 3156 Capitolium
323 3083 447 3155 peteret,
464 3074 597 3153 plerique
612 3084 707 3136 rostra
719 3073 889 3154 occupanda
903 3068 1093 3153 censerent,e

71 3161 170 3238 plures
185 3169 292 3221 tantum
306 3158 457 3219 sententiis
476 3157 597 3218 aliorum
617 3157 875 3234 contradicerent,
897 3167 985 3237 utque
1002 3176 1070 3218 eue-

71 3245 111 3304 nit
125 3244 155 3304 in
168 3244 298 3305 consiliis
313 3240 493 3317 infelicibus,
515 3243 622 3321 optima
637 3242 805 3302 viderentur
821 3258 941 3320 quorum
956 3249 1071 3319 tempus

72 3328 225 3406 effugerat.
253 3329 382 3404 agitasse
391 3326 469 3386 Laco
485 3325 586 3402 ignaro
602 3323 693 3386 Galba
708 3325 744 3383 de
761 3323 922 3383 occidendo
939 3322 1004 3382 'lito
1018 3322 1070 3380 Vi·

73 3412 117 3470 nio
136 3411 254 3490 dicitnr,
273 3411 334 3469 siue
350 3418 380 3468 ut
396 3424 491 3487 poena
509 3410 570 3468 eius
587 3409 697 3468 animos
712 3405 830 3464 militum
844 3402 1000 3542 npuplceret,
1017 3421 1071 3461 seu
