2596 3872
181 99 247 162 254
438 109 931 180 conuannuaerurauuunruu

244 267 274 328 2.
296 265 395 327 Tradit
417 263 535 326 Cluvius
557 267 664 326 ardore
682 267 853 334 retinendae
873 268 1067 348 Agrippinam
1088 276 1190 346 poten·

183 353 242 412 tiae
264 369 301 412 eo
324 368 416 430 usqae
432 360 618 430 provectam,
649 360 679 412 ut
697 351 793 412 modio
816 352 887 430 diei,
916 371 980 414 oum
1001 351 1029 412 id
1050 354 1191 431 temporis

182 436 264 498 Nero
285 454 339 516 per
360 435 454 496 vinum
477 444 506 496 et
528 436 631 516 epulas
647 435 859 514 incalesceret,
881 437 1006 498 offerret
1023 453 1057 496 se
1072 439 1191 517 saepius

183 521 343 582 temulento
356 526 501 598 comptam
514 528 543 580 et
555 522 669 581 incesto
682 529 819 600 paratam.
836 522 949 604 iamque
965 520 1077 581 lasciva
1089 521 1192 584 oscula

158 615 216 666 set
237 605 423 686 praenuntias
442 603 545 683 flagitii
566 604 720 668 blanditias
741 605 942 667 adnotantibus
958 605 1114 686 proximis,
1138 606 1192 666 Sc·

183 707 286 751 accam
311 698 413 750 contra
432 688 591 750 muliebres
615 689 780 758 inlecebras
797 689 990 752 subsidiuma
1012 689 1119 751 femina
1140 709 1191 770 pe·

182 775 296 850 titisse,
312 774 517 853 immissamque
532 773 627 835 Acten
643 774 786 850 libertam,
802 793 878 854 quae
894 775 977 834 simul
990 791 1042 834 suo
1057 774 1189 854 periculo

184 867 213 920 et
228 858 343 919 infamia
359 857 485 918 Neronis
500 859 586 919 anxia
603 858 731 918 deferret
743 858 946 939 pervulgatum
965 876 1033 919 esse
1048 859 1191 918 incestum

183 944 330 1021 gloriante
344 951 451 1018 matre,
467 960 524 1004 nec
541 942 718 1004 toleraturos
734 942 839 1004 milites
856 943 971 1024 profani
987 941 1125 1022 principis
1140 943 1190 1002 im-

148 1028 305 1107 roperium.
334 1025 442 1088 Fabius
462 1026 600 1088 Rusticus
621 1043 679 1088 uon
699 1025 892 1106 Agrippinae,
907 1027 961 1088 scd
982 1025 1093 1088 Neroni
1111 1029 1191 1106 cupi-

182 1122 242 1172 turn
256 1111 285 1172 id
300 1119 443 1172 memorat
457 1109 645 1190 eiusdemque
656 1109 780 1172 libertae
792 1121 856 1172 astu
868 1111 1029 1172 disiectam.
1045 1111 1098 1172 sed
1114 1129 1191 1190 quae

184 1193 319 1271 Cluvius,
344 1195 447 1256 eadem
468 1197 560 1256 ceteri
580 1211 698 1276 quoque
719 1203 855 1256 auctores
873 1195 1048 1277 prodidere,
1070 1203 1100 1254 et
1114 1195 1191 1258 iama

183 1280 240 1341 lruc
260 1280 394 1356 intimat,
417 1297 470 1340 seu
488 1280 626 1358 concepit
647 1280 741 1340 animo
765 1287 873 1342 tantum
895 1280 1065 1341 inmanitatis
1081 1279 1188 1358 Agrip-

184 1365 269 1444 pina,
289 1383 342 1426 sen
359 1363 528 1426 credibilior
546 1381 641 1426 novae
656 1363 782 1426 libidinis
797 1365 946 1425 meditatio
961 1365 990 1424 iu
1004 1381 1039 1424 ea
1054 1363 1117 1424 aisa
1132 1372 1191 1439 est,
1283 1375 1284 1378 ’

148 1462 174 1506 ss
184 1467 259 1529 quac
274 1449 453 1528 puellaribus
467 1450 549 1510 annis
566 1457 694 1528 stuprum
709 1467 774 1510 ¹curn
787 1448 899 1528 Lepido
916 1466 972 1528 spe
987 1447 1192 1509 dominationis
1283 1471 1284 1484 2

183 1533 354 1609 admiserat,
378 1534 441 1613 pari
463 1533 597 1614 cupidine
617 1551 710 1612 usque
732 1533 768 1594 ad
783 1533 864 1594 libita
878 1533 1018 1594 Pallantis
1033 1531 1192 1612 provoluta
1283 1591 1284 1594 ,

184 1626 214 1676 et
231 1619 361 1677 exercita
377 1616 412 1676 ad
427 1634 513 1678 omne
523 1617 666 1695 ¹flagitium
682 1618 776 1696 patrui
789 1619 905 1698 nuptiis.
1283 1615 1284 1620 ’

245 1701 276 1762 3.
295 1700 387 1778 Igitur
408 1700 488 1762 Nero
511 1704 603 1761 vitare
625 1710 759 1762 secretos
781 1703 844 1762 eius
865 1716 1059 1780 congressus,
1086 1698 1194 1761 absce-

183 1784 300 1844 dentem
327 1784 355 1842 in
376 1783 479 1844 hortos
506 1793 555 1844 aut
572 1784 766 1846 Tusculanum
793 1786 842 1846 vel
863 1785 1010 1848 Antiatem
1036 1785 1065 1846 in
1088 1801 1192 1862 agrum
1283 1811 1284 1848 3

183 1866 313 1945 laudare,
325 1867 405 1946 quod
418 1869 506 1927 otium
520 1878 700 1948 capesseret.
729 1878 891 1948 postremo,
905 1869 1082 1948 ubicumque
1097 1867 1188 1929 babe-

181 1959 273 2027 retur,
295 1968 489 2032 praegravem
504 1961 584 2012 ratus
599 1953 767 2015 interlicere
778 1955 945 2032 constituit,
962 1953 1102 2014 hactenus
1120 1971 1189 2028 con-

157 2035 311 2113 ssultans,
334 2053 448 2096 veneno
469 2053 505 2098 an
525 2036 605 2098 icaro
621 2038 669 2098 vel
691 2056 747 2117 qua
769 2038 826 2100 alia
841 2039 879 2099 vi.
911 2039 1079 2119 placuitque
1094 2039 1191 2117 primo

182 2137 334 2181 venenum.
365 2119 419 2180 sed
439 2121 514 2181 iuter
537 2122 640 2200 epulas
661 2123 801 2202 principis
822 2123 848 2182 si
867 2123 1001 2200 daretur,
1025 2122 1131 2182 referri
1152 2123 1189 2182 ad
1283 2129 1284 2132 ’

183 2221 282 2265 casum
304 2221 362 2264 nou
382 2213 500 2282 poterat
520 2205 571 2266 tali
591 2206 646 2266 iam
667 2204 824 2268 britannici
850 2207 955 2279 exitio;
987 2213 1017 2268 et
1040 2206 1189 2266 ministros

182 2297 325 2366 temptare
349 2288 466 2350 arduum
489 2288 642 2350 videbator
655 2290 783 2352 mulieris
805 2311 857 2351 usu
878 2291 1024 2352 scelerum
1046 2289 1191 2350 adversus
1283 2315 1284 2320 ¹

181 2369 299 2432 insidias
313 2366 455 2444 intentam
475 2382 566 2452 atque
589 2375 652 2454 ipsa
669 2365 881 2452 praesumendo
902 2371 1031 2436 remedia
1048 2374 1191 2435 munierat
1283 2377 1284 2448 i

148 2474 173 2517 ro
183 2474 300 2535 corpus.
330 2457 437 2517 ferrum
453 2465 483 2517 et
500 2457 609 2518 caedes
625 2477 749 2538 quonam
765 2460 852 2520 modo
870 2459 1084 2538 occultaretur,
1099 2475 1191 2519 nemo
1283 2459 1284 2468 ’

180 2540 365 2619 reperiebat;
388 2550 418 2602 et
431 2559 470 2602 ue
485 2543 548 2621 quis
564 2542 606 2602 illi
625 2551 704 2604 tanto
721 2544 843 2606 lauacri
861 2543 995 2605 delectus
1010 2543 1090 2604 iussa
1104 2562 1188 2623 sper·

181 2633 266 2684 neret
278 2625 453 2686 metuebant.
485 2624 589 2688 obtulit
609 2628 755 2704 ingenium
775 2628 916 2690 Anicetus
935 2627 1075 2707 libertus,
1099 2627 1190 2690 classi

181 2709 257 2788 apud
279 2707 420 2790 Misenum
442 2711 611 2788 praelectus
636 2719 665 2772 et
686 2715 827 2790 pueritiae
845 2711 973 2774 Neronis
994 2709 1133 2773 educator
1152 2731 1191 2773 ac

180 2793 284 2853 mutuis
308 2793 382 2854 odiis
401 2792 583 2873 Agrippinae
612 2796 731 2856 invisus.
765 2815 838 2876 ergo
863 2815 967 2858 navem
993 2813 1085 2875 posse
1108 2815 1188 2858 com·
1283 2863 1284 2868 γ

117 2879 119 2882 ’
147 2879 250 2958 seponi
271 2878 376 2955 docet,
399 2878 479 2938 cuius
501 2897 570 2958 pars
592 2881 658 2958 ipso
676 2881 704 2941 in
719 2883 791 2943 mari
809 2901 862 2962 per
878 2891 969 2942 artem
985 2881 1080 2942 soluta
1096 2874 1187 2942 elian-
1283 2901 1284 2966 3

181 2963 266 3023 deret
280 2963 425 3039 ignaram:
441 2962 512 3024 nibil
529 2972 585 3024 tam
604 2981 697 3043 capax
712 2967 893 3027 fortuitorum
910 2983 993 3046 quam
1003 2983 1100 3036 mare;
1118 2975 1148 3026 et
1162 2966 1284 3044 aial

180 3047 332 3125 naufragio
352 3047 514 3125 intercepta
540 3051 592 3128 sit,
614 3067 699 3130 quem
714 3049 788 3112 adeo
804 3051 945 3131 iniquum,
967 3060 998 3111 ut
1014 3051 1122 3110 sceleri
1136 3050 1190 3117 ad«
1283 3049 1284 3088 l

180 3131 277 3210 signet
291 3132 368 3212 quod
383 3133 463 3192 uenti
479 3141 509 3193 et
522 3133 626 3195 lluctus
641 3133 836 3214 deliquerint?
851 3133 1009 3196 additurum
1022 3136 1190 3216 plincipem

180 3215 335 3277 deiunctae
349 3215 488 3295 templum
503 3227 532 3278 et
549 3236 615 3279 aras
632 3227 662 3278 at
676 3228 777 3282 cetera
792 3217 981 3280 ostentandae
996 3221 1106 3298 pletmi.

241 3303 272 3361 t.
296 3300 408 3361 Placuit
429 3299 579 3379 sollertia,
600 3310 734 3382 tempore
758 3305 844 3366 ctiam
864 3304 937 3382 iata,
959 3301 1074 3384 quando
1097 3305 1185 3378 Qudn-

181 3392 331 3460 quatruuur
349 3385 444 3446 lestos
460 3383 523 3445 dies
538 3387 614 3467 apud
629 3387 715 3450 Baias
730 3387 942 3471 frequentabat.
973 3386 1043 3448 illac
1064 3396 1187 3449 ciatrem
