2510 3864
454 131 681 180 nnnvmaruu.
795 126 798 130 ’
1007 120 1072 182 239
1131 99 1133 105 ’

56 303 122 340 rum
146 286 268 346 disertos,
291 285 369 335 aridis
391 284 519 334 rhetorum
538 287 679 351 praeceptis
703 285 865 350 artificiisque
888 288 1072 340 sordidissrmis

57 363 214 416 contentos,
231 354 422 420 grammatices,
439 353 526 419 legum
540 361 564 404 et
579 352 757 419 philosophiae
773 355 877 421 ignaros
893 372 959 410 essa.

136 439 179 491 34.
196 437 239 490 35.
267 437 380 486 Materno
396 437 488 486 deiude
504 436 619 487 hortante
638 437 756 487 Messalla
767 439 931 504 progreditur
946 439 979 490 ad
996 441 1072 490 aliam

56 517 203 574 corruptae
224 506 382 569 eloquentiae
399 520 516 567 causam,
539 505 572 554 ad
589 505 709 554 eximiam
725 503 887 568 antiquorum
902 519 1029 558 oratorum
1046 521 1071 558 et

55 591 213 646 perversam
229 575 395 624 recentiorum
421 574 634 624 exercitationem.
660 575 765 624 iuvenes
788 575 863 637 dicit,
889 577 998 627 imbutos
1020 579 1070 627 iam

55 645 205 698 domestica
218 643 367 708 disciplina,
387 641 500 693 honestis
513 642 605 692 studiis
619 642 727 692 refertos
743 657 773 692 ac
787 643 852 693 bene
864 653 1037 710 praeparatos,
1056 661 1071 695 a

55 723 137 785 patre
153 713 213 764 olim
226 713 266 761 vel
278 711 426 777 propinquis
442 710 522 762 inisse
537 709 658 760 deductos
668 711 702 760 ad
712 711 840 776 principes
853 722 990 774 oratorum,
1006 729 1072 777 quos

56 785 155 838 sectati
173 783 200 830 in
216 781 332 840 iudiciis,
353 781 409 830 loro
426 779 634 842 contionibusque
648 794 764 846 pugnare
780 781 807 830 in
828 782 884 846 ipsa
901 782 978 832 veluti
993 797 1070 832 arena

1 903 2 910 ,
56 862 85 904 et
103 851 161 902 acie
176 850 338 900 didicissent:
355 857 381 898 at
395 863 462 898 nune
475 847 623 898 educatione
637 849 801 914 depravatos,
817 851 912 900 inscios
925 865 955 900 ao
967 858 1070 918 torpen-

1 957 3 982 ;
57 933 103 973 tes
121 921 229 970 uansire
246 919 273 966 in
291 916 419 967 rhetorum
436 916 551 978 scholas,
573 917 599 966 iu
616 917 707 979 quibus
723 917 773 967 duc
788 919 951 970 materiarum
965 935 1069 986 genera.

1 1024 2 1050 ;
59 989 198 1040 suasoriae
220 995 245 1036 et
266 987 467 1046 controversiae,
489 991 641 1046 tractentur,
664 999 710 1034 nec
730 984 804 1036 lacile
823 985 933 1050 dixeris,
951 999 1069 1038 utrumne

60 1061 138 1108 loeus
157 1056 212 1122 ipse
231 1070 263 1105 an
281 1069 364 1121 genus
384 1054 526 1106 studiorum
549 1069 581 1104 an
605 1053 771 1120 condiscipuli
794 1054 853 1120 plus
877 1056 936 1106 mali
957 1057 1073 1122 ingeniis

61 1126 182 1176 afferent.
882 1143 885 1151 f

0 1253 2 1260 γ
136 1194 181 1242 Hio
198 1193 330 1245 Messallae
349 1207 433 1242 senno
447 1191 551 1242 mutilus
570 1199 622 1242 est:
644 1207 701 1242 enm
716 1193 800 1242 statim
820 1192 952 1258 excepisse
972 1193 1071 1242 videtur

1 1305 3 1314 ,
61 1279 149 1315 sermo
172 1262 293 1321 Materni,
314 1262 420 1312 internis
442 1269 573 1327 corruptae
596 1261 755 1324 eloquentiae
776 1263 860 1310 causis
886 1269 1002 1311 externas
1024 1262 1074 1310 ard-⁴

63 1332 189 1382 nectentis
207 1330 267 1380 has:

136 1411 178 1462 36.
201 1411 243 1461 37.
264 1409 294 1474 α)
314 1413 461 1465 liberiorem
477 1414 659 1464 addicendum
678 1411 809 1463 materiam
829 1411 910 1461 inisse
931 1409 1072 1460 oratoribus

63 1480 191 1546 antiquis,
212 1481 371 1546 splendorem
389 1497 473 1534 rernm
493 1490 518 1532 et
541 1482 740 1548 magnitudinem
762 1495 910 1541 causarum,
936 1479 1007 1544 leges
1028 1491 1070 1527 ro·

64 1552 167 1622 gaudes
190 1557 214 1599 et
237 1549 359 1614 populare
380 1566 485 1612 nomen,
511 1553 642 1602 contiones
667 1551 874 1617 magistratuum,
897 1548 1073 1598 accusationes

64 1619 207 1690 potentium
225 1631 325 1666 reonun
340 1625 364 1667 et
378 1621 525 1686 adsignatus
540 1621 616 1670 etiam
632 1620 749 1670 domibus
764 1619 921 1678 inimicitias,
931 1629 1071 1752 procerum

65 1691 192 1742 factiones
214 1694 238 1738 et
250 1687 354 1737 assidua
371 1696 474 1737 senatus
492 1689 614 1739 adversus
628 1689 728 1755 plebem
747 1688 892 1738 certamina.
948 1686 958 1748 )
975 1684 1070 1733 maiora

1 1791 5 1801 ι
64 1760 148 1812 isdem
165 1755 279 1823 praemla
299 1755 381 1805 ruisse
402 1758 547 1820 proposita,
566 1757 692 1808 iaciliores
709 1758 742 1807 ad
760 1770 873 1806 summos
890 1755 999 1804 honores
1015 1751 1071 1801 adi-

1 1829 3 1839 '
65 1841 107 1880 tus
133 1825 276 1890 eloquentia
296 1823 501 1890 patefaciendus,
528 1825 586 1890 plus
611 1827 679 1892 apud
702 1827 831 1892 principes
857 1833 881 1874 et
906 1823 1071 1888 magistratus

65 1896 235 1964 provinciales
254 1894 366 1960 gratiae,
385 1891 453 1958 apud
472 1901 557 1957 patres
572 1896 742 1957 auctoritatis,
762 1895 831 1961 apud
845 1883 947 1958 plebem
968 1890 1077 1940 notitiae

65 1982 96 2016 ae
115 1965 239 2024 nominis,
261 1962 390 2012 clientelas
407 1961 550 2012 exterarum
566 1965 705 2024 nationum,
725 1972 856 2030 praeturas
873 1972 897 2010 et
915 1959 1070 2010 consulatus.

65 2031 179 2086 38-40.
201 2030 229 2095 γ)
249 2029 357 2080 sormam
374 2038 398 2081 et
414 2030 621 2080 consuetudinem
639 2040 751 2082 veterum
762 2032 912 2082 iudiciorum
930 2026 1073 2079 oratoribus

1 2143 2 2156 2
67 2101 176 2160 lavisse,
206 2113 297 2150 causas
321 2099 347 2146 in
372 2099 442 2158 form
464 2112 515 2148 non
533 2099 559 2148 iu
584 2100 714 2151 auditoriis
737 2100 898 2151 tabulariisve
923 2097 1071 2163 explicatas,

1 2163 2 2168 ’
66 2170 173 2221 liberum
194 2175 219 2218 et
241 2167 342 2217 dicendi
360 2177 385 2218 et
404 2167 644 2234 comperendinaudi
662 2176 775 2236 tempus,
802 2169 936 2218 clamorem
956 2173 981 2215 et
998 2165 1071 2231 plau-

67 2253 124 2290 sum
144 2243 170 2286 et
185 2235 270 2286 studia
281 2237 403 2286 certantis
421 2236 523 2302 populi,
544 2251 600 2286 reos
619 2251 742 2288 concursu
761 2238 838 2287 totius
858 2236 967 2285 civitatis
987 2239 1011 2282 et
1028 2245 1072 2279 ac-

68 2313 169 2358 cusatos
187 2312 213 2355 et
228 2303 362 2367 defensos,
381 2305 512 2355 contiones
532 2305 648 2354 assiduas
663 2316 687 2355 et
706 2307 792 2356 datum
811 2306 852 2354 ius
866 2303 1071 2370 potentissimum

67 2389 192 2442 quemque
211 2374 329 2424 vexandi.
365 2375 406 2424 40.
430 2374 473 2427 41.
494 2387 576 2436 neque
593 2382 675 2424 tamen
692 2381 827 2439 propterea
843 2372 998 2422 laudandam
1011 2382 1070 2418 cen-

68 2453 107 2497 set
127 2443 255 2493 Maternus
276 2442 441 2493 valentiorem
462 2442 644 2505 eloquentiam,
664 2442 732 2506 quod
753 2443 880 2502 licentiae,
905 2455 981 2505 quam
999 2437 1069 2488 stulti

69 2515 209 2564 libertatem
221 2519 324 2574 vocent,
340 2512 491 2566 alumnasit
506 2518 531 2560 et
546 2525 631 2561 cemes
644 2511 797 2560 seditionum
812 2517 835 2558 et
851 2509 965 2559 effrenati
982 2505 1071 2574 populi

66 2583 263 2634 incitamentum.
291 2595 346 2630 mm
364 2582 467 2645 quidem
485 2580 572 2646 vigere
588 2580 649 2630 dicit
667 2581 693 2629 iu
711 2579 868 2639 civitatibus,
889 2594 953 2641 quae
974 2577 1071 2627 discor

68 2653 117 2702 diis
138 2662 162 2700 et
180 2650 294 2716 partibus
313 2665 341 2700 se
364 2651 436 2716 ipsae
457 2647 605 2710 conficiant,
628 2649 721 2699 sedin
740 2647 831 2710 quietis
850 2661 879 2694 uc
895 2647 959 2696 bane
977 2643 1071 2696 eonsti-

69 2721 128 2770 tutis
148 2733 198 2768 non
217 2733 282 2783 opus
306 2733 364 2768 esse
383 2721 428 2768 tali
446 2719 590 2781 eloquentia
611 2718 728 2784 longiore
745 2715 771 2765 in
791 2723 881 2763 senatu
898 2714 1029 2765 sententiis
1047 2719 1072 2758 et

69 2789 152 2838 multis
173 2788 241 2853 apud
262 2787 384 2852 populum
405 2787 580 2839 condonibus:
603 2787 683 2838 multo
706 2784 791 2835 minus
814 2783 840 2833 iu
861 2783 1020 2847 republica,
1044 2779 1071 2826 iu

70 2872 119 2920 qua
137 2871 187 2906 non
210 2857 320 2922 imperiti
344 2858 459 2908 etmulti
482 2856 636 2917 deliberent,
660 2855 706 2906 sed
726 2851 930 2918 sapientissimus
948 2861 972 2901 et
992 2863 1067 2899 unus.

69 2926 155 2975 melius
171 2941 228 2975 esse
246 2939 296 2974 nou
315 2927 386 2988 queri
402 2941 477 2990 quam
497 2925 632 2986 vindicari,
652 2932 677 2974 et
695 2925 717 2974 si
733 2921 888 2972 inveniretur
909 2919 991 2982 aliqua
1009 2917 1070 2966 civi-

71 3004 123 3054 tas,
143 2995 169 3042 in
189 3009 239 3056 qna
264 3008 338 3045 nemo
357 3004 456 3061 peccet,
482 3008 699 3060 supervacaneum
719 2993 774 3043 iore
793 2993 858 3040 inter
875 2991 1022 3040 innocentes
1046 2994 1070 3034 et

72 3076 151 3111 mores
169 3064 250 3112 bonos
268 3071 294 3113 et
311 3063 338 3112 in
356 3063 506 3126 obsequium
524 3063 637 3128 regentis
655 3069 758 3129 paratos
776 3067 900 3110 oratorem
918 3059 983 3107 sient
1006 3057 1071 3105 inter

72 3143 146 3181 sanos
162 3132 295 3180 medicum.
316 3132 403 3196 itaque
421 3145 472 3181 non
492 3130 642 3192 dolendum,
666 3130 733 3194 qnod
758 3129 839 3178 minor
858 3141 925 3176 nuno
942 3133 1071 3192 oratorum

73 3198 248 3261 obscuriorque
266 3200 348 3264 gloria
366 3201 412 3261 sit,
437 3200 484 3250 sed
502 3199 624 3250 utendum
644 3201 730 3266 potius
752 3199 825 3248 benis
843 3197 884 3246 sui
902 3195 993 3258 cuique
1013 3207 1070 3242 sae·

73 3266 119 3316 euli
137 3266 197 3315 citra
215 3267 420 3318 obtrectationem
438 3268 551 3318 alterius.

114 3335 191 3454 032⁷
210 3333 362 3450 Dpissolvitur
385 3337 546 3400 colloquium.
592 3335 720 3402 (Habitum
746 3334 850 3399 lingitur
873 3345 939 3382 anno
963 3345 987 3379 n.
1008 3329 1071 3382 828.
1140 3387 1142 3392 Ι

73 3423 96 3467 o·
151 3441 158 3456 ·
194 3406 210 3450 5
950 3431 953 3436 ·
