2540 3874
166 165 206 228 82
428 175 592 228 coanann
608 177 725 228 rncrnr
737 147 917 226 naumann

167 332 312 413 petendae
331 351 347 393 e
363 333 468 394 Pisone
484 333 600 394 ultionis
617 344 645 394 et
660 333 766 394 crebro
782 342 902 413 questu,
926 333 1004 413 qnod
1019 332 1169 412 ragusin-

168 419 250 478 terlm
268 435 322 497 per
336 435 458 478 amoena
474 416 563 477 Asiae
579 427 666 497 atque
683 417 813 478 Achaiae
827 417 978 494 adroganti
996 425 1026 477 et
1044 416 1167 478 subdola

144 497 247 568 umora
263 502 407 562 scelerum
424 499 613 581 probationes
629 500 822 562 subverteret.
864 517 928 561 nam
946 501 1091 579 vulgatum
1108 509 1168 560 erat
1267 513 1268 540 t

164 586 295 663 missam,
312 596 341 646 ut
356 586 428 661 dixi,
450 602 467 645 a
490 581 542 644 Gn.
567 587 666 647 Sentio
688 586 827 648 famosam
848 585 998 645 veneficiis
1021 583 1169 645 Martinam

165 668 259 730 subita
274 680 367 730 morte
384 668 526 729 Brundisii
542 673 713 748 extinctam,
731 669 1026 749 venenumquenodo
1051 669 1168 730 crinium

166 755 228 813 eius
250 754 441 830 occultatum,
472 771 526 814 nec
559 755 616 814 ulla
644 754 672 813 in
702 769 828 832 corpore
852 753 934 830 signa
959 753 1063 830 sumpti
1089 751 1168 812 exitii
1267 749 1268 810 i

166 845 296 915 reperta.
599 854 601 858 ·

229 919 258 980 8.
281 919 319 980 dt
343 921 410 981 Piso
434 922 595 1000 praemisso
617 921 644 980 in
666 921 766 982 urbem
789 921 847 980 lilio
874 905 1005 999 datisque
1030 919 1168 979 mandatis
1267 959 1268 1000 4

165 1022 219 1082 per
235 1022 310 1082 quae
327 1004 487 1084 principem
504 1002 632 1065 molliret
650 1006 685 1066 ad
705 1005 828 1065 Drusum
847 1004 961 1084 pergit,
988 1021 1073 1084 quem
1095 1003 1169 1063 haud

164 1088 260 1147 fratris
278 1088 393 1150 interitu
415 1097 525 1150 trucem
549 1106 631 1166 quarn
654 1099 765 1150 remoto
791 1089 904 1148 aemulo
924 1090 1091 1166 aequiorem
1115 1085 1169 1146 sibi

165 1171 313 1252 sperabat.
342 1171 475 1233 Tiberius
495 1190 552 1250 quo
569 1173 710 1250 integrum
728 1173 861 1234 iudicium
878 1181 1053 1248 ostentaret,
1081 1188 1170 1230 exce·

141 1265 242 1334 aptam
267 1257 387 1315 comiter
412 1257 544 1316 iuvenem
568 1265 650 1316 sueta
674 1275 744 1335 erga
767 1257 842 1317 lilios
864 1255 1033 1316 familiarum
1055 1253 1170 1314 nobiles

165 1339 339 1401 liberalitate
355 1349 451 1418 auget.
485 1338 597 1400 Drusus
611 1339 727 1418 Pisoni,
751 1341 776 1400 si
789 1358 859 1401 vcra
880 1341 977 1400 lorent
998 1357 1071 1418 quae
1090 1339 1168 1397 lace·

165 1433 281 1498 rentur,
307 1425 493 1503 praecipuum
514 1424 543 1482 in
561 1422 666 1484 dolore
692 1441 773 1484 suum
795 1424 891 1486 locum
916 1422 1081 1502 respondit:
1114 1423 1168 1482 sed

165 1508 251 1568 malle
266 1507 340 1568 lalsa
357 1516 385 1567 et
403 1509 496 1567 inania
511 1525 567 1567 nec
591 1509 722 1587 cuiquam
742 1519 864 1569 mortem
881 1507 1043 1569 Germanici
1065 1505 1169 1566 exitio·

165 1609 225 1652 sam
242 1609 318 1652 esse.
351 1591 426 1652 haec
440 1590 535 1671 palam
551 1600 579 1652 et
601 1593 690 1652 vitato
714 1593 790 1652 omni
816 1601 950 1661 secret03
972 1609 1066 1669 neque
1088 1589 1167 1650 dubi·

132 1675 299 1735 latabantur
314 1676 498 1754 praescripta
509 1675 542 1734 ei
558 1693 574 1734 a
590 1673 723 1752 Tiberio,
748 1695 810 1736 cnm
833 1675 985 1736 incallidus
1008 1674 1115 1754 alioqui
1139 1684 1170 1735 et
1267 1717 1268 1758 ,

163 1758 258 1818 iacilis
273 1760 388 1818 iuventa
406 1757 546 1819 senilibus
565 1767 622 1819 turn
636 1759 745 1820 artibus
760 1767 900 1820 uteretur.
1267 1761 1268 1776 ¹

228 1841 258 1902 9.
281 1842 348 1902 Piso
367 1841 532 1904 Delmatico
549 1844 620 1902 mari
636 1844 769 1902 tramisso
789 1842 960 1921 relictisque
981 1842 1055 1920 apud
1071 1842 1168 1902 Anco-

164 1943 226 1985 nam
244 1924 362 1984 navibus
381 1943 435 2005 par
449 1926 584 1986 Picenum
601 1944 635 1986 ac
650 1943 717 1986 mon
733 1925 899 1987 Flaminiam
914 1925 989 1986 viam
1001 1926 1170 2004 adsequitur

164 2010 321 2086 legionem,
337 2027 412 2088 quae
430 2028 446 2069 e
464 2009 608 2070 Pannonia
622 2011 649 2069 in
665 2010 782 2085 urbem,
798 2009 864 2070 dein
879 2010 1026 2088 praesidio
1049 2010 1170 2071 Africae

165 2093 340 2154 ducebatur:
359 2112 453 2172 eaque
468 2111 517 2153 res
532 2095 638 2171 agitata
653 2093 829 2172 rumoribus,
850 2094 925 2154 utin
947 2094 1060 2172 agmine
1081 2103 1169 2174 atque

140 2177 269 2240 citinerc
286 2176 390 2237 crebro
407 2183 440 2238 s'e
457 2175 594 2237 militibus
610 2179 824 2239 ostentavisset.
853 2176 889 2238 ab
902 2177 1019 2256 Narnia,
1035 2179 1170 2240 vitandae

164 2261 384 2339 suspiciordsan
400 2263 466 2341 qnia
482 2261 595 2340 pavidis
611 2263 732 2322 consilia
754 2263 783 2322 in
801 2257 912 2323 incerio
930 2272 1009 2338 sunt,
1033 2261 1111 2322 Nare
1132 2280 1169 2322 aa

163 2362 231 2406 mox
255 2343 354 2404 Tiberi
378 2346 519 2407 devectus
541 2346 619 2405 auxit
639 2347 719 2424 vulgi
742 2347 816 2424 iras,
837 2347 911 2426 xquia
936 2363 1038 2407 navem
1058 2345 1170 2406 tumulo

165 2425 322 2489 Caesarum
338 2427 492 2506 adpulerat
507 2428 613 2507 dieque
632 2439 660 2489 et
684 2431 746 2510 ripa
765 2429 929 2509 frequenti,
951 2445 1053 2506 magno
1077 2428 1168 2489 clien-

164 2512 232 2572 tium
246 2512 360 2588 agmine
374 2513 451 2593 ipse,
466 2512 635 2572 seminarum
652 2515 938 2582 comitatuPlancina
958 2522 986 2572 et
1007 2509 1087 2571 vultu
1106 2511 1167 2572 ala-

131 2611 232 2656 rocres
253 2596 413 2656 incessere.
449 2596 501 2656 luit
525 2595 600 2656 inter
624 2598 803 2658 inritamenta
826 2597 950 2658 invidiae
977 2596 1079 2657 domus
1100 2596 1169 2660 loro
1267 2657 1268 2678 ,

164 2679 304 2740 inminens
321 2679 397 2740 lesta
417 2689 518 2740 ornatu
538 2681 757 2760 conviviumque
775 2692 802 2742 et
822 2683 927 2761 epulae
950 2690 979 2741 et
995 2679 1169 2743 celebritate
1267 2681 1268 2756 ζ

164 2763 221 2823 1οοί
237 2764 306 2824 nihil
322 2764 478 2824 occultum.
1267 2767 1268 2790 l

227 2850 275 2910 to.
300 2848 420 2908 Postera
445 2849 491 2909 die
516 2847 661 2909 Fulcinius
685 2848 752 2909 Trio
774 2848 907 2910 Pisonem
928 2850 1003 2929 apud
1030 2851 1168 2910 consules

163 2931 329 3008 postulavit.
363 2943 462 2994 contra
485 2931 620 2993 Vitellius
641 2950 677 2993 ac
695 2933 838 2994 Veranius
854 2936 1005 3014 ceterique
1021 2932 1164 2994 Germani·
1267 2921 1268 2994 l

165 3032 227 3074 curn
244 3017 369 3076 comitati
385 3016 669 3094 tendebant,·nnllas
688 3036 755 3078 esse
774 3018 865 3097 partis
882 3019 993 3089 Trioni;
1017 3034 1111 3097 neque
1132 3034 1166 3076 se
1267 3015 1268 3072 l

163 3101 369 3177 accusatores,
392 3102 444 3162 sed
462 3119 558 3162 rerum
575 3101 686 3162 indices
704 3111 733 3162 et
748 3111 841 3164 testes
856 3103 987 3164 mandata
1005 3101 1170 3163 Germanici
1267 3127 1268 3132 ¹

139 3182 329 3261 sperlatnros
376 3185 426 3265 ille
450 3185 565 3246 dimissa
587 3187 648 3246 eius
674 3204 780 3246 causae
803 3186 967 3263 delatione,
991 3195 1020 3247 ut
1039 3187 1167 3264 priorem

163 3265 249 3325 vitam
265 3278 419 3329 accusaret
434 3268 570 3346 obtinuit,
592 3271 771 3348 petitumque
787 3279 831 3330 est
845 3287 860 3330 a
876 3270 1007 3349 principe
1024 3269 1166 3346 cognitio·
1267 3325 1268 3334 ,

162 3365 227 3407 nem
243 3351 405 3428 exciperet.
433 3352 509 3432 quod
527 3371 563 3412 ne
581 3373 648 3414 reus
661 3355 776 3433 quidem
788 3353 942 3431 abnuebat,
958 3353 1168 3430 studiapopull

161 3439 191 3490 et
213 3442 323 3510 patrum
345 3445 492 3497 metuens:
521 3446 618 3498 contra
640 3436 784 3499 Tiberium
807 3438 978 3518 spernendis
1002 3434 1167 3499 rumoribus
1267 3455 1268 3462 ¹
