2568 3870
412 195 517 244 nuens
532 193 583 241 ιιι.
607 193 683 242 our.
696 191 815 246 ιιι-59.
1055 178 1114 240 117

115 359 253 420 lulianum
265 353 305 430 (is
316 367 411 429 nuper
422 346 837 419 classemliiseuensemmolli
848 345 972 424 imperio
981 348 1114 426 rexerat)
1216 387 1221 391 -

114 435 334 520 permulcendis
347 431 466 493 militum
483 431 583 492 animis
595 430 722 508 delegit3
737 429 802 492 data
818 431 847 490 in
862 430 996 492 auxilinm
1007 428 1124 490 urbana

116 523 224 585 cubors
249 528 278 579 ct
301 515 494 596 gladiatores,
517 513 621 593 quibus
638 512 766 574 lulianus
783 522 928 594 praeerat.
954 521 986 575 ut
1002 512 1116 574 conlata

116 604 261 684 utrimque
286 609 397 676 castra,
417 597 493 659 baud
513 613 619 675 unaque
640 598 822 658 annotatione
841 595 952 660 iuliano
969 598 999 658 in
1016 605 1116 678 partes

114 685 290 767 Vespasiani
306 693 511 760 transgresso,
532 680 719 742 Tarracinam
742 698 944 761 occupavere,
964 679 1150 742 moenibusru

114 775 231 850 situque
246 769 339 846 magis
355 783 441 845 qnam
453 765 584 844 ipsorum
597 764 716 842 ingenio
732 773 831 825 tutam.

178 851 228 914 58.
253 852 336 928 Quae
358 848 407 910 ubi
428 847 549 911 Vitellio
569 849 699 925 cognita,
722 857 806 927 parte
827 849 976 928 copiarum
989 847 1116 909 Narniae

115 957 179 1000 oum
194 935 355 1017 praelectis
371 933 511 1012 praeterii
525 930 629 992 relicta
639 931 671 992 b.
683 931 834 993 Vitellium
846 932 965 993 fratrem
985 950 1048 992 cum
1062 950 1118 993 sex

115 1019 286 1083 cohortibus
305 1025 337 1077 et
353 1015 518 1095 quingentis
533 1014 678 1094 equitibus
692 1015 838 1093 ingruenti
862 1034 916 1094 per
932 1014 1117 1095 Campaniam

116 1103 197 1165 bello
216 1101 363 1182 opposuit.
393 1100 458 1178 lpse
479 1116 571 1178 aeger
589 1099 675 1160 animi
691 1098 793 1160 studiis
806 1099 925 1160 miiitum
940 1106 970 1160 et
984 1101 1116 1160 clamori·

116 1189 170 1249 bus
187 1185 287 1265 populi
303 1201 381 1245 arma
397 1183 546 1262 poscentis
560 1182 764 1260 refovebatur,
782 1183 848 1244 dum
859 1184 967 1261 volgus
982 1184 1139 1261 ignaruma

116 1281 146 1333 et
161 1270 230 1331 nibil
244 1268 319 1329 ultra
332 1266 424 1328 rerba
439 1284 573 1328 ausurum
589 1265 664 1328 ialsa
680 1269 782 1346 specie
798 1269 959 1329 exercitum
976 1277 1005 1327 et
1023 1267 1130 1345 legio·-

115 1373 168 1414 nes
180 1352 319 1433 appellat.
347 1350 529 1412 hortantibus
543 1348 656 1411 libertis
668 1353 749 1430 (naun
761 1352 919 1412 amicorum
934 1351 995 1411 eius
1009 1361 1116 1428 quanto

117 1441 181 1518 quis
198 1437 322 1514 clarior,
336 1435 428 1494 minus
447 1433 538 1512 lidus)
553 1434 654 1494 vocari
669 1433 762 1494 tribus
776 1433 871 1513 iubet,
886 1435 987 1495 dantes
1003 1435 1117 1495 nomina

117 1528 299 1583 sacramento
320 1517 430 1599 adigit„
457 1515 657 1598 superfluente
677 1516 857 1579 multitudine
877 1535 974 1580 curam
992 1516 1116 1578 dilectus

116 1609 145 1665 in
167 1603 303 1665 consules
324 1603 462 1683 partitum
484 1618 636 1662 servorum
658 1619 805 1662 numerum
824 1611 854 1662 et
875 1602 989 1681 pondus
1003 1603 1117 1679 argenti
1126 1619 1151 1661 ro

118 1687 300 1748 senatoribus
314 1685 423 1747 indicit.
462 1687 577 1765 equites
593 1684 714 1746 &mani
733 1684 867 1746 obtulere
885 1703 1004 1765 operam
1027 1704 1116 1766 pecu·

116 1774 254 1850 uiasque,
272 1772 357 1830 ctiam
379 1767 520 1830 libertinis
540 1768 617 1830 idem
634 1787 735 1830 munus
752 1769 827 1830 ultro
845 1770 1050 1848 flagitantibus.
1081 1787 1116 1831 ea

116 1855 260 1917 simulatio
276 1853 356 1915 cilici
368 1870 385 1913 a
399 1861 476 1914 metu
493 1852 627 1932 proiecta
642 1862 771 1914 verterat
790 1855 818 1913 in
833 1853 984 1925 favorem3
1003 1872 1040 1915 ac
1055 1854 1115 1933 ple·

116 1942 200 2019 rique
221 1937 297 1999 baud
313 1935 434 2016 perinde
450 1935 599 1998 Vitelliam
621 1955 705 2016 quam
724 1955 822 1998 casum
838 1938 995 2019 locumque
1010 1938 1116 2018 princi·

116 2032 201 2102 patus
216 2018 437 2094 miserebantur.
467 2037 524 2080 nee
540 2018 641 2081 deerat
657 2023 722 2101 ipse
738 2022 818 2082 voltu
833 2039 908 2084 voce
924 2023 1050 2084 lacrimis
1064 2024 1116 2082 mi·
1127 2038 1152 2078 rc

116 2104 305 2167 sericordiam
318 2103 447 2176 eiicere,
468 2103 568 2181 largus
589 2106 757 2183 promissis,
776 2113 805 2164 et
822 2123 897 2184 quae
912 2116 1013 2167 natura
1028 2107 1116 2184 trepi-

117 2189 241 2253 dantium
266 2197 327 2264 est,
350 2185 520 2246 inmodicus.
559 2189 627 2266 quin
647 2198 676 2248 et
700 2186 856 2249 Gaesarem
876 2209 911 2250 se
932 2189 990 2250 dici
1013 2189 1116 2264 voluit,

117 2283 289 2354 aspernatus
304 2279 405 2348 antea,
426 2268 480 2330 sed
494 2278 563 2330 tunc
578 2272 786 2348 superstitione
803 2274 940 2350 nominis,
964 2282 994 2332 et
1009 2275 1075 2352 quia
1089 2275 1117 2332 ln

116 2365 193 2419 metu
219 2355 341 2418 consilia
365 2354 546 2434 prudentium
572 2363 602 2414 ct
629 2354 711 2432 volgi
731 2371 829 2414 rumor
855 2358 933 2417 iuxta
956 2356 1115 2416 audiuntur.

8 2437 10 2502 ἶ
118 2436 245 2502 'ceterum
273 2450 303 2500 ut
323 2439 418 2499 omnia
443 2437 597 2498 inconsulti
623 2438 746 2517 impetus
772 2448 878 2519 coepta
906 2440 994 2501 initiis
1020 2439 1151 2513 validas·

117 2526 211 2606 spatio
243 2525 452 2603 languescant,
482 2519 570 2582 dilabi
594 2521 730 2600 paulatim
757 2521 1117 2603 senatores'equitesque,

117 2612 210 2690 primo
229 2615 398 2671 cunctanter
412 2614 442 2668 et
455 2604 504 2666 ubi
519 2605 583 2684 ipse
596 2623 654 2665 nou
670 2605 786 2684 aderat,
801 2623 870 2668 mox
886 2609 1072 2687 contemptim
1088 2616 1119 2670 et

117 2696 181 2755 sine
201 2692 381 2769 discrimine,
402 2689 497 2751 donec
513 2689 648 2750 Vitellius
672 2690 785 2769 pudore
807 2692 884 2752 inriti
906 2700 1026 2752 conatus
1042 2709 1117 2771 quae

117 2795 175 2840 non
190 2777 331 2839 dabantur
345 2775 464 2836 remisit.
855 2829 859 2834 .

180 2863 231 2924 59.
255 2862 295 2924 Ut
309 2869 451 2921 terrorem
467 2858 569 2920 ltaliae
586 2877 725 2937 possessa
741 2858 873 2921 Mevania
889 2879 924 2921 ac
940 2860 1020 2920 velut
1033 2878 1211 2934 renas...‚.,„,.

115 2957 174 3006 tum
189 2964 227 3006 ex
244 2948 359 3022 integro
380 2942 488 3004 bellum
509 2942 658 3019 intulerat,
680 2945 717 3003 ita
740 2944 815 3004 baud
836 2943 949 3004 dubium
966 2961 1038 3022 erga
1052 2942 1116 3004 Fla·

117 3030 224 3089 vianas-
237 3037 337 3108 partes
351 3026 472 3088 studium
495 3036 552 3087 tam
573 3026 696 3104 pavidus
708 3027 818 3088 Vitellii
835 3027 982 3088 discessus
997 3026 1115 3087 addidit.

118 3120 236 3171 erectus
250 3112 362 3170 Samnis
368 3109 583 3189 Paelignusque
596 3109 717 3172 etbiarsi
729 3111 936 3188 aemulatione,
949 3107 1116 3190 quoddam-

117 3196 203 3274 pania
220 3193 439 3274 praevenisset,
454 3203 484 3253 nt
499 3194 527 3252 in
539 3209 616 3253 novo
630 3192 789 3274 obsequio,
805 3193 841 3256 ad
856 3205 958 3256 cuncta
972 3193 1041 3254 belli
1055 3211 1130 3256 mus

117 3280 164 3338 nia
186 3294 271 3338 acres
292 3285 383 3338 eraut.
415 3276 467 3337 sed
491 3275 578 3336 ioeda
599 3277 694 3336 bieme
710 3295 764 3356 per
783 3279 930 3338 transitum
948 3278 1116 3357 Appennini

117 3361 301 3423 condictatus
322 3361 483 3429 exercitum
507 3368 536 3420 et
554 3361 603 3419 vix
618 3363 718 3440 quieto
734 3362 849 3439 agmine
866 3364 950 3422 nives
965 3360 1115 3422 eluctanti·

8 3479 9 3486 ι
116 3447 170 3510 bus
188 3447 296 3530 patuit,
315 3453 448 3525 quantum
459 3443 631 3506 discriminis
643 3443 802 3506 adeundum
818 3445 912 3523 loret,
926 3446 956 3504 ni
966 3443 1115 3506 Vitellium
