2596 3872
177 132 240 192 302
421 143 586 192 consumi
601 123 718 193 sacrun
734 147 913 194 annuerunt

143 299 262 362 tobcais
290 297 398 358 artibus
424 317 481 358 non
503 295 648 360 imbuerat.
691 300 839 362 ferebatur
862 304 990 377 Seneca,
1020 317 1077 380 quo
1105 300 1172 360 invi·

176 383 250 444 diam
271 382 419 458 sacrilegii
441 401 456 442 a
479 393 573 444 semet
588 393 750 461 averteret,
770 379 922 464 longinipni
938 387 1011 446 ruris
1027 403 1178 444 secessum
1280 397 1281 454 ζ

175 469 322 542 oravisse,
345 477 375 526 et
398 477 550 546 postquam
569 485 627 527 non
651 468 883 545 concedebatur,
916 472 983 530 licta
1001 467 1178 546 valetudine,
1253 493 1255 498 ·

176 554 256 630 qnasi
271 569 362 628 aeger
376 553 492 628 nervis,
515 550 678 612 cubiculum
693 571 750 613 non
772 572 920 630 egressus.
952 551 1097 615 tradidere
1115 553 1178 631 qui·

176 635 240 696 dam
260 642 400 694 venenum
416 635 443 694 ei
466 654 520 714 per
540 635 673 696 libertum
689 638 794 715 ipsius,
818 640 862 698 cni
885 655 990 698 nomen
1008 635 1178 714 Cleonicus,

140 728 306 862 reparatum
335 719 414 780 iussu
435 718 562 779 Neronis
585 723 760 799 vitatumque
784 740 800 782 a
822 723 935 782 Seneca
959 720 1124 802 proditione
1145 719 1178 779 li-

197 804 250 863 erti
260 819 314 860 seu
324 801 615 882 proprialcrmidine,
629 801 692 860 dum
705 800 926 878 persimplicern
938 805 1081 864 victnmet
1091 821 1178 880 agre·
1280 803 1281 860 l

176 881 268 947 stibus
284 887 395 964 pomis,
418 904 453 946 ac
474 886 498 945 si
519 885 582 946 sitis
602 886 787 966 admoneret,
809 887 972 966 prolluente
993 906 1067 966 aqua
1090 890 1177 949 vitam

175 970 291 1031 tolerat.

238 1054 290 1116 46.
318 1053 374 1114 Per
399 1052 474 1114 idem
499 1063 611 1132 ternpus
634 1053 812 1130 gladiatores
833 1055 909 1134 apud
931 1055 1068 1135 oppidum
1091 1055 1178 1114 Prae-

93 1133 104 1153 ⁸
175 1147 259 1200 ueste
274 1146 412 1216 temptata
427 1138 577 1217 eruptione
592 1139 740 1224 praesidio
763 1139 877 1215 militis,
902 1141 951 1218 qui
972 1146 1071 1200 eustos
1092 1139 1177 1198 ades-

177 1233 237 1300 set,
254 1223 377 1282 coerciti
392 1230 473 1298 sunt,
497 1222 552 1282 ianr
570 1224 740 1302 Spartacum
762 1232 792 1282 et
807 1233 905 1284 vetera
923 1225 998 1286 rnala
1012 1223 1178 1285 rumoribus

176 1309 288 1368 ierente
305 1305 431 1384 populo,
453 1315 483 1368 ut
504 1315 550 1366 est
571 1316 708 1366 novarum
731 1326 826 1368 rernm
850 1308 970 1388 cupiens
985 1307 1176 1389 pavidusque.

153 1411 232 1456 nnec
248 1390 335 1452 multa
352 1401 417 1471 post
429 1390 530 1450 clades
541 1391 584 1450 rei
595 1390 705 1452 navalis
717 1394 869 1470 accipitur,
888 1412 944 1452 aon
956 1390 1036 1454 bello
1049 1394 1176 1472 (qnippe

176 1477 252 1538 haud
269 1476 339 1536 alias
355 1485 411 1536 tarn
426 1478 540 1536 immota
556 1477 648 1554 pax),
668 1475 720 1536 sed
738 1486 846 1537 certum
863 1475 898 1538 ad
916 1477 992 1538 diem
1008 1478 1036 1537 in
1054 1475 1176 1554 (lampa-

176 1563 249 1622 niam
267 1561 364 1622 redire
380 1560 503 1620 classem
518 1559 598 1620 Nero
613 1560 753 1639 iusserat,
774 1580 831 1621 non
847 1564 980 1640 exceptis
996 1563 1083 1622 maris
1102 1561 1172 1622 casi-

175 1648 239 1727 bus.
270 1662 343 1723 ergo
358 1643 585 1721 gubernatores,
609 1646 736 1722 quamvis
758 1646 907 1706 saeviente
922 1645 1048 1724 pelago,
1071 1643 1175 1706 abor-

175 1731 238 1790 miis
253 1745 387 1796 movere;
406 1737 434 1788 et
449 1730 531 1805 gravi
547 1727 667 1806 Africo,
692 1727 756 1788 dnm
770 1732 994 1808 promunturium
1009 1727 1112 1790 Miseni
1129 1748 1175 1788 su·

141 1831 281 1893 raperere
302 1811 491 1888 contendunt,
513 1809 647 1872 Cinnanis
666 1812 799 1873 litoribus
818 1814 926 1894 inpacti
939 1812 1096 1874 triremium
1112 1813 1175 1892 ple·

174 1914 282 1973 raeque
298 1903 327 1954 et
340 1896 451 1955 minora
466 1895 583 1973 navigia
599 1898 705 1974 passim
721 1897 886 1959 amiserunt.

237 1982 288 2040 47.
316 1979 387 2038 Fine
402 1979 467 2038 anni
483 1978 635 2056 volgantur
651 1979 800 2058 prodigia,
822 1982 1015 2043 inminentium
1032 1979 1174 2040 malorum

175 2065 280 2124 nuntia.
314 2064 357 2122 vla
380 2062 523 2137 fulgurum
545 2080 603 2122 non
622 2063 693 2124 alias
718 2063 867 2140 crebrior,
887 2075 916 2125 et
937 2064 1016 2124 sidus
1033 2073 1176 2142 cometes,

175 2149 315 2225 sanguine
335 2145 446 2206 inlustri
468 2164 585 2225 semper
605 2146 718 2210 Neroni
741 2150 896 2227 expiatum.
934 2147 1069 2227 bicipites
1084 2147 1174 2214 bomi-

175 2250 241 2292 num
262 2229 422 2294 alicrnmve
443 2231 603 2290 animalium
625 2240 725 2310 partus
746 2229 853 2292 abiecti
870 2234 898 2291 in
914 2229 1061 2312 publicum
1083 2235 1130 2290 aut
1146 2235 1179 2290 in

132 2357 136 2366 -
150 2317 335 2392 asscribens,
352 2314 454 2394 quitus
469 2315 605 2392 gravidas
620 2315 730 2382 hostias
746 2315 877 2376 inmolari
892 2329 966 2376 mos
982 2325 1037 2392 est,
1053 2317 1172 2394 reperti

175 2410 204 2460 et
224 2402 253 2461 in
273 2416 347 2478 agro
364 2400 531 2460 Placentino
548 2401 622 2460 viam
640 2409 762 2478 propter
783 2411 867 2460 natus
882 2399 1002 2476 vitulus,
1025 2400 1070 2458 cui
1087 2407 1173 2477 caput

174 2487 203 2546 in
224 2503 308 2546 crure
329 2491 423 2554 esset;
451 2494 609 2562 secutaque
631 2484 814 2564 haruspicum
836 2484 1052 2564 interpretatio,
1078 2485 1179 2565 parari

173 2588 269 2630 rerum
289 2568 472 2628 bumanorum
493 2567 570 2628 aliud
586 2576 687 2646 caput,
704 2569 756 2628 sed
777 2587 835 2628 non
856 2567 921 2628 iore
937 2567 1062 2628 validum
1077 2585 1176 2644 neque

172 2653 334 2729 occultum,
353 2655 418 2730 quia
432 2654 460 2712 in
476 2660 559 2712 utera
574 2670 741 2730 repressum
756 2663 803 2712 aut
817 2655 873 2712 iter
885 2653 964 2713 iuxta
980 2650 1082 2713 editum
1100 2653 1146 2710 sit.

234 2736 286 2798 48.
316 2735 417 2796 lneunt
444 2735 548 2796 deinde
576 2736 753 2797 consulatum
778 2736 865 2796 Silius
889 2735 986 2796 Nerva
1011 2744 1041 2796 et
1059 2734 1179 2796 Atticus

173 2821 328 2896 Vestinus,
347 2829 452 2900 coepta
466 2817 549 2880 simul
564 2829 593 2880 et
607 2829 690 2880 aucta
706 2821 921 2898 coniuratione,
938 2823 966 2881 in
981 2837 1065 2900 quam
1081 2829 1176 2879 certa·
1280 2819 1281 2854 l

173 2907 223 2966 tim
244 2906 358 2964 nomina
376 2904 518 2980 ,dederant
540 2911 693 2964 senatores
715 2915 806 2982 eques
821 2905 917 2982 miles,
938 2904 1062 2966 feminae
1077 2905 1173 2979 etiam,

174 3007 237 3050 cum
253 2988 319 3048 odic
335 2987 474 3063 Neronis,
494 2997 552 3046 tum
571 2987 674 3048 lavore
696 2990 725 3047 in
748 2987 781 3049 G,
797 2989 941 3049 Pisonem.
968 2991 994 3049 is
1016 2988 1173 3069 Calpurnio
1280 3027 1281 3052 ,

152 3091 286 3152 sgenere
304 3082 384 3133 ortus
403 3089 438 3132 ac
462 3072 563 3132 multas
588 3071 775 3150 insignesque
795 3073 917 3134 familias
934 3081 1052 3152 paterna
1071 3071 1175 3132 nobili·
1280 3081 1281 3096 ¹

174 3167 232 3219 tate
249 3157 434 3237 complexus,
450 3155 531 3216 claro
548 3156 624 3234 apud
638 3156 757 3234 volgum
768 3175 884 3217 rumore
901 3166 964 3218 erat
975 3174 1029 3235 per
1040 3157 1174 3215 virtutem
1280 3163 1281 3240 t

174 3250 222 3302 aut
236 3244 351 3320 species
365 3239 517 3300 virtutibus
531 3239 650 3300 sbniles.
680 3259 801 3320 namque
825 3241 985 3302 facundiam
1005 3237 1118 3300 tuendis
1135 3239 1173 3297 ci·
1280 3249 1281 3252 ’

173 3325 257 3384 vibus
285 3325 460 3400 exercebat,
489 3324 673 3402 largitionem
694 3324 847 3386 adversum
867 3327 991 3403 amicos,
1017 3333 1046 3385 et
1064 3325 1177 3400 ignotis

174 3425 291 3487 quoquo
314 3409 388 3470 corni
409 3425 543 3468 sermone
560 3416 589 3468 et
610 3427 786 3490 congressu;
809 3407 927 3471 aderant
945 3411 1030 3470 etiam
1044 3408 1173 3482 fortuita,
