<?xml version="1.0" encoding="UTF-8"?>
<!DOCTYPE html PUBLIC "-//W3C//DTD XHTML 1.0 Transitional//EN"
    "http://www.w3.org/TR/xhtml1/DTD/xhtml1-transitional.dtd">
<html xmlns="http://www.w3.org/1999/xhtml" xml:lang="en" lang="en">
 <head>
  <title>
</title>
<meta http-equiv="Content-Type" content="text/html;charset=utf-8" />
  <meta name='ocr-system' content='tesseract 3.04.00' />
  <meta name='ocr-capabilities' content='ocr_page ocr_carea ocr_par ocr_line ocrx_word'/>
</head>
<body>
  <div class='ocr_page' id='page_1' title='image "./libriquisupersu02tacigoog/libriquisupersu02tacigoog_0569.png"; bbox 0 0 2568 3870; ppageno 0'>
   <div class='ocr_carea' id='block_1_1' title="bbox 200 173 969 268">
    <p class='ocr_par' dir='ltr' id='par_1_1' title="bbox 200 173 969 268">
     <span class='ocr_line' id='line_1_1' title="bbox 200 173 969 268; baseline -0.004 -34"><span class='ocrx_word' id='word_1_1' title='bbox 200 173 259 268; x_wconf 62' lang='lat'><strong>1271</strong></span> <span class='ocrx_word' id='word_1_2' title='bbox 414 185 579 234; x_wconf 75' lang='lat' dir='ltr'><strong>conanum</strong></span> <span class='ocrx_word' id='word_1_3' title='bbox 595 183 714 234; x_wconf 78' lang='lat' dir='ltr'><strong>anem</strong></span> <span class='ocrx_word' id='word_1_4' title='bbox 728 183 969 234; x_wconf 75' lang='lat' dir='ltr'><strong>msuomsnun</strong></span> 
     </span>
    </p>
   </div>
   <div class='ocr_carea' id='block_1_2' title="bbox 84 336 1269 3506">
    <p class='ocr_par' dir='ltr' id='par_1_2' title="bbox 195 336 1265 586">
     <span class='ocr_line' id='line_1_2' title="bbox 195 336 1208 419; baseline -0.008 -15"><span class='ocrx_word' id='word_1_5' title='bbox 195 350 253 404; x_wconf 84' lang='lat' dir='ltr'><strong>tum</strong></span> <span class='ocrx_word' id='word_1_6' title='bbox 267 339 408 402; x_wconf 82' lang='lat' dir='ltr'><strong>&#39;diversos</strong></span> <span class='ocrx_word' id='word_1_7' title='bbox 433 337 568 419; x_wconf 77' lang='lat' dir='ltr'><strong>Capitolii</strong></span> <span class='ocrx_word' id='word_1_8' title='bbox 588 336 682 399; x_wconf 87' lang='lat' dir='ltr'><strong>aditus</strong></span> <span class='ocrx_word' id='word_1_9' title='bbox 704 338 840 398; x_wconf 83' lang='lat' dir='ltr'><strong>invadunt</strong></span> <span class='ocrx_word' id='word_1_10' title='bbox 865 339 943 398; x_wconf 81' lang='lat' dir='ltr'><strong>iuxta</strong></span> <span class='ocrx_word' id='word_1_11' title='bbox 964 339 1061 400; x_wconf 87' lang='lat' dir='ltr'><strong>lucum</strong></span> <span class='ocrx_word' id='word_1_12' title='bbox 1080 338 1159 412; x_wconf 72' lang='lat' dir='ltr'><strong>asyli</strong></span> <span class='ocrx_word' id='word_1_13' title='bbox 1175 347 1208 397; x_wconf 88' lang='lat' dir='ltr'><strong>et</strong></span> 
     </span>
     <span class='ocr_line' id='line_1_3' title="bbox 196 419 1265 503; baseline 0 -19"><span class='ocrx_word' id='word_1_14' title='bbox 196 442 253 503; x_wconf 84' lang='lat' dir='ltr'><strong>qua</strong></span> <span class='ocrx_word' id='word_1_15' title='bbox 267 423 393 501; x_wconf 80' lang='lat' dir='ltr'><strong>Tarpeia</strong></span> <span class='ocrx_word' id='word_1_16' title='bbox 408 430 625 502; x_wconf 77' lang='lat' dir='ltr'><strong>tepescentem</strong></span> <span class='ocrx_word' id='word_1_17' title='bbox 641 421 781 499; x_wconf 62' lang='lat' dir='ltr'><strong>madibus</strong></span> <span class='ocrx_word' id='word_1_18' title='bbox 794 419 898 481; x_wconf 86' lang='lat' dir='ltr'><strong>aditur.</strong></span> <span class='ocrx_word' id='word_1_19' title='bbox 913 422 1061 500; x_wconf 74' lang='lat' dir='ltr'><strong>inprovisa</strong></span> <span class='ocrx_word' id='word_1_20' title='bbox 1076 430 1207 500; x_wconf 86' lang='lat' dir='ltr'><strong>utraque</strong></span> <span class='ocrx_word' id='word_1_21' title='bbox 1264 469 1265 484; x_wconf 47' lang='lat' dir='ltr'><strong>r</strong></span> 
     </span>
     <span class='ocr_line' id='line_1_4' title="bbox 195 503 1207 586; baseline 0 -22"><span class='ocrx_word' id='word_1_22' title='bbox 195 509 256 574; x_wconf 83' lang='lat' dir='ltr'><strong>vis;</strong></span> <span class='ocrx_word' id='word_1_23' title='bbox 278 506 400 586; x_wconf 80' lang='lat' dir='ltr'>propior</span> <span class='ocrx_word' id='word_1_24' title='bbox 420 515 509 584; x_wconf 85' lang='lat' dir='ltr'><strong>atque</strong></span> <span class='ocrx_word' id='word_1_25' title='bbox 535 508 633 566; x_wconf 87' lang='lat' dir='ltr'><strong>acrior</strong></span> <span class='ocrx_word' id='word_1_26' title='bbox 660 521 715 584; x_wconf 91' lang='lat' dir='ltr'><strong>per</strong></span> <span class='ocrx_word' id='word_1_27' title='bbox 733 503 846 580; x_wconf 73' lang='lat' dir='ltr'><strong>asylum</strong></span> <span class='ocrx_word' id='word_1_28' title='bbox 865 503 1027 582; x_wconf 76' lang='lat' dir='ltr'><strong>ingruebat.</strong></span> <span class='ocrx_word' id='word_1_29' title='bbox 1057 521 1116 565; x_wconf 89' lang='lat' dir='ltr'><strong>nec</strong></span> <span class='ocrx_word' id='word_1_30' title='bbox 1139 505 1207 564; x_wconf 88' lang='lat' dir='ltr'><strong>sisti</strong></span> 
     </span>
    </p>

    <p class='ocr_par' dir='ltr' id='par_1_3' title="bbox 158 587 1209 1001">
     <span class='ocr_line' id='line_1_5' title="bbox 158 587 1207 670; baseline -0.009 -13"><span class='ocrx_word' id='word_1_31' title='bbox 158 615 184 656; x_wconf 82' lang='lat' dir='ltr'><strong>re</strong></span> <span class='ocrx_word' id='word_1_32' title='bbox 195 598 330 670; x_wconf 86' lang='lat' dir='ltr'><strong>poterant</strong></span> <span class='ocrx_word' id='word_1_33' title='bbox 341 589 515 651; x_wconf 86' lang='lat' dir='ltr'><strong>scandentes</strong></span> <span class='ocrx_word' id='word_1_34' title='bbox 526 606 580 668; x_wconf 90' lang='lat' dir='ltr'><strong>per</strong></span> <span class='ocrx_word' id='word_1_35' title='bbox 591 589 744 650; x_wconf 86' lang='lat' dir='ltr'><strong>coniuncta</strong></span> <span class='ocrx_word' id='word_1_36' title='bbox 758 587 906 664; x_wconf 81' lang='lat' dir='ltr'><strong>aedilicia,</strong></span> <span class='ocrx_word' id='word_1_37' title='bbox 922 606 1014 668; x_wconf 84' lang='lat' dir='ltr'><strong>quae,</strong></span> <span class='ocrx_word' id='word_1_38' title='bbox 1029 595 1060 648; x_wconf 90' lang='lat' dir='ltr'><strong>ut</strong></span> <span class='ocrx_word' id='word_1_39' title='bbox 1070 589 1100 648; x_wconf 89' lang='lat' dir='ltr'><strong>in</strong></span> <span class='ocrx_word' id='word_1_40' title='bbox 1110 587 1207 648; x_wconf 90' lang='lat' dir='ltr'><strong>multa</strong></span> 
     </span>
     <span class='ocr_line' id='line_1_6' title="bbox 195 669 1203 752; baseline -0.003 -19"><span class='ocrx_word' id='word_1_41' title='bbox 195 691 286 752; x_wconf 81' lang='lat' dir='ltr'><strong>paee,</strong></span> <span class='ocrx_word' id='word_1_42' title='bbox 301 673 331 732; x_wconf 88' lang='lat' dir='ltr'><strong>in</strong></span> <span class='ocrx_word' id='word_1_43' title='bbox 343 671 432 733; x_wconf 86' lang='lat' dir='ltr'><strong>altum</strong></span> <span class='ocrx_word' id='word_1_44' title='bbox 447 670 524 732; x_wconf 87' lang='lat' dir='ltr'><strong>edita</strong></span> <span class='ocrx_word' id='word_1_45' title='bbox 540 672 634 732; x_wconf 91' lang='lat' dir='ltr'><strong>solum</strong></span> <span class='ocrx_word' id='word_1_46' title='bbox 649 669 786 750; x_wconf 78' lang='lat' dir='ltr'><strong>capitolii</strong></span> <span class='ocrx_word' id='word_1_47' title='bbox 801 671 974 750; x_wconf 86' lang='lat' dir='ltr'><strong>aeqrrabant.</strong></span> <span class='ocrx_word' id='word_1_48' title='bbox 1010 669 1058 732; x_wconf 88' lang='lat' dir='ltr'><strong>bic</strong></span> <span class='ocrx_word' id='word_1_49' title='bbox 1074 670 1203 748; x_wconf 80' lang='lat' dir='ltr'><strong>mubigi·</strong></span> 
     </span>
     <span class='ocr_line' id='line_1_7' title="bbox 195 753 1207 834; baseline -0.004 -18"><span class='ocrx_word' id='word_1_50' title='bbox 195 766 256 830; x_wconf 87' lang='lat' dir='ltr'><strong>tur,</strong></span> <span class='ocrx_word' id='word_1_51' title='bbox 269 757 366 833; x_wconf 84' lang='lat' dir='ltr'><strong>ignem</strong></span> <span class='ocrx_word' id='word_1_52' title='bbox 385 755 471 816; x_wconf 87' lang='lat' dir='ltr'><strong>tectis</strong></span> <span class='ocrx_word' id='word_1_53' title='bbox 487 755 706 834; x_wconf 73' lang='lat' dir='ltr'><strong>obpugnatores</strong></span> <span class='ocrx_word' id='word_1_54' title='bbox 726 755 892 832; x_wconf 86' lang='lat' dir='ltr'><strong>iniecerint,</strong></span> <span class='ocrx_word' id='word_1_55' title='bbox 914 773 951 816; x_wconf 91' lang='lat' dir='ltr'><strong>an</strong></span> <span class='ocrx_word' id='word_1_56' title='bbox 972 753 1105 829; x_wconf 88' lang='lat' dir='ltr'><strong>obsessi,</strong></span> <span class='ocrx_word' id='word_1_57' title='bbox 1124 771 1207 832; x_wconf 89' lang='lat' dir='ltr'><strong>quae</strong></span> 
     </span>
     <span class='ocr_line' id='line_1_8' title="bbox 195 835 1208 915; baseline -0.005 -15"><span class='ocrx_word' id='word_1_58' title='bbox 195 837 326 900; x_wconf 74' lang='lat' dir='ltr'><strong>crebrior</strong></span> <span class='ocrx_word' id='word_1_59' title='bbox 347 839 439 914; x_wconf 87' lang='lat' dir='ltr'><strong>lama,</strong></span> <span class='ocrx_word' id='word_1_60' title='bbox 460 846 492 896; x_wconf 92' lang='lat' dir='ltr'><strong>ut</strong></span> <span class='ocrx_word' id='word_1_61' title='bbox 515 839 641 898; x_wconf 75' lang='lat' dir='ltr'><strong>nitentes</strong></span> <span class='ocrx_word' id='word_1_62' title='bbox 663 855 699 897; x_wconf 91' lang='lat' dir='ltr'><strong>ac</strong></span> <span class='ocrx_word' id='word_1_63' title='bbox 718 854 898 915; x_wconf 86' lang='lat' dir='ltr'><strong>progressos</strong></span> <span class='ocrx_word' id='word_1_64' title='bbox 912 835 1109 914; x_wconf 72' lang='lat' dir='ltr'><strong>depellerent.</strong></span> <span class='ocrx_word' id='word_1_65' title='bbox 1133 837 1208 896; x_wconf 88' lang='lat' dir='ltr'><strong>inde</strong></span> 
     </span>
     <span class='ocr_line' id='line_1_9' title="bbox 195 918 1209 1001; baseline -0.005 -19"><span class='ocrx_word' id='word_1_66' title='bbox 195 923 295 1001; x_wconf 89' lang='lat' dir='ltr'><strong>lapsus</strong></span> <span class='ocrx_word' id='word_1_67' title='bbox 310 922 387 999; x_wconf 88' lang='lat' dir='ltr'><strong>ignis</strong></span> <span class='ocrx_word' id='word_1_68' title='bbox 401 923 429 980; x_wconf 88' lang='lat' dir='ltr'><strong>in</strong></span> <span class='ocrx_word' id='word_1_69' title='bbox 450 921 579 999; x_wconf 88' lang='lat' dir='ltr'><strong>porticus</strong></span> <span class='ocrx_word' id='word_1_70' title='bbox 602 919 751 999; x_wconf 87' lang='lat' dir='ltr'><strong>adpositas</strong></span> <span class='ocrx_word' id='word_1_71' title='bbox 772 918 908 988; x_wconf 88' lang='lat' dir='ltr'><strong>aedibus;</strong></span> <span class='ocrx_word' id='word_1_72' title='bbox 929 938 999 982; x_wconf 83' lang='lat' dir='ltr'><strong>mox</strong></span> <span class='ocrx_word' id='word_1_73' title='bbox 1020 920 1209 980; x_wconf 72' lang='lat' dir='ltr'><strong>sustinentes</strong></span> 
     </span>
    </p>

    <p class='ocr_par' dir='ltr' id='par_1_4' title="bbox 158 999 1266 1247">
     <span class='ocr_line' id='line_1_10' title="bbox 158 1002 1266 1114; baseline -0.008 -44"><span class='ocrx_word' id='word_1_74' title='bbox 158 1030 186 1070; x_wconf 78' lang='lat' dir='ltr'><strong>so</strong></span> <span class='ocrx_word' id='word_1_75' title='bbox 195 1006 340 1082; x_wconf 77' lang='lat' dir='ltr'><strong>fastigium</strong></span> <span class='ocrx_word' id='word_1_76' title='bbox 363 1002 479 1082; x_wconf 85' lang='lat' dir='ltr'><strong>aquilae</strong></span> <span class='ocrx_word' id='word_1_77' title='bbox 498 1012 600 1064; x_wconf 77' lang='lat' dir='ltr'><strong>vetere</strong></span> <span class='ocrx_word' id='word_1_78' title='bbox 620 1003 702 1081; x_wconf 84' lang='lat' dir='ltr'><strong>ligno</strong></span> <span class='ocrx_word' id='word_1_79' title='bbox 721 1012 871 1064; x_wconf 85' lang='lat' dir='ltr'><strong>traxerunt</strong></span> <span class='ocrx_word' id='word_1_80' title='bbox 891 1003 1031 1064; x_wconf 85' lang='lat' dir='ltr'><strong>dammam</strong></span> <span class='ocrx_word' id='word_1_81' title='bbox 1052 1002 1207 1064; x_wconf 80' lang='lat' dir='ltr'><strong>aluerunt·</strong></span> <span class='ocrx_word' id='word_1_82' title='bbox 1264 1019 1266 1114; x_wconf 45' lang='lat' dir='ltr'><strong>p</strong></span> 
     </span>
     <span class='ocr_line' id='line_1_11' title="bbox 195 1084 1206 1167; baseline -0.003 -19"><span class='ocrx_word' id='word_1_83' title='bbox 195 1105 261 1167; x_wconf 81' lang='lat' dir='ltr'><strong>que.</strong></span> <span class='ocrx_word' id='word_1_84' title='bbox 278 1088 322 1148; x_wconf 89' lang='lat' dir='ltr'><strong>sic</strong></span> <span class='ocrx_word' id='word_1_85' title='bbox 337 1085 510 1165; x_wconf 75' lang='lat' dir='ltr'><strong>Capitolium</strong></span> <span class='ocrx_word' id='word_1_86' title='bbox 526 1087 633 1148; x_wconf 89' lang='lat' dir='ltr'><strong>clausis</strong></span> <span class='ocrx_word' id='word_1_87' title='bbox 648 1085 761 1148; x_wconf 85' lang='lat' dir='ltr'><strong>loribus</strong></span> <span class='ocrx_word' id='word_1_88' title='bbox 775 1084 957 1148; x_wconf 81' lang='lat' dir='ltr'><strong>indefensum</strong></span> <span class='ocrx_word' id='word_1_89' title='bbox 973 1095 1004 1145; x_wconf 92' lang='lat' dir='ltr'><strong>et</strong></span> <span class='ocrx_word' id='word_1_90' title='bbox 1024 1085 1206 1164; x_wconf 83' lang='lat' dir='ltr'><strong>indireptum</strong></span> 
     </span>
     <span class='ocr_line' id='line_1_12' title="bbox 196 1171 1177 1247; baseline -0.004 -16"><span class='ocrx_word' id='word_1_91' title='bbox 196 1171 397 1247; x_wconf 77' lang='lat' dir='ltr'><strong>conflagravit.</strong></span> <span class='ocrx_word' id='word_1_92' title='bbox 1175 1191 1177 1194; x_wconf 94' lang='lat'>·</span> 
     </span>
    </p>

    <p class='ocr_par' dir='ltr' id='par_1_5' title="bbox 195 1250 1267 1584">
     <span class='ocr_line' id='line_1_13' title="bbox 258 1250 1202 1333; baseline -0.002 -19"><span class='ocrx_word' id='word_1_93' title='bbox 258 1252 309 1314; x_wconf 79' lang='lat'><strong>72.</strong></span> <span class='ocrx_word' id='word_1_94' title='bbox 330 1250 364 1312; x_wconf 91' lang='lat' dir='ltr'><strong>Id</strong></span> <span class='ocrx_word' id='word_1_95' title='bbox 378 1252 491 1315; x_wconf 84' lang='lat' dir='ltr'><strong>facinus</strong></span> <span class='ocrx_word' id='word_1_96' title='bbox 505 1260 572 1333; x_wconf 89' lang='lat' dir='ltr'><strong>post</strong></span> <span class='ocrx_word' id='word_1_97' title='bbox 587 1253 730 1312; x_wconf 88' lang='lat' dir='ltr'><strong>conditam</strong></span> <span class='ocrx_word' id='word_1_98' title='bbox 745 1252 845 1312; x_wconf 88' lang='lat' dir='ltr'><strong>urbem</strong></span> <span class='ocrx_word' id='word_1_99' title='bbox 868 1252 1113 1312; x_wconf 86' lang='lat' dir='ltr'><strong>luctuosissimum</strong></span> <span class='ocrx_word' id='word_1_100' title='bbox 1135 1252 1202 1313; x_wconf 88' lang='lat' dir='ltr'><strong>ioe-</strong></span> 
     </span>
     <span class='ocr_line' id='line_1_14' title="bbox 195 1335 1201 1416; baseline -0.002 -18"><span class='ocrx_word' id='word_1_101' title='bbox 195 1337 399 1416; x_wconf 84' lang='lat' dir='ltr'><strong>dissinumque</strong></span> <span class='ocrx_word' id='word_1_102' title='bbox 416 1337 461 1396; x_wconf 90' lang='lat' dir='ltr'><strong>rei</strong></span> <span class='ocrx_word' id='word_1_103' title='bbox 480 1335 616 1415; x_wconf 89' lang='lat' dir='ltr'><strong>publicae</strong></span> <span class='ocrx_word' id='word_1_104' title='bbox 633 1337 735 1415; x_wconf 88' lang='lat' dir='ltr'><strong>populi</strong></span> <span class='ocrx_word' id='word_1_105' title='bbox 754 1337 878 1398; x_wconf 85' lang='lat' dir='ltr'><strong>Romani</strong></span> <span class='ocrx_word' id='word_1_106' title='bbox 896 1335 1018 1413; x_wconf 87' lang='lat' dir='ltr'><strong>accidit,</strong></span> <span class='ocrx_word' id='word_1_107' title='bbox 1039 1335 1121 1395; x_wconf 89' lang='lat' dir='ltr'><strong>nullo</strong></span> <span class='ocrx_word' id='word_1_108' title='bbox 1150 1355 1201 1396; x_wconf 84' lang='lat' dir='ltr'><strong>ex·</strong></span> 
     </span>
     <span class='ocr_line' id='line_1_15' title="bbox 195 1418 1267 1502; baseline -0.002 -20"><span class='ocrx_word' id='word_1_109' title='bbox 195 1421 382 1499; x_wconf 73' lang='lat' dir='ltr'><strong>temelicos,</strong></span> <span class='ocrx_word' id='word_1_110' title='bbox 396 1420 539 1499; x_wconf 90' lang='lat' dir='ltr'><strong>propitiis,</strong></span> <span class='ocrx_word' id='word_1_111' title='bbox 551 1421 575 1479; x_wconf 93' lang='lat' dir='ltr'><strong>si</strong></span> <span class='ocrx_word' id='word_1_112' title='bbox 585 1437 638 1500; x_wconf 91' lang='lat' dir='ltr'><strong>per</strong></span> <span class='ocrx_word' id='word_1_113' title='bbox 646 1436 743 1480; x_wconf 86' lang='lat' dir='ltr'><strong>mores</strong></span> <span class='ocrx_word' id='word_1_114' title='bbox 754 1419 994 1496; x_wconf 85' lang='lat' dir='ltr'><strong>nostrosliceret‚</strong></span> <span class='ocrx_word' id='word_1_115' title='bbox 1010 1418 1084 1495; x_wconf 86' lang='lat' dir='ltr'><strong>deis,</strong></span> <span class='ocrx_word' id='word_1_116' title='bbox 1096 1419 1201 1480; x_wconf 89' lang='lat' dir='ltr'><strong>sedem</strong></span> <span class='ocrx_word' id='word_1_117' title='bbox 1265 1481 1267 1502; x_wconf 30' lang='lat' dir='ltr'><em>A</em></span> 
     </span>
     <span class='ocr_line' id='line_1_16' title="bbox 195 1501 1200 1584; baseline -0.005 -18"><span class='ocrx_word' id='word_1_118' title='bbox 195 1506 274 1566; x_wconf 82' lang='lat' dir='ltr'><strong>lovis</strong></span> <span class='ocrx_word' id='word_1_119' title='bbox 296 1504 401 1584; x_wconf 88' lang='lat' dir='ltr'><strong>Optimi</strong></span> <span class='ocrx_word' id='word_1_120' title='bbox 425 1504 541 1565; x_wconf 78' lang='lat' dir='ltr'><strong>Maximi</strong></span> <span class='ocrx_word' id='word_1_121' title='bbox 564 1503 715 1582; x_wconf 87' lang='lat' dir='ltr'><strong>auspicato</strong></span> <span class='ocrx_word' id='word_1_122' title='bbox 737 1501 929 1564; x_wconf 81' lang='lat' dir='ltr'><strong>amatoribus</strong></span> <span class='ocrx_word' id='word_1_123' title='bbox 952 1504 1057 1582; x_wconf 89' lang='lat' dir='ltr'><strong>pignus</strong></span> <span class='ocrx_word' id='word_1_124' title='bbox 1083 1504 1200 1582; x_wconf 89' lang='lat' dir='ltr'><strong>imperii</strong></span> 
     </span>
    </p>

    <p class='ocr_par' dir='ltr' id='par_1_6' title="bbox 84 1585 1269 3146">
     <span class='ocr_line' id='line_1_17' title="bbox 170 1585 1199 1667; baseline -0.002 -21"><span class='ocrx_word' id='word_1_125' title='bbox 170 1588 359 1664; x_wconf 83' lang='lat' dir='ltr'><strong>sconditum,</strong></span> <span class='ocrx_word' id='word_1_126' title='bbox 376 1605 461 1667; x_wconf 66' lang='lat' dir='ltr'><strong>mam</strong></span> <span class='ocrx_word' id='word_1_127' title='bbox 479 1603 537 1648; x_wconf 89' lang='lat' dir='ltr'><strong>uon</strong></span> <span class='ocrx_word' id='word_1_128' title='bbox 552 1587 701 1649; x_wconf 84' lang='lat' dir='ltr'><strong>Porsenna</strong></span> <span class='ocrx_word' id='word_1_129' title='bbox 715 1585 812 1648; x_wconf 87' lang='lat' dir='ltr'><strong>dedita</strong></span> <span class='ocrx_word' id='word_1_130' title='bbox 827 1586 899 1646; x_wconf 89' lang='lat' dir='ltr'><strong>urbe</strong></span> <span class='ocrx_word' id='word_1_131' title='bbox 912 1603 1008 1666; x_wconf 80' lang='lat' dir='ltr'><strong>neque</strong></span> <span class='ocrx_word' id='word_1_132' title='bbox 1020 1585 1095 1647; x_wconf 80' lang='lat' dir='ltr'><strong>Galli</strong></span> <span class='ocrx_word' id='word_1_133' title='bbox 1108 1596 1199 1666; x_wconf 85' lang='lat' dir='ltr'><strong>capta</strong></span> 
     </span>
     <span class='ocr_line' id='line_1_18' title="bbox 195 1670 1201 1750; baseline -0.005 -16"><span class='ocrx_word' id='word_1_134' title='bbox 195 1683 339 1734; x_wconf 88' lang='lat' dir='ltr'><strong>temerare</strong></span> <span class='ocrx_word' id='word_1_135' title='bbox 360 1673 539 1750; x_wconf 89' lang='lat' dir='ltr'><strong>potuissent,</strong></span> <span class='ocrx_word' id='word_1_136' title='bbox 561 1672 661 1732; x_wconf 83' lang='lat' dir='ltr'><strong>lurore</strong></span> <span class='ocrx_word' id='word_1_137' title='bbox 684 1672 844 1750; x_wconf 84' lang='lat' dir='ltr'><strong>principum</strong></span> <span class='ocrx_word' id='word_1_138' title='bbox 865 1670 990 1731; x_wconf 83' lang='lat' dir='ltr'><strong>excindi.</strong></span> <span class='ocrx_word' id='word_1_139' title='bbox 1029 1679 1143 1730; x_wconf 89' lang='lat' dir='ltr'><strong>arserat</strong></span> <span class='ocrx_word' id='word_1_140' title='bbox 1172 1682 1201 1729; x_wconf 87' lang='lat' dir='ltr'><strong>et</strong></span> 
     </span>
     <span class='ocr_line' id='line_1_19' title="bbox 197 1753 1201 1833; baseline -0.006 -15"><span class='ocrx_word' id='word_1_141' title='bbox 197 1765 262 1818; x_wconf 87' lang='lat' dir='ltr'><strong>ante</strong></span> <span class='ocrx_word' id='word_1_142' title='bbox 278 1753 453 1832; x_wconf 77' lang='lat' dir='ltr'><strong>Capitolium</strong></span> <span class='ocrx_word' id='word_1_143' title='bbox 468 1754 546 1814; x_wconf 86' lang='lat' dir='ltr'><strong>civili</strong></span> <span class='ocrx_word' id='word_1_144' title='bbox 562 1753 661 1832; x_wconf 89' lang='lat' dir='ltr'><strong>bello,</strong></span> <span class='ocrx_word' id='word_1_145' title='bbox 680 1754 732 1814; x_wconf 92' lang='lat' dir='ltr'><strong>sed</strong></span> <span class='ocrx_word' id='word_1_146' title='bbox 746 1753 848 1815; x_wconf 88' lang='lat' dir='ltr'><strong>iraude</strong></span> <span class='ocrx_word' id='word_1_147' title='bbox 865 1755 992 1833; x_wconf 82' lang='lat' dir='ltr'><strong>privata:</strong></span> <span class='ocrx_word' id='word_1_148' title='bbox 1012 1770 1086 1813; x_wconf 88' lang='lat' dir='ltr'><strong>nuuc</strong></span> <span class='ocrx_word' id='word_1_149' title='bbox 1102 1753 1201 1831; x_wconf 85' lang='lat' dir='ltr'><strong>palam</strong></span> 
     </span>
     <span class='ocr_line' id='line_1_20' title="bbox 196 1836 1268 1918; baseline -0.006 -20"><span class='ocrx_word' id='word_1_150' title='bbox 196 1838 363 1910; x_wconf 86' lang='lat' dir='ltr'><strong>obsessum,</strong></span> <span class='ocrx_word' id='word_1_151' title='bbox 392 1836 486 1915; x_wconf 87' lang='lat' dir='ltr'><strong>palam</strong></span> <span class='ocrx_word' id='word_1_152' title='bbox 512 1838 678 1913; x_wconf 84' lang='lat' dir='ltr'><strong>incensum,</strong></span> <span class='ocrx_word' id='word_1_153' title='bbox 710 1838 813 1918; x_wconf 88' lang='lat' dir='ltr'><strong>quibus</strong></span> <span class='ocrx_word' id='word_1_154' title='bbox 834 1854 982 1900; x_wconf 84' lang='lat' dir='ltr'><strong>armorum</strong></span> <span class='ocrx_word' id='word_1_155' title='bbox 1006 1838 1116 1913; x_wconf 88' lang='lat' dir='ltr'><strong>causis,</strong></span> <span class='ocrx_word' id='word_1_156' title='bbox 1138 1855 1201 1914; x_wconf 85' lang='lat' dir='ltr'><strong>quo</strong></span> <span class='ocrx_word' id='word_1_157' title='bbox 1267 1867 1268 1891; x_wconf 65' lang='grc'><strong>;</strong></span> 
     </span>
     <span class='ocr_line' id='line_1_21' title="bbox 195 1918 1201 2002; baseline -0.002 -21"><span class='ocrx_word' id='word_1_158' title='bbox 195 1929 292 1981; x_wconf 87' lang='lat' dir='ltr'><strong>tautae</strong></span> <span class='ocrx_word' id='word_1_159' title='bbox 307 1920 397 1981; x_wconf 90' lang='lat' dir='ltr'><strong>cladis</strong></span> <span class='ocrx_word' id='word_1_160' title='bbox 409 1918 527 1996; x_wconf 85' lang='lat' dir='ltr'><strong>pretiol</strong></span> <span class='ocrx_word' id='word_1_161' title='bbox 539 1924 631 2000; x_wconf 87' lang='lat' dir='ltr'><strong>stetit,</strong></span> <span class='ocrx_word' id='word_1_162' title='bbox 639 1923 764 2002; x_wconf 90' lang='lat' dir='ltr'><strong>dumpro</strong></span> <span class='ocrx_word' id='word_1_163' title='bbox 772 1921 1056 2001; x_wconf 86' lang='lat' dir='ltr'><strong>patria&#39;bellavimus.</strong></span> <span class='ocrx_word' id='word_1_164' title='bbox 1074 1930 1201 1980; x_wconf 82' lang='lat' dir='ltr'><strong>voverat</strong></span> 
     </span>
     <span class='ocr_line' id='line_1_22' title="bbox 159 2003 1199 2083; baseline 0.004 -23"><span class='ocrx_word' id='word_1_165' title='bbox 159 2004 366 2081; x_wconf 80' lang='lat' dir='ltr'><strong>rcTarquinius</strong></span> <span class='ocrx_word' id='word_1_166' title='bbox 380 2003 498 2065; x_wconf 77' lang='lat' dir='ltr'><strong>Priscus</strong></span> <span class='ocrx_word' id='word_1_167' title='bbox 515 2023 569 2065; x_wconf 82' lang='lat' dir='ltr'><strong>rex</strong></span> <span class='ocrx_word' id='word_1_168' title='bbox 583 2004 664 2065; x_wconf 90' lang='lat' dir='ltr'><strong>bello</strong></span> <span class='ocrx_word' id='word_1_169' title='bbox 680 2005 805 2083; x_wconf 87' lang='lat' dir='ltr'><strong>Sabino,</strong></span> <span class='ocrx_word' id='word_1_170' title='bbox 826 2006 996 2082; x_wconf 77' lang='lat' dir='ltr'><strong>ieceratque</strong></span> <span class='ocrx_word' id='word_1_171' title='bbox 1011 2004 1199 2065; x_wconf 77' lang='lat' dir='ltr'><strong>fundamenta</strong></span> 
     </span>
     <span class='ocr_line' id='line_1_23' title="bbox 84 2086 1199 2168; baseline -0.002 -20"><span class='ocrx_word' id='word_1_172' title='bbox 84 2145 94 2158; x_wconf 81' lang='grc'><strong><em>,</em></strong></span> <span class='ocrx_word' id='word_1_173' title='bbox 195 2106 250 2167; x_wconf 89' lang='lat' dir='ltr'><strong>spe</strong></span> <span class='ocrx_word' id='word_1_174' title='bbox 272 2089 364 2164; x_wconf 86' lang='lat' dir='ltr'><strong>magis</strong></span> <span class='ocrx_word' id='word_1_175' title='bbox 391 2087 504 2148; x_wconf 82' lang='lat' dir='ltr'><strong>futurae</strong></span> <span class='ocrx_word' id='word_1_176' title='bbox 530 2089 733 2166; x_wconf 76' lang='lat' dir='ltr'><strong>magnitudinis</strong></span> <span class='ocrx_word' id='word_1_177' title='bbox 761 2107 845 2168; x_wconf 82' lang='lat' dir='ltr'><strong>qnam</strong></span> <span class='ocrx_word' id='word_1_178' title='bbox 868 2105 926 2164; x_wconf 91' lang='lat' dir='ltr'><strong>quo</strong></span> <span class='ocrx_word' id='word_1_179' title='bbox 946 2086 1080 2148; x_wconf 91' lang='lat' dir='ltr'><strong>modicae</strong></span> <span class='ocrx_word' id='word_1_180' title='bbox 1102 2086 1199 2147; x_wconf 91' lang='lat' dir='ltr'><strong>adbuc</strong></span> 
     </span>
     <span class='ocr_line' id='line_1_24' title="bbox 194 2169 1198 2332; baseline 0 -18"><span class='ocrx_word' id='word_1_181' title='bbox 194 2169 1198 2332; x_wconf 61' lang='lat' dir='ltr'><strong>titt‚tittittititittht⁰tititdi¹ttttt⁰tt</strong></span> 
     </span>
     <span class='ocr_line' id='line_1_25' title="bbox 193 2336 1196 2414; baseline 0.001 -17"><span class='ocrx_word' id='word_1_182' title='bbox 193 2339 278 2397; x_wconf 89' lang='lat' dir='ltr'><strong>stium</strong></span> <span class='ocrx_word' id='word_1_183' title='bbox 295 2336 397 2414; x_wconf 89' lang='lat' dir='ltr'><strong>spoliis</strong></span> <span class='ocrx_word' id='word_1_184' title='bbox 414 2345 580 2396; x_wconf 83' lang='lat' dir='ltr'><strong>extruxere.</strong></span> <span class='ocrx_word' id='word_1_185' title='bbox 603 2336 657 2395; x_wconf 89' lang='lat' dir='ltr'><strong>sed</strong></span> <span class='ocrx_word' id='word_1_186' title='bbox 673 2337 768 2414; x_wconf 85' lang='lat' dir='ltr'><strong>gloria</strong></span> <span class='ocrx_word' id='word_1_187' title='bbox 780 2338 880 2414; x_wconf 86' lang='lat' dir='ltr'><strong>operis</strong></span> <span class='ocrx_word' id='word_1_188' title='bbox 889 2336 1017 2398; x_wconf 87' lang='lat' dir='ltr'><strong>libertati</strong></span> <span class='ocrx_word' id='word_1_189' title='bbox 1029 2347 1196 2400; x_wconf 82' lang='lat' dir='ltr'><strong>reservata:</strong></span> 
     </span>
     <span class='ocr_line' id='line_1_26' title="bbox 159 2419 1197 2499; baseline 0.008 -25"><span class='ocrx_word' id='word_1_190' title='bbox 159 2433 184 2474; x_wconf 83' lang='lat' dir='ltr'><strong>ts</strong></span> <span class='ocrx_word' id='word_1_191' title='bbox 199 2420 290 2499; x_wconf 89' lang='lat' dir='ltr'><strong>pulsis</strong></span> <span class='ocrx_word' id='word_1_192' title='bbox 305 2419 426 2497; x_wconf 88' lang='lat' dir='ltr'><strong>regibus</strong></span> <span class='ocrx_word' id='word_1_193' title='bbox 439 2419 576 2480; x_wconf 85' lang='lat' dir='ltr'><strong>Horatius</strong></span> <span class='ocrx_word' id='word_1_194' title='bbox 590 2419 728 2480; x_wconf 86' lang='lat' dir='ltr'><strong>Pulvillus</strong></span> <span class='ocrx_word' id='word_1_195' title='bbox 744 2421 847 2479; x_wconf 88' lang='lat' dir='ltr'><strong>iterum</strong></span> <span class='ocrx_word' id='word_1_196' title='bbox 863 2421 966 2480; x_wconf 88' lang='lat' dir='ltr'><strong>eoueul</strong></span> <span class='ocrx_word' id='word_1_197' title='bbox 985 2421 1144 2498; x_wconf 83' lang='lat' dir='ltr'><strong>dedicavit,</strong></span> <span class='ocrx_word' id='word_1_198' title='bbox 1161 2440 1197 2482; x_wconf 86' lang='lat' dir='ltr'><strong>ea</strong></span> 
     </span>
     <span class='ocr_line' id='line_1_27' title="bbox 193 2504 1197 2583; baseline -0.001 -18"><span class='ocrx_word' id='word_1_199' title='bbox 193 2504 406 2581; x_wconf 83' lang='lat' dir='ltr'><strong>magnificentia</strong></span> <span class='ocrx_word' id='word_1_200' title='bbox 433 2520 517 2582; x_wconf 84' lang='lat' dir='ltr'><strong>quam</strong></span> <span class='ocrx_word' id='word_1_201' title='bbox 546 2505 694 2563; x_wconf 84' lang='lat' dir='ltr'><strong>inmensae</strong></span> <span class='ocrx_word' id='word_1_202' title='bbox 724 2512 828 2581; x_wconf 89' lang='lat' dir='ltr'><strong>postea</strong></span> <span class='ocrx_word' id='word_1_203' title='bbox 856 2504 957 2583; x_wconf 92' lang='lat' dir='ltr'><strong>populi</strong></span> <span class='ocrx_word' id='word_1_204' title='bbox 977 2504 1099 2565; x_wconf 88' lang='lat' dir='ltr'><strong>Romani</strong></span> <span class='ocrx_word' id='word_1_205' title='bbox 1121 2523 1197 2569; x_wconf 85' lang='lat' dir='ltr'><strong>ones</strong></span> 
     </span>
     <span class='ocr_line' id='line_1_28' title="bbox 193 2577 1196 2666; baseline 0.001 -18"><span class='ocrx_word' id='word_1_206' title='bbox 193 2597 330 2648; x_wconf 89' lang='lat' dir='ltr'><strong>ornarent</strong></span> <span class='ocrx_word' id='word_1_207' title='bbox 347 2588 442 2665; x_wconf 87' lang='lat' dir='ltr'><strong>potius</strong></span> <span class='ocrx_word' id='word_1_208' title='bbox 463 2605 547 2666; x_wconf 87' lang='lat' dir='ltr'><strong>quam</strong></span> <span class='ocrx_word' id='word_1_209' title='bbox 566 2594 715 2665; x_wconf 89' lang='lat' dir='ltr'><strong>augerent.</strong></span> <span class='ocrx_word' id='word_1_210' title='bbox 747 2586 838 2647; x_wconf 87' lang='lat' dir='ltr'><strong>isdem</strong></span> <span class='ocrx_word' id='word_1_211' title='bbox 853 2605 953 2648; x_wconf 90' lang='lat' dir='ltr'><strong>rursus</strong></span> <span class='ocrx_word' id='word_1_212' title='bbox 963 2577 1095 2665; x_wconf 73' lang='lat' dir='ltr'><strong>vestigiis</strong></span> <span class='ocrx_word' id='word_1_213' title='bbox 1111 2590 1196 2649; x_wconf 88' lang='lat' dir='ltr'><strong>situm</strong></span> 
     </span>
     <span class='ocr_line' id='line_1_29' title="bbox 193 2669 1196 2750; baseline 0.001 -19"><span class='ocrx_word' id='word_1_214' title='bbox 193 2681 255 2746; x_wconf 84' lang='lat' dir='ltr'><strong>est,</strong></span> <span class='ocrx_word' id='word_1_215' title='bbox 279 2678 432 2748; x_wconf 87' lang='lat' dir='ltr'><strong>postquam</strong></span> <span class='ocrx_word' id='word_1_216' title='bbox 453 2671 608 2731; x_wconf 90' lang='lat' dir='ltr'><strong>interiecto</strong></span> <span class='ocrx_word' id='word_1_217' title='bbox 630 2669 905 2748; x_wconf 86' lang='lat' dir='ltr'><strong>quadringentorum</strong></span> <span class='ocrx_word' id='word_1_218' title='bbox 928 2670 1090 2750; x_wconf 84' lang='lat' dir='ltr'><strong>quindecim</strong></span> <span class='ocrx_word' id='word_1_219' title='bbox 1106 2689 1196 2732; x_wconf 89' lang='lat' dir='ltr'><strong>anno·</strong></span> 
     </span>
     <span class='ocr_line' id='line_1_30' title="bbox 193 2751 1193 2833; baseline 0.001 -20"><span class='ocrx_word' id='word_1_220' title='bbox 193 2770 254 2813; x_wconf 87' lang='lat' dir='ltr'><strong>rum</strong></span> <span class='ocrx_word' id='word_1_221' title='bbox 269 2755 364 2830; x_wconf 87' lang='lat' dir='ltr'><strong>spatio</strong></span> <span class='ocrx_word' id='word_1_222' title='bbox 386 2753 419 2813; x_wconf 80' lang='lat' dir='ltr'><strong>t.</strong></span> <span class='ocrx_word' id='word_1_223' title='bbox 442 2754 581 2832; x_wconf 88' lang='lat' dir='ltr'><strong>Scipione</strong></span> <span class='ocrx_word' id='word_1_224' title='bbox 605 2751 640 2814; x_wconf 80' lang='grc'><strong>0.</strong></span> <span class='ocrx_word' id='word_1_225' title='bbox 658 2752 797 2814; x_wconf 91' lang='lat' dir='ltr'><strong>Norbano</strong></span> <span class='ocrx_word' id='word_1_226' title='bbox 821 2753 989 2814; x_wconf 90' lang='lat' dir='ltr'><strong>consulibus</strong></span> <span class='ocrx_word' id='word_1_227' title='bbox 1009 2755 1193 2833; x_wconf 85' lang='lat' dir='ltr'><strong>flagraverat.</strong></span> 
     </span>
     <span class='ocr_line' id='line_1_31' title="bbox 156 2835 1196 2916; baseline 0.01 -26"><span class='ocrx_word' id='word_1_228' title='bbox 156 2849 293 2896; x_wconf 80' lang='lat' dir='ltr'><strong>securam</strong></span> <span class='ocrx_word' id='word_1_229' title='bbox 319 2837 413 2895; x_wconf 85' lang='lat' dir='ltr'><strong>victor</strong></span> <span class='ocrx_word' id='word_1_230' title='bbox 428 2835 508 2896; x_wconf 88' lang='lat' dir='ltr'><strong>Sulla</strong></span> <span class='ocrx_word' id='word_1_231' title='bbox 534 2837 677 2914; x_wconf 78' lang='lat' dir='ltr'><strong>suscepit,</strong></span> <span class='ocrx_word' id='word_1_232' title='bbox 703 2855 798 2916; x_wconf 80' lang='lat' dir='ltr'><strong>neque</strong></span> <span class='ocrx_word' id='word_1_233' title='bbox 828 2837 1112 2908; x_wconf 87' lang='lat' dir='ltr'><strong>tamendedicavit:</strong></span> <span class='ocrx_word' id='word_1_234' title='bbox 1137 2839 1196 2900; x_wconf 88' lang='lat' dir='ltr'><strong>hoc</strong></span> 
     </span>
     <span class='ocr_line' id='line_1_32' title="bbox 194 2917 1194 2998; baseline 0.005 -20"><span class='ocrx_word' id='word_1_235' title='bbox 194 2917 288 2978; x_wconf 89' lang='lat' dir='ltr'><strong>solum</strong></span> <span class='ocrx_word' id='word_1_236' title='bbox 301 2918 433 2979; x_wconf 83' lang='lat' dir='ltr'><strong>felicitati</strong></span> <span class='ocrx_word' id='word_1_237' title='bbox 449 2920 512 2979; x_wconf 89' lang='lat' dir='ltr'><strong>eius</strong></span> <span class='ocrx_word' id='word_1_238' title='bbox 523 2929 668 2998; x_wconf 86' lang='lat' dir='ltr'><strong>negatum.</strong></span> <span class='ocrx_word' id='word_1_239' title='bbox 691 2919 792 2981; x_wconf 83' lang='lat' dir='ltr'><strong>Lutatii</strong></span> <span class='ocrx_word' id='word_1_240' title='bbox 806 2919 899 2980; x_wconf 84' lang='lat' dir='ltr'><strong>Catuli</strong></span> <span class='ocrx_word' id='word_1_241' title='bbox 911 2937 1016 2981; x_wconf 90' lang='lat' dir='ltr'><strong>nomen</strong></span> <span class='ocrx_word' id='word_1_242' title='bbox 1031 2923 1106 2982; x_wconf 90' lang='lat' dir='ltr'><strong>inter</strong></span> <span class='ocrx_word' id='word_1_243' title='bbox 1117 2931 1194 2983; x_wconf 88' lang='lat' dir='ltr'><strong>tanta</strong></span> 
     </span>
     <span class='ocr_line' id='line_1_33' title="bbox 194 2999 1194 3082; baseline 0.004 -20"><span class='ocrx_word' id='word_1_244' title='bbox 194 3001 351 3062; x_wconf 81' lang='lat' dir='ltr'><strong>Caesarum</strong></span> <span class='ocrx_word' id='word_1_245' title='bbox 368 3018 460 3080; x_wconf 91' lang='lat' dir='ltr'><strong>opera</strong></span> <span class='ocrx_word' id='word_1_246' title='bbox 479 3021 569 3082; x_wconf 87' lang='lat' dir='ltr'><strong>usque</strong></span> <span class='ocrx_word' id='word_1_247' title='bbox 589 3003 624 3064; x_wconf 91' lang='lat' dir='ltr'><strong>ad</strong></span> <span class='ocrx_word' id='word_1_248' title='bbox 641 3005 788 3064; x_wconf 87' lang='lat' dir='ltr'><strong>Vitellium</strong></span> <span class='ocrx_word' id='word_1_249' title='bbox 809 2999 922 3064; x_wconf 85' lang='lat' dir='ltr'><strong>mansit.</strong></span> <span class='ocrx_word' id='word_1_250' title='bbox 958 3022 993 3065; x_wconf 92' lang='lat' dir='ltr'><strong>ea</strong></span> <span class='ocrx_word' id='word_1_251' title='bbox 1015 3013 1082 3065; x_wconf 89' lang='lat' dir='ltr'><strong>tuuc</strong></span> <span class='ocrx_word' id='word_1_252' title='bbox 1104 3005 1194 3066; x_wconf 87' lang='lat' dir='ltr'><strong>aedes</strong></span> 
     </span>
     <span class='ocr_line' id='line_1_34' title="bbox 194 3084 1269 3146; baseline -0.002 0"><span class='ocrx_word' id='word_1_253' title='bbox 194 3084 383 3146; x_wconf 88' lang='lat' dir='ltr'><strong>cremabatur.</strong></span> <span class='ocrx_word' id='word_1_254' title='bbox 1267 3087 1269 3098; x_wconf 92' lang='lat'>&#39;</span> 
     </span>
    </p>

    <p class='ocr_par' dir='ltr' id='par_1_7' title="bbox 193 3167 1192 3506">
     <span class='ocr_line' id='line_1_35' title="bbox 256 3167 1192 3250; baseline 0.014 -23"><span class='ocrx_word' id='word_1_255' title='bbox 256 3170 305 3230; x_wconf 86' lang='lat'><strong>73.</strong></span> <span class='ocrx_word' id='word_1_256' title='bbox 329 3167 388 3228; x_wconf 88' lang='lat' dir='ltr'><strong>Sed</strong></span> <span class='ocrx_word' id='word_1_257' title='bbox 403 3169 468 3247; x_wconf 91' lang='lat' dir='ltr'><strong>plus</strong></span> <span class='ocrx_word' id='word_1_258' title='bbox 485 3171 604 3247; x_wconf 86' lang='lat' dir='ltr'><strong>pavoris</strong></span> <span class='ocrx_word' id='word_1_259' title='bbox 619 3168 751 3230; x_wconf 86' lang='lat' dir='ltr'><strong>obsessis</strong></span> <span class='ocrx_word' id='word_1_260' title='bbox 767 3189 851 3250; x_wconf 63' lang='lat' dir='ltr'><strong>mam</strong></span> <span class='ocrx_word' id='word_1_261' title='bbox 868 3172 1077 3238; x_wconf 80' lang='lat' dir='ltr'><strong>obsessoribus</strong></span> <span class='ocrx_word' id='word_1_262' title='bbox 1091 3177 1192 3240; x_wconf 84' lang='lat' dir='ltr'><strong>intulit</strong></span> 
     </span>
     <span class='ocr_line' id='line_1_36' title="bbox 194 3250 1192 3336; baseline 0.013 -27"><span class='ocrx_word' id='word_1_263' title='bbox 194 3254 302 3328; x_wconf 84' lang='lat' dir='ltr'><strong>quippe</strong></span> <span class='ocrx_word' id='word_1_264' title='bbox 320 3250 491 3311; x_wconf 89' lang='lat' dir='ltr'><strong>Vitellianus</strong></span> <span class='ocrx_word' id='word_1_265' title='bbox 510 3251 596 3312; x_wconf 88' lang='lat' dir='ltr'><strong>miles</strong></span> <span class='ocrx_word' id='word_1_266' title='bbox 615 3270 711 3330; x_wconf 83' lang='lat' dir='ltr'><strong>neque</strong></span> <span class='ocrx_word' id='word_1_267' title='bbox 733 3263 913 3336; x_wconf 38' lang='lat' dir='ltr'><strong>astu&#39;naque</strong></span> <span class='ocrx_word' id='word_1_268' title='bbox 935 3260 1096 3322; x_wconf 87' lang='lat' dir='ltr'><strong>constantia</strong></span> <span class='ocrx_word' id='word_1_269' title='bbox 1117 3262 1192 3322; x_wconf 89' lang='lat' dir='ltr'><strong>inter</strong></span> 
     </span>
     <span class='ocr_line' id='line_1_37' title="bbox 194 3331 1191 3421; baseline 0.015 -32"><span class='ocrx_word' id='word_1_270' title='bbox 194 3331 279 3392; x_wconf 86' lang='lat' dir='ltr'><strong>dubia</strong></span> <span class='ocrx_word' id='word_1_271' title='bbox 297 3331 459 3410; x_wconf 86' lang='lat' dir='ltr'><strong>indigebat:</strong></span> <span class='ocrx_word' id='word_1_272' title='bbox 481 3351 518 3392; x_wconf 86' lang='lat' dir='ltr'><strong>ex</strong></span> <span class='ocrx_word' id='word_1_273' title='bbox 540 3333 656 3394; x_wconf 87' lang='lat' dir='ltr'><strong>diverso</strong></span> <span class='ocrx_word' id='word_1_274' title='bbox 679 3337 784 3414; x_wconf 88' lang='lat' dir='ltr'><strong>trepidi</strong></span> <span class='ocrx_word' id='word_1_275' title='bbox 809 3339 930 3419; x_wconf 87' lang='lat' dir='ltr'><strong>milites,</strong></span> <span class='ocrx_word' id='word_1_276' title='bbox 960 3340 1018 3401; x_wconf 84' lang='lat' dir='ltr'><strong>dux</strong></span> <span class='ocrx_word' id='word_1_277' title='bbox 1038 3345 1138 3421; x_wconf 84' lang='lat' dir='ltr'><strong>segnis</strong></span> <span class='ocrx_word' id='word_1_278' title='bbox 1161 3354 1191 3404; x_wconf 90' lang='lat' dir='ltr'><strong>et</strong></span> 
     </span>
     <span class='ocr_line' id='line_1_38' title="bbox 193 3413 1190 3506; baseline 0.02 -38"><span class='ocrx_word' id='word_1_279' title='bbox 193 3413 273 3472; x_wconf 82' lang='lat' dir='ltr'><strong>uelut</strong></span> <span class='ocrx_word' id='word_1_280' title='bbox 290 3424 392 3494; x_wconf 84' lang='lat' dir='ltr'><strong>captus</strong></span> <span class='ocrx_word' id='word_1_281' title='bbox 404 3417 489 3474; x_wconf 86' lang='lat' dir='ltr'><strong>animi</strong></span> <span class='ocrx_word' id='word_1_282' title='bbox 500 3432 557 3476; x_wconf 89' lang='lat' dir='ltr'><strong>non</strong></span> <span class='ocrx_word' id='word_1_283' title='bbox 568 3415 683 3495; x_wconf 82' lang='lat' dir='ltr'><strong>lingua,</strong></span> <span class='ocrx_word' id='word_1_284' title='bbox 700 3436 757 3478; x_wconf 86' lang='lat' dir='ltr'><strong>non</strong></span> <span class='ocrx_word' id='word_1_285' title='bbox 770 3421 885 3483; x_wconf 88' lang='lat' dir='ltr'><strong>auribus</strong></span> <span class='ocrx_word' id='word_1_286' title='bbox 898 3417 1081 3505; x_wconf 81' lang='lat' dir='ltr'><strong>competere;</strong></span> <span class='ocrx_word' id='word_1_287' title='bbox 1094 3445 1190 3506; x_wconf 87' lang='lat' dir='ltr'><strong>neque</strong></span> 
     </span>
    </p>
   </div>
   <div class='ocr_carea' id='block_1_3' title="bbox 0 0 1288 3870">
    <p class='ocr_par' dir='ltr' id='par_1_8' title="bbox 0 0 1288 3870">
     <span class='ocr_line' id='line_1_39' title="bbox 0 0 1288 3870; baseline 0 4"><span class='ocrx_word' id='word_1_288' title='bbox 0 0 1288 3870; x_wconf 95' lang='lat' dir='ltr'><strong> </strong></span> 
     </span>
    </p>
   </div>
  </div>
 </body>
</html>
