2570 3878
174 154 234 221 1to
423 168 915 220 eoanuunnsmursnnsnrmr

150 325 229 388 sniei
248 323 398 401 educator,
417 324 465 402 qui
484 343 537 408 per
552 327 682 407 speeiem
702 325 928 388 benevolentiae
942 331 1074 386 moneret
1088 322 1175 387 Glau-

172 408 246 471 diam
269 408 454 490 censuerim
482 418 568 488 atque
591 426 665 489 opes
687 410 867 492 prinoipibus
889 410 1034 471 infensas:
1060 409 1173 488 praeei-

172 512 257 574 puum
272 501 422 553 auctorem
436 490 595 554 Asiaticum
617 494 809 555 interficiendi
825 493 887 555 (iai
901 492 1036 558 Caesaris
1050 510 1109 553 non
1124 511 1175 555 ex·

170 579 299 638 timuisse
320 577 460 637 eontioue
479 579 510 643 in
530 577 630 658 populi
648 578 772 642 Romani
792 577 879 642 lateri
898 577 1081 657 gloriamque
1103 576 1177 638 iaoi·

169 663 250 723 noris
264 661 340 722 ultro
357 668 474 742 petere;
497 661 606 729 olarum
621 680 659 722 ex
675 662 756 722 eoin
773 662 861 741 urbe,
884 662 970 724 didita
988 681 1043 743 per
1057 662 1176 741 provin-

136 749 232 812 iosias
252 746 328 807 lama
349 761 455 825 parare
474 746 530 806 iter
544 745 581 807 ad
598 745 787 808 Germanioos
808 747 969 823 exereitus,
993 744 1108 826 quando
1123 763 1176 824 ge·

170 832 245 891 nitus
258 831 391 892 Viennae
404 828 559 910 multisque
573 838 609 890 ‘et
626 829 731 891 validis
753 829 1016 911 propinquitatibus
1036 828 1178 890 subnixus

169 914 287 975 turbere
300 913 427 992 gentiles
443 915 575 974 nationes
592 922 755 994 promptum
771 914 903 976 haberet.
935 923 965 974 at
980 913 1115 975 claudius
1134 915 1177 974 ni·

169 998 210 1058 hil
231 997 305 1058 ultra
325 1005 470 1059 serutatur
490 997 554 1058 sitis
579 1016 643 1058 cum
666 997 802 1058 militibus
820 1008 964 1078 tamquam
981 997 1176 1078 opprimendo

169 1081 250 1142 bello
268 1080 431 1161 Crispinum
452 1081 593 1161 praetorii
614 1080 795 1161 praelautum
813 1083 905 1159 misit,
929 1098 1018 1161 aquo
1039 1092 1177 1162 repertus

136 1189 161 1231 m
171 1173 216 1225 est
231 1165 307 1247 apud
322 1163 409 1224 Baias
424 1164 587 1244 vinclisque
601 1165 698 1226 inditis
713 1165 743 1224 in
758 1166 859 1227 urbem
873 1175 983 1246 raptus.

229 1249 258 1308 2.
282 1247 384 1327 Neque
408 1247 476 1308 data
499 1257 616 1309 senatus
640 1249 741 1330 eopia:
766 1251 840 1310 intra
868 1249 1031 1311 oubieulum
1051 1249 1176 1331 auditur,

169 1332 326 1394 blessaliua
348 1347 447 1392 eoram
466 1340 496 1391 et
518 1332 621 1394 Suillio
642 1335 857 1413 eorreptionem
877 1333 1012 1412 militam,
1033 1350 1110 1413 quos
1124 1352 1176 1414 pe·

171 1418 255 1477 cunia
270 1425 299 1477 et
319 1424 419 1496 stupro
439 1378 468 1474 in
485 1432 569 1476 omne
584 1416 724 1495 ilaqitium
745 1416 904 1480 obstrictos
924 1416 1082 1496 arguebat,
1099 1418 1177 1478 exim

172 1500 342 1562 adulterium
362 1499 536 1579 Poppaeae,
558 1509 735 1582 postremum
758 1501 908 1563 mollitiam
933 1501 1069 1581 eorporis
1094 1500 1176 1578 obie-

148 1593 278 1655 totants.
300 1583 336 1645 ad
359 1583 438 1663 quod
454 1585 533 1646 vieto
550 1585 666 1648 silentio
688 1587 821 1666 prorupit
842 1603 911 1646 reas
932 1594 963 1646 et
990 1583 1176 1664 ‘interroga’

171 1655 271 1750 inquit,
301 1667 419 1746 muttit,
441 1667 518 1728 filios
540 1675 619 1729 tuos:
643 1670 735 1729 virum
755 1687 826 1730 esse
842 1687 890 1730 me
918 1668 1105 1730 fatebuntur?
1133 1671 1175 1730 in·
1209 1683 1214 1693 ·

170 1769 351 1832 gressusque
368 1749 580 1830 defensionem,
597 1760 742 1825 eommotp
761 1753 901 1815 maiorem
915 1754 944 1815 in
958 1753 1074 1816 modum
1090 1751 1176 1814 Olan-

171 1836 237 1914 dio,
262 1835 438 1900 Messalinae
461 1853 577 1917 quoque
597 1835 732 1901 laoritnas
753 1839 872 1898 exolvit.
902 1837 1004 1918 quibus
1025 1836 1176 1901 abluendis
1282 1909 1283 1923 χ

172 1920 306 1982 oubioulo
328 1917 484 1997 egrediens
505 1929 604 1981 monet
627 1920 776 1982 Vitellium
795 1940 832 1982 ne
853 1921 931 1992 elabi
950 1940 1031 1984 reum
1050 1923 1174 1985 sineret:

137 2029 162 2071 ao
171 2007 236 2086 ipsa
251 2003 288 2064 ad
304 2005 463 2084 peruioiem
476 2004 634 2084 Poppaeae
645 2005 774 2083 festinat,
789 2005 911 2067 subditis
926 2007 974 2086 qui
985 2015 1101 2068 terrore
1112 2024 1175 2067 oar-

171 2091 248 2150 oeris
266 2089 302 2149 ad
320 2087 512 2149 voluntariam
526 2097 649 2150 mortem
665 2089 878 2172 propellerent,
893 2089 968 2151 adeo
984 2091 1087 2168 ignaro
1100 2088 1178 2152 cae·
1281 2119 1282 2158 ,

170 2189 251 2252 sare,
273 2181 303 2233 ut
316 2189 429 2252 pausos
450 2179 518 2252 post
539 2172 601 2234 dies
624 2173 789 2254 epulantem
810 2173 887 2254 apud
907 2193 941 2236 se
960 2176 1091 2238 maritum
1112 2175 1177 2236 eius

171 2257 338 2338 Seipionem
354 2265 592 2337 percontaretur,
608 2276 659 2322 eur
672 2257 735 2319 siae
749 2274 844 2321 uxore
858 2258 1071 2338 discubuisset,
1087 2266 1176 2339 atque

169 2343 224 2403 ille
236 2343 363 2404 innotata
376 2341 437 2402 lato
451 2341 655 2421 responderet.

229 2427 260 2489 3.
285 2425 347 2486 Sed
367 2425 540 2487 oonsultanti
561 2444 650 2505 super
677 2425 861 2490 absolutione
882 2425 1006 2487 Asiatici
1027 2426 1101 2486 dens
1124 2427 1174 2486 Vi·

170 2509 282 2590 tellius,
315 2517 539 2571 commemorata
565 2518 711 2571 vetustate
736 2511 884 2572 amicitiae
907 2518 995 2590 utque
1020 2509 1175 2572 Antoniam
1279 2557 1280 2586 ,

170 2595 312 2676 principis
327 2602 447 2656 matrem
464 2595 572 2675 pariter
585 2593 836 2674 observavissent‚
852 2594 918 2659 dein
930 2594 1078 2676 pereursis
1089 2593 1175 2656 Asia·

170 2680 220 2744 tiei
238 2679 268 2740 iu
290 2677 511 2758 rempublicam
530 2677 636 2740 olbeiis
654 2679 825 2759 resentiqae
843 2679 984 2748 adversus
1000 2678 1175 2744 mianum
1278 2739 1279 2754 ,

148 2762 284 2841 smilitia,
303 2779 437 2842 quaeque
457 2762 514 2824 alia
536 2763 738 2824 conciliandae
757 2763 978 2825 miserioerdiae
993 2762 1178 2844 videbantur,

170 2847 293 2908 liberum
308 2849 409 2909 mortis
426 2846 573 2907 arbitrium
590 2849 619 2908 ei
639 2848 784 2932 permisit3
806 2856 836 2908 et
857 2856 956 2910 seeuta
978 2857 1043 2909 sunt
1064 2845 1174 2909 Claudii
1277 2885 1278 2940 4

171 2930 262 2993 rerba
277 2932 306 2992 in
324 2931 446 2993 eandem
462 2931 654 2992 elementiam.
683 2931 865 2996 hortantibus
880 2929 985 2995 dehine
1005 2931 1171 3012 quibasdam

170 3014 295 3078 inediam
311 3024 341 3075 et
354 3015 451 3078 lenem
464 3018 586 3095 exitum,
602 3018 752 3078 remittere
767 3015 941 3080 heneiioium
955 3015 1103 3081 Asiatious
1120 3015 1172 3077 ait:

172 3108 200 3159 et
223 3101 367 3179 usurpatis
387 3100 490 3178 quibus
514 3100 681 3161 insueverat
703 3101 976 3180 exercitationibus,
1003 3101 1087 3167 litatio¹
1111 3119 1174 3183 eot-

139 3207 163 3248 o
175 3200 257 3263 pore,
272 3183 365 3252 bilem
380 3183 523 3264 epulatus,
540 3203 603 3254 oum
617 3203 651 3254 se
665 3184 816 3249 bonatus
832 3185 991 3248 ealliditate
1002 3185 1113 3248 'liberii
1127 3185 1178 3246 vei

172 3271 280 3347 impetu
305 3267 356 3338 Gal
378 3266 512 3336 Caesaris
535 3271 693 3349 periturum
711 3269 847 3350 dixisset,
870 3288 954 3350 mam
975 3269 1053 3350 quod
1073 3268 1178 3332 fraude

172 3351 304 3415 muliebri
319 3361 350 3417 ot
362 3351 498 3432 iapudioo
509 3353 620 3419 Vitellii
632 3372 684 3419 ote
698 3355 828 3432 eederet,
848 3373 940 3418 aenas
954 3353 1096 3433 exsoluit,
1111 3357 1177 3416 viso

174 3444 269 3496 tamen
281 3446 347 3497 aute
362 3453 439 3514 rogo
453 3437 592 3519 iussoque
605 3439 756 3503 transterit
771 3448 882 3520 partem
897 3441 926 3500 in
941 3440 1037 3518 aliam,
1053 3458 1093 3500 ne
1106 3455 1177 3520 opa-
