2596 3872
176 183 240 245 256
433 189 931 243 conuununncsurnuuamurs

241 351 269 414 6.
287 349 353 411 Illic
368 356 507 428 reputans
525 348 591 408 ideo
614 365 647 406 se
664 347 819 408 fallacibus
841 348 933 408 literis
948 349 1071 410 accitam
1090 358 1119 409 et
1134 349 1183 410 bo·
1283 373 1284 424 r

178 455 250 496 nore
265 435 425 514 praecipuo
439 432 575 510 habitam,
592 431 727 511 quodque
745 431 810 494 litus
826 433 913 510 iuxta,
927 448 986 491 non
1000 434 1096 493 uentis
1111 443 1183 511 acta,
1283 425 1284 462 ³

177 539 235 581 uon
252 519 332 579 saxis
352 516 467 598 inpulsa
482 517 564 577 navis
579 535 688 576 summa
706 517 749 576 sui
765 526 847 596 parte
864 516 954 576 veluti
973 525 1114 578 terrestre
1129 535 1184 577 ma·

180 605 389 666 ebiuameutum
406 601 592 678 concidisset,
609 600 770 661 observans
782 602 868 661 etiam
880 600 1062 662 Acerroniae
1074 609 1184 678 necem,
1283 597 1284 624 ³

155 689 262 751 ssimnl
277 706 359 749 suum
375 686 480 746 uulnus
496 687 652 766 aspiciens,
669 684 762 746 solum
774 685 939 746 insidiarum
950 686 1108 747 remedium
1120 705 1186 746 esse
1283 695 1284 762 ξ

178 772 289 850 serrsit,
311 773 335 832 si
356 787 415 832 non
436 770 692 848 intellegerentur3
710 771 845 850 misitque
866 770 1001 830 libertum
1016 769 1185 850 Agerinum,
1283 763 1284 848 Ϊ

179 861 227 938 qui
242 859 387 918 nuntiaret
408 854 468 915 filio
490 853 670 933 benignitate
685 855 770 916 deum
791 865 821 916 et
842 855 956 916 fortuna
977 855 1040 916 eins
1056 855 1185 914 evasisse

179 959 298 1020 gravem
315 956 428 1009 oasum;
455 957 541 999 orare
561 948 591 999 nt
613 941 744 1018 quamvis
764 939 897 1019 periculo
914 941 1013 1000 matris
1030 940 1186 1000 exterritus

178 1025 293 1084 visendi
310 1041 407 1083 curam
425 1021 568 1093 differrem
591 1023 647 1082 sibi
662 1023 697 1084 ad
713 1042 854 1103 praesens
872 1025 969 1102 quiete
985 1041 1069 1103 opus.
1100 1031 1186 1101 atque

145 1108 292 1170 suinterim
320 1107 478 1168 securitate
503 1105 636 1167 simulata
663 1107 853 1168 medicamina
873 1108 987 1168 uulneri
1009 1116 1039 1167 et
1060 1107 1186 1168 fomenta
1283 1165 1284 1178 ξ

181 1192 300 1272 corpori
321 1189 452 1262 adbibet;
480 1199 681 1252 testamentum
702 1192 884 1253 Acerroniae
913 1193 1023 1270 requiri
1051 1191 1187 1270 bonaque
1283 1245 1284 1272 ,

179 1277 330 1354 obsignari
346 1273 436 1352 iubet,
448 1275 476 1335 id
491 1284 599 1336 tantum
614 1293 672 1336 non
688 1295 742 1355 per
759 1276 979 1338 simulationem.

244 1363 263 1421 7
267 1405 274 1420 .
293 1360 333 1421 At
346 1359 457 1420 Neroni
473 1361 588 1421 nuntios
606 1362 710 1440 patrati
724 1361 863 1422 facinoris
879 1360 1045 1440 opperienti
1059 1359 1186 1421 adfertur

181 1447 314 1508 evasisse
334 1446 393 1506 ictu
414 1443 474 1506 levi
495 1445 622 1506 sauciam
644 1453 674 1506 et
693 1445 833 1506 hactenns
855 1443 932 1506 adito
951 1445 1128 1522 discrimine,
1149 1461 1185 1504 ua
1283 1463 1284 1470 ¹

180 1540 282 1592 auctor
303 1529 490 1590 dubitaretur.
518 1537 575 1590 tum
597 1547 709 1608 pavore
729 1529 867 1591 exanimis
888 1537 918 1590 et
933 1529 988 1589 iam
1009 1531 1122 1608 iamque
1139 1527 1186 1588 ad·
1283 1559 1284 1570 κ

179 1619 245 1676 iore
259 1613 408 1674 obtestans
423 1612 567 1674 uindictae
583 1632 755 1693 properam,
779 1615 841 1675 aive
860 1615 979 1674 servitia
998 1608 1124 1675 armaret
1137 1607 1188 1673 niel
1283 1685 1284 1694 χ

157 1700 299 1760 smilitem
315 1697 506 1775 accenderet,
530 1700 593 1758 sire
610 1697 646 1758 ad
661 1706 790 1758 senatum
804 1707 834 1758 et
849 1697 987 1779 pupulum
1001 1698 1187 1777 pervaderet,
1283 1713 1284 1750 t

181 1781 360 1858 naufragium
376 1789 406 1840 et
426 1780 528 1842 vulnus
547 1791 577 1840 et
597 1783 770 1842 interfectos
784 1785 894 1843 amieos
915 1780 1086 1843 obiciendo:
1109 1781 1188 1860 quod

182 1876 282 1927 contra
297 1863 454 1925 subsidium
470 1861 545 1924 sibi?
565 1866 619 1924 nisi
630 1865 696 1944 quid
708 1864 816 1926 Bnrrus
828 1867 995 1933 etSeneoa;
1011 1883 1082 1943 quos
1090 1866 1189 1926 statim
1283 1877 1284 1932 ξ

183 1947 348 2024 acciverat,
368 1948 526 2021 incertum,
550 1950 708 2024 experiens
739 1966 775 2006 an
802 1959 830 2010 et
851 1959 918 2011 aute
949 1966 1068 2027 gnaros.
1099 1949 1188 2027 igitur

182 2032 301 2108 longum
323 2030 473 2110 utriusque
496 2031 655 2108 silentium,
682 2051 720 2093 ne
748 2035 825 2094 inriti
846 2032 1064 2112 dissuaderent,
1090 2051 1127 2094 an
1150 2051 1186 2093 eo

146 2135 172 2176 ao
182 2115 356 2176 descensum
372 2114 546 2193 credebant,
562 2122 610 2194 ut,
631 2118 686 2176 uisi
701 2119 921 2196 praeveniretur
935 2117 1115 2198 Agrippina,
1136 2136 1187 2198 pe·

181 2198 319 2261 reundum
337 2198 449 2260 Neroni
472 2210 561 2260 esset.
594 2211 660 2280 post
674 2203 788 2263 Seneca
802 2202 942 2263 hactenus
959 2205 1139 2282 promptius,
1155 2211 1191 2263 ut

179 2285 345 2363 respiceret
365 2282 486 2344 Burrum
503 2303 537 2345 ac
559 2286 766 2357 sciscitaretur,
779 2305 815 2347 au
834 2288 914 2348 militi
930 2287 1099 2366 imperanda
1120 2305 1186 2347 cae-

180 2369 233 2429 des
253 2377 342 2429 esset.
372 2368 423 2429 ille
443 2370 647 2448 praetorianos
664 2371 717 2431 tuti
737 2369 893 2432 Caesarum
911 2370 1005 2431 domui
1028 2372 1190 2432 obstrictos
1283 2423 1284 2434 ,

179 2470 384 2532 memoresque
397 2451 559 2516 Germanici
584 2453 653 2514 nibil
671 2455 812 2516 adversus
834 2457 1007 2534 progeniem
1024 2459 1086 2518 eius
1102 2465 1190 2516 atrox
1283 2465 1284 2480 ¹

145 2556 171 2596 aa
182 2554 304 2598 ausuros
317 2536 483 2617 respoudit:
502 2533 687 2616 perpetraret
708 2538 849 2600 Anicetus
865 2541 1018 2619 promissa.
1051 2542 1099 2619 qni
1115 2541 1189 2600 nibil
1283 2569 1284 2606 Τ

181 2629 331 2681 cunctatus
346 2623 444 2699 poscit
458 2639 593 2683 summam
609 2622 744 2683 sceleris.
777 2623 813 2684 ad
834 2642 897 2684 eam
912 2643 1016 2686 vocem
1032 2624 1111 2685 Nero
1133 2625 1189 2685 illo
1283 2661 1284 2668 ξ

180 2704 234 2766 sihi
257 2703 304 2764 die
326 2704 388 2767 dari
409 2706 558 2784 imperium
578 2717 786 2788 auctoremque
807 2711 877 2770 tanti
904 2710 1030 2769 muneris
1051 2709 1190 2770 libertum
1283 2709 1284 2734 ³

179 2789 347 2868 profitetur:
370 2791 426 2850 iret
445 2808 573 2870 propere
597 2791 776 2871 duceretque
797 2795 1031 2872 promptissimos
1046 2793 1081 2854 ad
1095 2795 1188 2854 iussa.
1283 2813 1284 2876 j

180 2876 245 2952 ipse
277 2870 372 2934 audito
396 2877 513 2934 venisse
541 2875 630 2936 missu
651 2875 835 2956 Agrippinae
863 2879 989 2938 nuntium
1013 2879 1189 2955 Agerinum,
1283 2885 1284 2932 ἶ

145 2974 170 3014 m
181 2975 316 3018 scaenam
331 2958 406 3018 ultro
423 2959 549 3019 criminis
563 2970 658 3038 parat,
674 2961 877 3040 gladiumque,
892 2962 957 3023 dum
972 2963 1103 3024 mandata
1117 2981 1233 3042 per-„-
1246 2961 1284 3049 J

180 3043 252 3119 iert,
277 3041 363 3102 abicit
382 3047 457 3102 inter
480 3043 572 3122 pedes
595 3046 672 3123 eius,
696 3054 753 3105 tum
774 3047 856 3125 quasi
877 3046 1064 3126 deprehenso
1087 3047 1195 3112 vinela

117 3125 120 3132 “
181 3126 247 3184 inici
270 3126 365 3205 iubet,
390 3136 420 3187 nt
436 3130 553 3189 exitium
573 3130 713 3210 principis
733 3130 861 3192 molitam
882 3141 1003 3192 matrem
1025 3142 1054 3193 et
1071 3131 1194 3212 pudore
1283 3175 1284 3178 κ

180 3209 357 3288 deprehensi
371 3211 493 3274 sceleris
509 3223 614 3292 sponte
629 3224 750 3276 mortem
766 3216 925 3296 sumpsisse
944 3218 1138 3294 contingeret.

99 3291 105 3298 ’
240 3293 269 3355 8.
291 3295 407 3356 Interim
422 3297 541 3376 vulgato
555 3299 739 3380 Agrippinae
756 3300 905 3379 periculo,
930 3303 1011 3381 quasi
1028 3320 1098 3362 casu
1115 3321 1193 3364 eve·
1283 3321 1284 3376 3

182 3377 284 3456 nisset,
300 3382 467 3460 utquisque
484 3395 657 3464 acceperat,
679 3385 835 3447 decurrere
853 3386 889 3446 ad
904 3385 980 3447 litus.
1016 3383 1045 3445 bi
1065 3385 1194 3449 molium
1283 3385 1284 3434 i

183 3457 326 3542 obiectus,
345 3464 373 3524 hi
391 3469 539 3546 proximas
552 3470 680 3551 seapbas
702 3471 858 3544 scandere;
881 3471 944 3551 alii,
966 3479 1100 3552 quantum
1118 3489 1178 3532 cor
1283 3465 1284 3546 ζ
