2510 3864
473 147 547 196 our.
570 147 702 201 ro—1a.
1023 133 1084 196 247

1 355 9 375 .
86 315 130 371 rat
151 305 232 386 (fore
254 303 329 364 enim
354 301 515 364 arbitrabar
535 311 566 364 ut
587 321 604 365 a
626 302 792 364 laudatione
814 319 914 364 eorum
936 301 1083 380 digressus

0 382 12 456 ⁶,
85 391 262 455 detrectaret
277 394 381 466 poetes
391 395 477 465 atque
488 387 644 448 carminum
659 386 781 448 studium
792 387 1009 466 prosterneret)
1024 395 1085 448 arte
1098 404 1110 444 ι

1 465 12 542 ᾗ
85 473 205 556 quadam
222 471 380 548 mitigavit,
396 468 587 532 concedendo
604 471 639 532 iis
655 471 703 550 qui
718 487 822 532 causas
838 488 927 548 agere
943 487 1000 530 non
1017 487 1084 548 pos·

84 567 167 635 seut,
186 565 217 617 ut
234 571 336 616 versus
353 553 507 615 facerent.-
526 571 583 632 ego
605 563 701 614 autem
723 553 837 614 sicutin
855 554 950 616 causis
965 552 1084 632 agendis

2 634 14 648 ²
84 643 205 703 efficere
223 637 329 719 aliquid
345 646 376 699 et
394 638 462 698 eniti
477 639 604 700 fortasse
623 655 759 718 possum,
779 638 818 698 ita
837 637 1009 701 recitatione
1029 645 1084 698 tra-

0 720 15 809 ,ζ
82 723 253 804 goedierom
273 732 303 783 et
316 721 429 800 ingredi
444 719 547 784 famam
564 722 730 802 auspicatus
750 739 827 798 sum,
850 739 914 782 oum
929 720 1042 802 quidem
1058 722 1086 781 in

81 809 200 868 Nerone
222 804 384 885 improbam
406 814 435 865 et
456 805 614 868 studiorum
636 823 754 885 quoque
775 823 860 867 sacra
886 805 1085 886 profanantem
1096 820 1120 862 ιι

3 961 4 968 p
85 892 189 954 Vatinii
211 890 369 968 potentiam
390 887 485 966 fregi,
506 897 534 950 ct
552 887 637 950 bodie
659 888 770 968 siquid
793 889 846 970 [in]
864 888 949 950 nobis
967 889 1086 950 notitiae

7 973 9 978 ‘
83 993 119 1036 ac
142 972 265 1034 nominis
289 981 350 1050 est,
375 972 469 1049 magis
488 972 614 1034 arbitror
637 973 791 1034 carminum
815 991 899 1052 quam
928 973 1087 1035 orationum

0 1049 1 1074 *
83 1057 185 1136 gloria
196 1063 318 1134 partum.
348 1073 383 1116 ac
397 1056 453 1118 iam
467 1073 514 1116 me
529 1055 689 1135 deiungere
704 1075 720 1118 a
734 1057 845 1117 forensi
861 1056 963 1118 labore
980 1056 1085 1117 consti·

81 1142 139 1218 tui,
155 1157 212 1200 nec
235 1139 385 1200 comitatus
404 1140 476 1201 istos
499 1150 528 1203 et
546 1158 685 1218 egressus
715 1149 764 1200 aut
792 1138 987 1220 frequentiam
1011 1139 1085 1200 salu·
1127 1187 1128 1190 ι

82 1221 404 1301 tantiumconcupisco‚
419 1240 477 1283 uon
491 1223 584 1300 magis
599 1241 683 1302 quam
699 1241 768 1284 aera
783 1230 813 1283 et
827 1224 987 1302 imagines,
1008 1240 1083 1303 quae
1096 1243 1120 1285 ιι

82 1309 168 1367 etiarn
187 1323 233 1365 me
250 1305 368 1366 nolente
389 1306 418 1364 in
438 1305 551 1366 domum
571 1323 665 1366 meam
683 1309 869 1383 inruperunt.
895 1324 960 1367 nam
982 1315 1086 1367 statum

1 1409 2 1414 ¹
80 1389 231 1468 bucusque
247 1405 283 1448 ac
306 1388 491 1449 securitatem
510 1388 613 1448 melius
629 1389 793 1449 innocentia
813 1396 898 1450 tueor
919 1407 1003 1469 quam
1025 1389 1085 1453 elo.-

0 1493 2 1498 ’
81 1474 215 1553 quentia,
242 1488 299 1531 nec
319 1487 427 1531 uereor
450 1488 487 1531 ne
508 1469 575 1531 mibi
594 1488 728 1550 umquam
750 1470 839 1532 verba
859 1473 888 1532 in
909 1481 1011 1535 senatu
1031 1472 1086 1532 nisi

1 1571 4 1580 ·
40 1590 43 1595 ·
82 1574 136 1638 pro
156 1555 275 1617 alterius
292 1553 456 1615 discrimine
471 1553 605 1614 faciendo
620 1556 685 1615 sint.
970 1623 971 1628 γ

1 1658 4 1666 ·
148 1638 196 1700 12.
217 1637 345 1724 Nemora
361 1656 433 1699 uero
450 1647 480 1699 et
500 1638 558 1699 luci
572 1647 602 1699 et
618 1647 764 1700 secretum
777 1638 890 1719 ipsum,
913 1636 991 1718 quod
1005 1637 1087 1716 Aper

1 1723 3 1728 ’
80 1721 272 1804 increpabat,
294 1729 400 1783 tautam
414 1721 483 1783 mibi
499 1722 632 1784 adferunt
651 1723 846 1804 uoluptatem,
865 1731 896 1783 ut
911 1723 986 1783 inter
1002 1739 1086 1801 prac-

1 1819 5 1884 ξΙ
80 1807 184 1888 oipuos
199 1805 355 1868 carminum
370 1805 481 1867 fructus
496 1824 660 1884 numerem,
679 1806 757 1886 quod
772 1824 830 1868 non
845 1807 874 1866 in
891 1807 1015 1884 strepitu
1031 1823 1087 1866 nec

1 1899 4 1914 ¹
79 1891 201 1953 sedente
219 1899 286 1952 ante
303 1891 407 1953 ostium
427 1890 577 1968 litigatore
598 1909 654 1952 nec
674 1891 749 1952 inter
770 1890 873 1952 sordes
897 1908 932 1951 ac
952 1889 1087 1952 lacrimas

79 1991 196 2034 reorum
215 1981 442 2052 componuntur,
459 1973 513 2035 sed
530 1974 643 2036 secedit
658 1976 767 2035 animus
784 1974 813 2035 in
829 1974 896 2035 loca
911 1991 984 2053 pura
1000 1983 1109 2052 atquet

79 2057 246 2118 innocentia
266 2057 426 2135 fruiturque
444 2056 563 2118 sedibus
586 2058 688 2119 sacris.
722 2058 797 2119 baec
819 2057 1004 2135 eloquentiae
1029 2057 1086 2135 pri·

78 2139 206 2220 mordia,
227 2139 303 2200 baec
321 2140 497 2218 penetralia:
516 2139 574 2202 boc
588 2141 710 2220 primurn
731 2139 829 2202 babitu
851 2141 987 2219 cultuque
1010 2155 1086 2200 oom-
1178 2157 1180 2160 ·

1 2212 3 2248 ³
78 2225 215 2290 mendata
230 2222 405 2286 mortalibus
420 2223 449 2282 in
466 2222 516 2283 illa
531 2229 610 2281 casta
627 2229 658 2283 et
672 2221 757 2282 nullis
775 2228 908 2284 contacta
927 2222 1006 2282 vitiis
1023 2239 1091 2302 pec·

1 2301 2 2304 ¹
78 2323 144 2372 tora
158 2308 288 2390 influxit3
308 2311 352 2369 sic
368 2306 483 2369 oracula
500 2304 706 2382 loquebantur.
737 2321 804 2364 nam
816 2303 952 2366 lucrosae
965 2307 1049 2368 huius
1063 2316 1092 2368 et

1 2415 2 2470 ]
79 2388 278 2466 sanguinantis
297 2387 482 2467 eloquentiae
498 2407 567 2450 usus
586 2407 690 2450 recens
707 2399 737 2450 et
751 2390 834 2450 malis
847 2389 977 2450 moribus
991 2400 1085 2469 uatus,
1096 2413 1118 2456 ιι

1 2475 2 2554 ξ
80 2481 188 2552 atque,
204 2480 235 2533 ut
250 2480 280 2534 tu
297 2469 432 2550 dicebas,
448 2471 549 2552 Aper,
563 2474 592 2532 in
606 2473 703 2535 locum
717 2473 769 2535 teli
784 2473 929 2552 repertus.
957 2482 1086 2535 ceterum

1 2569 2 2578 ¹
78 2555 151 2619 felix
162 2555 234 2617 illud
247 2564 286 2633 et,
302 2564 333 2616 ut
344 2572 426 2618 more
440 2564 541 2618 nostro
554 2555 667 2637 loquar,
684 2575 800 2618 aureum
811 2559 1006 2632 saeculum,et
1022 2575 1085 2619 ora·
1141 2595 1143 2599 -

78 2650 172 2702 torum
193 2649 222 2702 et
237 2640 385 2701 criminum
405 2640 505 2719 inops,
528 2640 625 2718 poetis
649 2650 678 2703 et
697 2640 812 2702 uatibus
832 2640 1014 2720 abundabat,
1038 2643 1086 2724 qui

78 2724 155 2786 bene
170 2724 249 2786 facta
265 2731 422 2801 canerent,
438 2741 496 2785 non
513 2725 562 2802 qui
576 2724 651 2786 rnale
666 2724 790 2786 admissa
806 2724 1005 2786 defenderent.
1030 2744 1086 2788 nec

77 2807 145 2870 ullis
160 2816 209 2869 out
219 2807 316 2886 gloria
327 2807 419 2868 maior
430 2816 478 2872 aut
492 2810 642 2886 augustior
656 2809 764 2888 honor,
781 2809 902 2887 primum
914 2811 990 2890 apud
1001 2810 1084 2890 deos,
1097 2831 1120 2871 n

77 2909 199 2972 quorum
215 2893 352 2971 proferre
367 2909 512 2972 responsa
527 2901 557 2953 ct
570 2893 716 2954 interesse
732 2892 828 2973 epulis
843 2892 1019 2973 ferebantur,
1035 2894 1091 2955 de-‘

78 2973 145 3035 iude
162 2975 239 3054 apud
258 2976 327 3038 illos
343 2975 387 3036 dis
403 2977 520 3053 genitos
544 2993 705 3058 sacrosque
718 2995 828 3056 reges,
854 2980 930 3039 inter
946 2997 1021 3057 quos
1035 2996 1084 3039 ne·

78 3059 183 3119 minem
208 3057 400 3136 causidicum,
427 3059 480 3120 sed
502 3057 619 3140 Orpbea
634 3059 771 3122 et'Linum
783 3079 835 3139 ac,
853 3061 877 3120 si
888 3061 1084 3140 introspicere

79 3139 166 3203 altius
176 3140 263 3220 velis,
277 3141 372 3219 ipsum
384 3139 553 3219 Apollinem
563 3146 740 3224 accepimus.
760 3144 809 3206 vel
825 3145 849 3204 si
862 3143 937 3205 baec
951 3145 1085 3207 fabulosa

79 3225 162 3288 abnis
175 3233 204 3285 et
214 3225 375 3305 composita
388 3223 542 3303 videntur,
562 3225 633 3289 illud
645 3236 726 3289 certe
737 3227 804 3288 milui
817 3227 975 3306 concedes,
991 3227 1083 3308 Aper,
1093 3249 1118 3288 se

79 3328 137 3372 uon
157 3308 298 3368 minorem
319 3307 461 3370 bonorem
474 3307 603 3371 Homero
627 3329 710 3391 quam
730 3310 919 3372 Demostheni
939 3309 1016 3391 apud
1030 3329 1083 3392 po·

79 3403 196 3474 steros,
217 3410 273 3453 nec
294 3391 511 3472 angustioribus
532 3395 661 3456 terminis
682 3396 784 3457 famam
803 3393 949 3473 Euripidis
965 3404 1012 3456 aut
1029 3395 1083 3454 So·
