2440 3886
162 187 201 249 12
419 195 910 246 connunrruseruunuxnnuuu

160 354 198 414 tia
213 353 348 429 iniretur,
371 362 400 412 ut
415 352 545 429 singulos
560 351 697 411 denarios
715 359 876 426 mererent,
900 359 1000 410 sextus
1020 351 1166 411 decumus

160 436 294 515 stipendii
306 453 395 496 annus
411 437 496 496 linem
512 433 656 511 adferret,
668 451 712 493 ne
728 434 800 494 ultra
821 433 875 494 sub
892 434 1007 494 vexillis
1024 443 1166 494 teneren-

126 530 221 597 totur,
242 529 288 580 set
308 520 400 580 isdem
424 522 452 578 in
473 520 575 580 eastris
596 519 752 597 praemium
774 519 897 595 pecunia
917 518 1091 578 solveretur.
1124 537 1166 578 an

160 605 324 683 praetorias
338 603 493 679 cohortes,
520 620 594 680 quae
616 601 699 662 binos
719 601 854 662 denarios
879 603 1062 681 acceperint,
1085 620 1166 680 quae

160 698 228 766 post
243 686 371 748 sedecim
387 705 476 747 annos
492 685 644 766 penatibus
659 686 719 746 suis
734 685 906 762 reddantur,
928 686 994 764 plus
1012 685 1163 764 periculo·

159 791 221 830 rum
237 767 410 848 suscipere?
430 788 488 830 non
512 769 669 830 obtrectari
692 787 709 830 a
726 787 759 829 se
777 768 902 831 urbanas
926 768 1082 828 excubias:
1105 769 1164 830 sihi

160 865 255 914 tamen
270 854 346 932 apud
361 855 613 931 horridasgentes
629 873 646 914 e
662 853 858 935 contuberniis
872 853 986 914 hostem
1001 853 1102 930 aspici.

221 935 269 998 18.
294 938 493 1018 Adstrepebat
509 938 625 1016 vulgus,
641 937 764 998 diversis
779 937 987 1014 incitamentis,
1009 937 1039 996 hi
1053 937 1160 998 verbe·

158 1041 220 1083 rum
230 1030 326 1098 notas,
341 1022 384 1082 illi
398 1023 541 1099 canitiem,
557 1022 671 1100 plurimi
682 1020 786 1082 detrita
798 1022 925 1098 tegmina
936 1030 966 1081 et
977 1021 1081 1082 nudum
1096 1039 1161 1081 eor·

160 1124 213 1184 pus
229 1104 451 1184 exprobrantes.
482 1114 630 1184 postremo
648 1122 684 1165 eo
700 1105 807 1165 luroris
816 1123 937 1182 venere,
953 1115 983 1165 ut
994 1113 1054 1164 tres
1066 1105 1160 1182 legio-

158 1207 211 1249 nes
226 1191 352 1250 miscere
368 1191 494 1250 inunum
509 1190 691 1267 agitaverint.
725 1189 839 1267 depulsi
861 1189 1069 1268 aemulatione,
1094 1191 1162 1267 quia

136 1291 232 1334 ssuae
252 1275 374 1352 quisque
389 1273 498 1350 legioni
515 1291 579 1332 eum
593 1273 734 1333 honorem
751 1271 945 1350 quaerebant,
968 1273 1026 1334 alio
1045 1282 1164 1333 vertunt

159 1366 245 1435 atque
260 1375 316 1418 una
330 1367 390 1417 tres
406 1357 518 1436 aquilas
534 1365 564 1418 et
580 1357 662 1434 signa
677 1356 838 1416 cohortium
852 1356 964 1425 locant;
987 1357 1070 1417 simul
1092 1374 1161 1416 con·

158 1450 263 1518 gerunt
284 1442 447 1520 caespites,
467 1449 617 1501 exstruunt
632 1440 775 1515 tribunal,
803 1457 860 1518 quo
884 1441 975 1518 magis
999 1442 1161 1520 conspicua

158 1525 246 1585 sedes
268 1524 355 1585 loret.
390 1524 613 1604 properantibus
637 1523 759 1584 Blaesus
777 1524 908 1600 advenit,
932 1523 1162 1603 increpabatque

159 1627 193 1668 ac
207 1609 353 1668 retinebat
372 1609 518 1684 singulos,
538 1608 685 1668 clamitans
707 1612 789 1667 ‘nr'ea
811 1609 907 1685 potius
929 1608 1021 1668 caede
1042 1607 1161 1668 imbuite

5 1733 14 1750 .
121 1712 148 1754 ro
160 1709 273 1757 manus:
291 1691 403 1752 leviore
419 1692 529 1769 flagitio
543 1691 670 1772 legatum
689 1687 868 1751 interficietis
885 1710 968 1771 quam
984 1691 1020 1752 ab
1036 1693 1161 1772 impera·

157 1785 222 1835 tore
239 1775 412 1836 desciscitis.
443 1785 491 1836 aut
504 1775 655 1835 incolumis
670 1774 755 1835 fidem
776 1774 921 1851 legionum
941 1775 1091 1852 retinebo,
1113 1787 1161 1848 aut

158 1857 303 1934 iugulatus
319 1860 520 1937 paenitentiam
535 1857 738 1919 adceleraho.’
795 1875 801 1890 ·

116 1973 118 1978 ·
220 1943 268 2002 19.
293 1942 503 2020 Aggerabatur
521 1942 610 2004 nihilo
631 1943 721 2002 minus
745 1959 870 2022 caespes
897 1944 1011 2022 iamque
1044 1944 1160 2022 pectori

162 2037 256 2100 usque
283 2023 471 2102 adcreverat,
495 2041 559 2082 oum
585 2025 699 2085 tandem
725 2028 891 2106 pervicacia
917 2027 985 2086 victi
1013 2027 1159 2106 inceptum

158 2105 294 2163 omisere.
321 2103 442 2166 Blaesus
463 2106 550 2166 multa
570 2106 684 2166 dicendi
707 2116 769 2167 arte
790 2125 847 2167 non
868 2127 922 2187 per
943 2109 1114 2171 seditionem
1130 2121 1160 2170 et

158 2185 257 2246 turbas
275 2187 419 2249 desideria
434 2190 552 2250 militum
568 2190 605 2250 ad
622 2188 779 2252 Gaesarem
796 2191 917 2254 ferenda
932 2195 981 2270 ait,
998 2213 1094 2275 neque
1108 2214 1157 2255 ve·

134 2279 238 2333 uteres
253 2270 290 2331 ab
309 2272 532 2351 imperatoribus
555 2275 660 2353 priscis
679 2293 776 2355 neque
796 2277 877 2355 ipsos
900 2296 916 2338 a
936 2277 1002 2338 divo
1022 2278 1157 2357 Augusto

157 2362 213 2414 tam
230 2372 304 2416 nova
320 2357 474 2433 petivisse;
493 2366 522 2418 et
534 2376 632 2435 parum
646 2360 818 2438 intempore
832 2361 1003 2441 incipientes
1016 2363 1157 2442 principis
1188 2389 1189 2392 ¹

144 2453 242 2498 curas
264 2439 390 2503 onerari.
424 2442 449 2500 si
473 2449 568 2500 tamen
592 2443 746 2505 tenderent
767 2445 795 2503 in
819 2463 894 2524 paee
915 2454 1056 2526 temptare
1080 2464 1156 2525 quae

156 2539 193 2579 ne
215 2521 341 2581 civilium
361 2523 477 2600 quidem
498 2524 642 2586 bellorum
663 2528 792 2588 victores
815 2530 1081 2607 expostulaverint,
1107 2549 1157 2590 cur

157 2614 258 2666 eontra
272 2605 383 2666 morem
398 2607 547 2687 obsequii,
564 2619 664 2670 contra
677 2610 722 2672 las
745 2612 916 2692 disciplinae
936 2615 993 2674 vim
1016 2615 1156 2675 mediten-

121 2709 147 2752 ro
156 2685 222 2748 turl
242 2689 436 2752 decernerent
450 2693 566 2770 legatos
581 2711 672 2772 seque
692 2713 789 2756 coram
811 2698 941 2758 mandata
963 2697 1073 2759 darent.
1107 2699 1155 2760 ad·
1208 2763 1213 2772 ,

156 2771 321 2833 clamavere
344 2783 374 2834 ut
395 2775 470 2836 lilius
491 2775 587 2845 Blaesi
609 2778 738 2839 tribunus
762 2780 909 2858 legatione
933 2799 968 2842 ea
986 2782 1156 2860 iungeretur

155 2863 328 2936 peteretque
339 2857 476 2919 militibus
486 2861 653 2922 missionem
664 2863 700 2924 ab
713 2863 842 2924 sedecim
856 2867 951 2926 annis:
969 2875 1067 2927 cetera
1079 2885 1154 2927 man·

155 2938 287 3036 daturos,
303 2921 352 3000 uffi
366 2943 458 3020 prima
477 2945 691 3022 provenissent.
732 2948 867 3026 prolecto
888 2949 993 3018 iuuene
1014 2951 1154 3011 modicum

155 3031 258 3084 otium:
279 3025 333 3085 sed
346 3026 500 3104 superbire
515 3029 618 3106 miles,
638 3031 715 3108 quod
737 3032 811 3092 lilius
833 3032 922 3110 legati
941 3042 1040 3094 orator
1062 3034 1154 3112 publi·

121 3123 210 3168 sacae
230 3125 336 3169 causae
360 3111 431 3170 satis
452 3111 622 3173 ostenderet
642 3117 818 3176 necessitate
840 3135 983 3197 expressa
1005 3135 1080 3196 quae
1103 3137 1155 3196 per

153 3191 323 3252 modestiam
339 3210 396 3253 non
411 3193 610 3256 obtinuissent.
900 3222 903 3228 ’

214 3273 265 3334 20.
279 3275 401 3345 ¹Interea
425 3279 561 3358 manipuli
584 3291 651 3342 ante
675 3294 808 3362 coeptam
828 3284 999 3346 seditionem
1021 3284 1151 3363 Naupor·

153 3364 210 3418 tum
222 3359 303 3433 missi
323 3360 360 3420 oh
376 3362 483 3424 itinera
496 3371 526 3422 et
542 3374 647 3442 pontes
666 3377 695 3428 et
716 3368 789 3428 alios
810 3387 896 3445 usus,
918 3377 1071 3448 postquam
1094 3375 1149 3428 tur-

152 3438 248 3501 batum
259 3442 287 3501 in
301 3445 402 3505 castris
416 3463 572 3526 accepere,
589 3451 695 3514 vexilla
709 3452 876 3512 convellunt
887 3451 1065 3534 direptisque
1083 3468 1148 3530 pro·
