2536 3870
486 156 561 205 car.
580 153 711 209 att—aa.
1030 145 1094 209 233
1129 111 1131 116 Ι

153 315 203 373 41.
235 311 348 374 Crebro
370 331 423 393 per
446 328 500 370 eos
520 311 583 372 dies
604 311 681 390 apud
700 311 890 374 Domitianum
912 311 1020 373 absens
1043 331 1091 372 ac·

87 403 223 473 casatus,
248 398 355 463 absens
378 395 529 456 absolutus
551 404 606 455 est.
646 413 733 456 causa
755 395 876 474 periculi
898 412 958 456 nou
983 396 1093 456 crimen

89 479 177 540 ullum
194 489 242 540 ant
258 479 387 561 querella
412 479 485 539 laesi
506 479 689 557 cuiusquam,
711 479 764 540 sed
784 479 914 539 infensus
938 478 1090 539 virtutibus

90 563 227 642 princeps
248 572 277 624 et
295 563 391 641 gloria
407 562 463 624 uiri
477 579 513 621 ac
533 564 688 640 pessimum
704 564 883 624 inimicorum
900 580 1007 640 genus,
1030 563 1089 624 lau·

88 645 197 706 dautes.
225 656 255 707 et
270 663 306 708 ca
320 647 453 708 insecuta
466 652 532 704 suut
545 647 588 705 rei
603 645 738 724 publicae
754 655 901 726 tempora,
919 663 993 725 quae
1010 647 1119 706 sileris

88 728 257 806 Agricolam
269 747 329 791 nou
344 730 486 792 sinerent:
508 735 551 788 tot
565 731 712 790 exercitus
725 731 757 790 in
770 729 884 790 blaesis
897 729 1045 807 Daciaque
1062 741 1091 789 et

86 814 237 875 Germania
260 823 290 874 et
312 813 459 874 Pannonia
480 811 643 872 temeritate
667 822 716 874 aut
739 831 793 892 per
814 814 959 890 ignaviam
988 813 1091 873 ducum

84 899 197 974 moissi,
219 905 262 956 tut
276 897 415 958 militares
429 896 486 955 vici
503 913 565 957 cum
580 904 623 956 tot
639 896 806 957 cohortibus
822 897 980 974 expugnati
998 907 1027 956 et
1042 914 1090 958 ca·

85 983 142 1058 pti;
162 997 219 1039 uec
232 980 289 1040 iam
304 978 342 1040 de
357 978 446 1040 limite
460 979 573 1058 imperii
590 989 620 1040 et
633 981 714 1059 ripa,
731 981 784 1041 sed
799 982 834 1041 de
849 981 979 1042 bibernis
992 981 1088 1058 legio·

83 1080 149 1122 num
172 1069 202 1122 et
221 1064 412 1142 possessione
429 1062 594 1128 dubitatum.
625 1064 664 1126 ita
686 1082 750 1124 cum
768 1065 870 1126 damna
891 1064 1001 1125 damnis
1016 1082 1085 1126 ron·
1097 1090 1124 1130 ss

83 1146 261 1207 tinuareatas
275 1155 362 1226 atque
384 1147 476 1208 amuis
492 1164 582 1207 annus
603 1148 752 1209 muembus
769 1158 799 1208 et
815 1147 945 1210 cladibus
966 1149 1093 1227 iusigui·'

81 1238 179 1307 retur,
208 1230 387 1310 poscebatur
407 1248 461 1291 ore
482 1231 562 1308 vulgi
589 1233 646 1292 dux
666 1231 822 1310 Agricola,
852 1232 1086 1311 comparantibus

84 1315 196 1374 cunctis
218 1313 352 1392 rigorem
374 1323 404 1375 ct
426 1315 614 1374 constantiam
637 1324 666 1374 et
688 1324 840 1393 expertum
859 1315 945 1376 bellis
966 1318 1087 1376 animum

84 1413 148 1454 cum
168 1399 272 1458 inertia
294 1405 324 1456 et
342 1397 496 1457 formidine
515 1404 615 1456 eorum
634 1397 748 1477 quidm
767 1399 923 1460 emacitas
943 1399 1089 1459 committi

83 1480 229 1540 solerent.
260 1480 364 1560 quibus
382 1479 563 1540 sermonibus
579 1481 649 1540 satis
666 1491 780 1543 coastat
797 1482 952 1542 Domitiani
970 1499 1121 1562 quoquest

82 1579 169 1623 aures
188 1562 376 1640 verberatas,
398 1563 463 1632 dum
478 1564 603 1644 optimus
618 1565 742 1644 quisque
756 1565 925 1625 libertorum
941 1581 1039 1625 amore
1057 1574 1087 1625 et

83 1646 159 1722 lide,
177 1647 295 1725 pessimi
310 1647 491 1725 malignitate
509 1648 647 1714 etiiuore
662 1666 783 1732 pronum
800 1648 996 1709 deterioribus
1009 1649 1085 1728 prin·

81 1731 1024 1897 ttmttlttlltttttttttltitillabit*
1047 1733 1086 1792 ‘i'

149 1897 202 1960 42.
223 1899 334 1964 Aderat
351 1905 406 1962 iam
425 1920 533 1978 annus,
559 1919 617 1983 quo
643 1901 880 1980 proconsulatum
902 1900 1022 1962 Africae
1045 1908 1077 1961 el

89 1984 180 2042 Asiae
191 1987 358 2062 sortiretur,
371 1994 403 2047 et
414 1988 512 2048 occiso
524 1981 625 2047 Civica
638 2003 732 2062 nuper
741 1984 965 2062 uecAgricolaa
980 1987 1080 2043 consi·

83 2071 151 2129 lium
175 2068 277 2130 deerat
302 2089 359 2131 uec
384 2071 547 2132 Domitiano
573 2072 746 2152 exemplum.
787 2089 944 2133 accessere
971 2071 1086 2149 quidam

83 2153 291 2228 cogitationum
315 2155 456 2232 principis
474 2155 577 2233 periti,
601 2157 650 2234 qui
670 2156 800 2216 iturusne
816 2164 897 2216 esset
917 2156 944 2213 ia
967 2155 1083 2234 provin-

83 2236 157 2296 ciam
171 2234 248 2294 ultro
259 2236 429 2314 Agricolam
443 2239 667 2315 interrogarent.
692 2257 728 2300 ac
739 2241 832 2317 primo
849 2239 991 2300 occultius
1004 2239 1082 2316 quie·
1096 2251 1112 2291 s

81 2330 140 2380 tem
156 2327 186 2378 et
207 2320 294 2380 otium
310 2319 444 2397 laudare,
465 2338 667 2399 manoperam
687 2339 766 2382 suam
783 2325 812 2382 iu
827 2319 1016 2400 adprobanda
1031 2338 1082 2380 ex·

2 2411 3 2422 ¹
83 2402 236 2463 cusatione
250 2403 368 2478 offerre,
385 2413 535 2482 postremo
550 2422 609 2465 nou
622 2407 678 2466 iam
692 2405 812 2466 obscuri
827 2401 983 2466 suadentes
998 2404 1083 2464 simul

81 2495 284 2566 terrentesque
306 2495 477 2566 pertraxere
498 2488 534 2549 ad
554 2487 755 2549 Domitianum.
787 2490 835 2568 qui
855 2497 973 2567 paratus
996 2489 1082 2546 simu·

2 2621 3 2624 ,
80 2569 207 2647 latione,
227 2572 256 2629 iu
275 2569 474 2647 adrogantiam
496 2573 691 2651 compositus,
715 2581 745 2633 et
765 2570 852 2632 audiit
871 2588 977 2650 preces
994 2587 1082 2631 excu-

79 2653 170 2715 santis
186 2662 226 2730 et,
244 2671 307 2716 cum
320 2653 485 2733 adnuisset,
502 2658 550 2734 agi
563 2655 617 2716 sibi
628 2658 738 2734 gratias
752 2673 857 2735 passus
872 2662 932 2731 eat,
951 2670 1007 2712 nec
1018 2671 1081 2713 ern·
1091 2670 1132 2730 sa

80 2737 141 2796 buit
161 2737 295 2798 beneficii
315 2737 430 2800 invidia.
461 2740 597 2801 salarium
615 2748 710 2800 tamen
733 2738 945 2819 proconsulare
966 2737 1083 2799 solium

80 2820 179 2881 offerri
197 2830 228 2881 et
243 2821 412 2902 quibusdam
428 2842 444 2884 a
460 2843 494 2884 se
508 2825 575 2904 ipsu
597 2840 767 2884 concessum
782 2822 944 2901 Agricolae
958 2837 1016 2902 non
1032 2823 1081 2882 de·

80 2905 136 2981 dit,
157 2907 222 2967 sive
237 2906 367 2969 offensus
381 2924 440 2968 uon
454 2909 589 2986 petitum,
609 2908 672 2968 sive
685 2926 723 2968 ex
739 2907 934 2983 couscientia,
950 2923 986 2966 ne
1004 2906 1081 2985 quod

79 2997 211 3051 vetuerat
223 2990 370 3052 rideretur
382 2993 498 3052 amisse.
520 2993 666 3072 proprium
678 2990 791 3052 humani
803 2991 912 3068 ingenii
923 2999 968 3049 est
981 2990 1080 3050 odisse

82 3087 168 3148 quem
188 3073 328 3133 laeseris:
350 3073 504 3136 Domitiani
524 3093 596 3135 vero
617 3083 716 3136 natura
732 3092 877 3154 praeceps
897 3075 926 3133 in
940 3075 1027 3148 iram,
1052 3081 1114 3134 etis

81 3168 138 3231 qno
160 3152 329 3231 obscurior,
356 3173 394 3217 ec
415 3157 653 3236 irrevocabilium
677 3156 876 3219 moderatione
896 3166 992 3217 mmen
1014 3175 1080 3234 pru·

81 3236 235 3316 dentisque
249 3236 409 3316 Agricolae
430 3240 608 3318 leniebatur,
633 3242 773 3320 quianon
789 3240 969 3302 coutumacia
985 3256 1080 3317 neque

80 3321 156 3381 inani
170 3322 325 3383 iactatione
335 3322 475 3384 libertatis
485 3324 589 3386 famam
602 3325 748 3405 fatumque
761 3323 952 3404 provocabat.
976 3323 1079 3394 sciant,

80 3403 185 3484 quibus
201 3406 290 3466 moris
311 3416 356 3467 est
369 3407 475 3468 inlicita
495 3409 607 3488 mirari,
625 3427 714 3489 posse
729 3412 815 3469 etiam
831 3407 884 3470 sub
906 3404 988 3466 malis
1003 3403 1079 3483 prin·
