2536 3870
306 204 308 218 .
390 167 496 214 meus
511 135 557 214 ιιι.
574 165 650 213 ons.
666 161 786 218 ue—as.
911 173 913 177 ’
1030 157 1089 220 149

84 325 259 388 animorum:
283 319 389 380 auxilia
413 317 556 396 edallia,
582 319 646 398 quis
669 337 725 380 neo
741 335 821 380 amor
835 322 1043 401 ueque‘odlum
1056 327 1108 386 ins

59 467 61 472 .
84 419 202 489 partes,
224 405 322 466 militia
343 403 407 464 sine
430 403 556 481 adiectu,
574 401 754 464 hortantibus
776 406 936 483 praelectis
957 410 1088 471 statima

84 492 206 555 Vitellio
228 490 409 550 desciscunt:
439 495 523 546 vetus
543 486 628 547 miles
649 486 847 548 cunctabatur.
879 489 932 550 sed
950 491 1087 572 adigente
1129 513 1134 520 ¹

84 575 252 638 Hordeonio
274 571 402 648 Flacco,
426 570 598 630 instantibus
614 569 752 649 tribunis,
781 571 854 632 dixit
867 585 1087 653 sacramentum,

83 679 141 721 non
158 659 239 719 voltu
261 673 358 734 noque
380 655 475 716 animo
497 655 567 715 satis
584 653 754 726 adfirmans;
776 663 806 715 el
821 675 884 717 oum
903 667 1004 720 cetera
1019 661 1087 721 iuris

82 743 194 804 iurandi
208 739 299 802 verba
315 739 515 818 conciperent,
530 739 705 818 Vespasiani
720 755 826 800 nornen
845 740 1021 803 haesitantes
1037 753 1084 804 aut
1097 751 1122 795 ¹⁰

79 829 298 904 levlmurmure
314 832 344 882 et
359 822 531 903 plerumque
546 823 663 882 silentio
678 824 918 886 transmittebant.

141 910 191 972 32.
213 909 321 970 heatae
334 906 438 967 deinde
457 923 511 985 pro
531 907 668 967 contione
689 907 832 986 epistulae
847 907 964 970 Antonii
986 911 1022 972 ad
1038 911 1085 973 Gl-

77 996 169 1055 vilem
192 993 376 1070 suspiciones
402 989 521 1050 militum
547 992 717 1068 inritavere,
751 1001 893 1072 tamquam
915 995 950 1054 ad
975 997 1087 1056 socium

78 1078 204 1157 partium
226 1075 354 1154 scriptae
376 1075 462 1136 etde
484 1073 655 1136 Germanico
678 1078 808 1136 exercitu
830 1076 984 1138 hostiliter.
1017 1097 1086 1139 mox

77 1161 184 1223 adlatis
205 1157 364 1222 Geldubam
385 1160 413 1218 in
436 1168 531 1218 castra
552 1160 657 1219 mundis
673 1159 775 1220 eadem
796 1159 873 1220 dicta
887 1161 1036 1241 iactaque,
1056 1173 1086 1223 et

76 1248 186 1306 missus
213 1261 277 1304 oum
302 1242 442 1304 mandatis
468 1243 620 1304 hlontanus
647 1242 683 1303 ad
707 1241 845 1321 Civilem,
873 1254 905 1305 ut
927 1245 1108 1306 absisterett

75 1329 159 1390 bello
182 1345 258 1388 neve
278 1335 399 1388 externa
422 1328 509 1388 armis
524 1326 607 1388 falsis
627 1327 756 1387 velaret:
774 1328 799 1386 si
814 1329 1026 1405 Vespasianum
1043 1331 1084 1388 iu·

74 1411 315 1490 vareadgressus
327 1411 414 1487 loret,
430 1411 501 1470 satis
513 1410 619 1470 iactum
634 1412 758 1489 coeptis.
782 1411 818 1470 ad
833 1428 867 1471 ea
876 1409 977 1471 Civilis
991 1415 1084 1492 primo

74 1495 201 1559 callide:
216 1503 286 1574 post
301 1493 350 1554 ubi
365 1493 446 1554 videt
459 1493 625 1554 hloutenum
639 1494 844 1572 praeferocem
865 1495 983 1572 ingenio
1000 1487 1083 1575 para·

72 1593 196 1659 tumque
211 1581 239 1638 in
253 1597 302 1638 res
317 1595 426 1653 nevas,
448 1595 534 1638 orsus
555 1585 690 1656 aquestu
709 1577 907 1656 periculisque
930 1596 1005 1657 quae
1030 1597 1084 1657 per

74 1665 206 1744 quinque
239 1672 270 1722 et
294 1663 395 1740 viginti
419 1677 510 1723 annos
536 1661 566 1720 in
593 1661 697 1721 eastris
722 1661 862 1722 Romanis
887 1662 1082 1740 exhausisset,
1093 1670 1119 1712 1⁰

72 1748 254 1825 ‘egregium’
270 1748 361 1824 inquit
376 1746 513 1825 ‘pretium
528 1744 661 1806 laborum
678 1745 796 1824 recepi,
821 1762 925 1804 necem
941 1746 1038 1805 fratris
1054 1755 1084 1805 et

70 1829 194 1892 vincula
214 1847 278 1890 mea
296 1837 325 1889 et
340 1830 525 1890 saevissimae
539 1829 622 1890 huius
643 1828 790 1888 exercitus
806 1845 908 1905 voces,
925 1827 1029 1907 quibus
1046 1829 1083 1890 ad

69 1914 251 1994 supplicium
270 1914 378 1992 petitus
395 1914 458 1974 iure
473 1913 601 1990 gentium
616 1929 728 1990 poenas
741 1929 895 1992 reposco..
916 1929 971 1972 vos
988 1921 1083 1974 autem

68 2000 199 2062 Treveri
211 2007 387 2077 ceteraeque
401 1997 585 2057 servientium
598 1997 717 2074 animas,
732 1995 815 2074 quod·
826 1997 982 2074 praemium
997 1995 1083 2055 effusi

69 2083 184 2145 totiens
195 2081 345 2159 sanguinis
355 2081 519 2160 expectatis
531 2079 585 2139 nisi
601 2080 741 2157 ingratam
756 2078 902 2154 militiam,
915 2078 1079 2139 inmortalia
1092 2091 1117 2134 ιι

69 2165 191 2243 tributa,
206 2167 316 2243 virgas,
334 2182 456 2225 secures
473 2173 502 2224 et
517 2164 695 2224 dominorum
711 2160 850 2240 ingenia?
866 2180 902 2222 en
918 2179 976 2239 ego
995 2179 1081 2241 prae·

68 2254 171 2313 iectus
186 2250 269 2309 unius
284 2248 413 2310 cohortis
430 2257 458 2309 et
477 2246 684 2308 Canninefates
701 2245 871 2325 Batavique,
889 2247 996 2322 exigua
1015 2243 1081 2306 (ial-

68 2338 177 2400 liarom
200 2335 313 2413 portio,
342 2351 416 2394 vana
440 2332 491 2392 illa
510 2340 669 2390 castrorum
699 2331 792 2409 spatia
818 2330 1008 2406 exscidimus,
1032 2329 1094 2410 vel

69 2426 178 2496 saepta
193 2419 273 2478 ierro
290 2417 425 2496 fameque
440 2417 607 2496 premimus.
641 2413 763 2492 denique
786 2431 873 2474 ausos
895 2422 943 2473 aot
959 2409 1081 2473 libertas

71 2509 224 2580 sequetur,
244 2510 292 2562 aut
303 2502 372 2561 victi
388 2501 465 2561 idem
480 2501 611 2560 erimus!
626 2498 669 2558 sic
690 2515 860 2574 accensum,
876 2496 930 2556 sed
945 2496 1081 2556 molliora
1089 2507 1116 2550 so

69 2585 189 2648 referre
207 2587 315 2646 iussum
331 2585 458 2645 dimittit:
478 2584 528 2644 ille
544 2591 573 2643 ut
591 2583 691 2661 inritus
703 2580 861 2659 legationis
877 2581 962 2658 redit,
982 2589 1082 2640 cetere

70 2671 269 2746 dissimulans,
283 2683 360 2748 quae
375 2686 444 2729 mox
461 2685 597 2747 erupere.
728 2692 731 2694 ·

136 2754 188 2818 33.
203 2752 318 2830 ἱ(ἓίιῑῙίι
334 2761 418 2832 parte
432 2753 582 2832 copiarum
597 2758 711 2811 retenta
726 2759 880 2810 veteranas
897 2748 1036 2809 cohortes
1052 2757 1088 2808 et

71 2838 151 2916 quod
168 2857 185 2898 e
201 2837 350 2900 Germanis
367 2837 489 2897 maxime
505 2843 669 2913 promptum
684 2833 823 2895 adversus
835 2834 980 2898 Voculam
996 2775 1195 2892 exer-&N

71 2923 219 3000 citumque
236 2922 297 2980 eius
313 2921 406 2998 mittit,
421 2921 494 2981 lulio
509 2919 637 2986 Maximo
651 2927 680 2978 et
695 2916 817 2983 Claudio
832 2918 972 2994 Victore,
995 2934 1079 2976 soro·

70 3005 114 3062 ris
130 3022 201 3064 suae
216 3004 292 3080 filio,
311 3004 441 3064 ducibus.
471 3004 587 3084 rapiunt
601 3003 630 3062 in
645 3003 765 3063 transitu
779 3001 901 3077 hiberna
916 3001 980 3062 alae
994 2999 1078 3060 Asci·

72 3085 175 3162 hurqii
186 3089 256 3155 sita;
275 3087 407 3166 adeoque
423 3087 564 3166 inprovisi
578 3095 674 3147 castra
691 3085 881 3161 involavere,
903 3094 935 3145 ut
956 3102 1013 3145 non
1030 3082 1104 3143 ad·⁶
1124 3075 1131 3086 ’

72 3166 171 3245 loqui,
192 3187 250 3230 nou
274 3170 402 3248 pandere
429 3173 522 3231 aciem
543 3170 659 3232 Vocula
682 3171 824 3250 potuerit:
849 3169 877 3229 id
892 3169 985 3228 solum
1001 3177 1033 3226 ut
1050 3168 1080 3226 in

73 3251 192 3312 tumultu
219 3253 342 3331 monuit,
373 3253 551 3332 subsignano
573 3255 663 3314 milite
690 3253 785 3314 media
817 3253 940 3312 llrmare.
973 3249 1081 3311 auxilia

75 3335 184 3410 passim
204 3337 377 3398 circumfusa
391 3346 467 3397 sunt.
497 3355 588 3418 eques
608 3339 757 3417 prorupit,
778 3345 980 3414 exceptusque
1003 3351 1080 3393 oom-

72 3421 180 3496 positis
201 3421 326 3482 hostium
347 3421 495 3482 ordinibus
516 3431 601 3499 terga
621 3422 651 3480 ln
669 3437 739 3481 suos
753 3421 849 3480 vertit.
881 3416 988 3478 caedes
1002 3415 1080 3492 inde,
