2568 3870
419 169 523 216 nunna
537 171 583 218 vv.
608 169 683 218 cnr.
701 167 803 221 8-14.
1056 157 1115 218 139

101 349 146 392 ne
162 332 195 390 in
209 329 274 407 ipsa
292 325 365 384 urbe
380 325 567 403 conspectior
581 343 659 386 mors
674 326 769 399 ioret,
793 326 828 386 ad
844 325 1114 405 quadragensimum
1127 341 1151 381 rs

102 414 146 474 ab
166 411 240 472 urbe
255 409 380 488 lapidem
392 407 490 487 Appia
505 411 551 469 via
566 410 631 470 iuso
646 428 700 489 per
714 428 804 470 venas
820 411 959 488 sanguine
974 411 1115 485 extingui·

104 509 169 557 tor.
199 494 289 556 lulius
302 493 418 554 Priscus
431 495 639 571 praetoriarum
655 493 708 554 sub
723 494 843 555 Vitellio
856 494 1016 555 cohortium
1032 511 1114 572 prae·
1164 526 1166 529 ·

104 583 210 641 iectus
226 597 258 638 se
270 579 335 655 ipse
346 576 506 653 interfecit,
520 577 632 655 pudore
646 578 739 655 magis
751 595 835 656 quam
847 579 1034 638 necessitate.
1064 577 1115 636 hl·

104 668 198 726 ieuus
214 664 310 721 Varus
327 661 461 738 ignaviae
477 660 670 739 infamiaeque
692 679 761 722 suae
781 662 934 740 superfuit.
967 661 1116 722 Asiaticus

104 747 151 822 (is
180 748 257 805 enim
282 744 529 823 libertus)malam
541 745 806 822 potentiamservili
818 746 963 824 supplicio
976 747 1114 823 expiavit.
1125 759 1151 797 2⁰

175 829 225 890 12.
246 829 342 890 isdem
368 827 470 888 diebus
497 829 732 889 crebrescentem
757 829 847 890 eladis
866 829 1055 900 Germanicae
1074 828 1115 890 ia·

105 933 187 984 mam
202 930 384 992 nequaquam
399 921 508 972 maesta
524 913 626 973 civitas
641 913 818 992 excipiebam
836 929 941 974 caesos
958 915 1115 988 exercitus,
1203 979 1204 984 η

109 1007 201 1076 capta
223 997 371 1074 legionum
388 995 523 1074 hiberna,
546 996 708 1057 descivisse
724 997 846 1074 Gallias,
864 1015 921 1058 non
938 1006 968 1057 ut
982 997 1058 1057 mala
1073 997 1116 1056 lo·

109 1081 286 1160 quebantur.
319 1080 347 1140 id
365 1078 473 1140 bellum
492 1081 593 1160 quibus
616 1083 711 1141 causis
727 1090 835 1157 ortum,
858 1091 965 1162 qnanto
982 1089 1116 1141 externa·

110 1183 177 1223 rum
195 1165 398 1242 sociarumque
413 1167 540 1240 gentium
560 1175 638 1224 motu
655 1165 833 1242 flagraverit,
849 1165 933 1224 altius
950 1164 1139 1244 expediamt

109 1249 230 1324 Batavi,
247 1247 340 1308 donec
358 1257 437 1308 trans
453 1247 584 1309 Rhenum
600 1248 740 1327 agebant,
756 1266 825 1326 pars
841 1247 1024 1324 Chattorum,
1041 1247 1115 1307 sedi·

111 1335 194 1392 tione
218 1331 378 1392 domestica
402 1331 477 1410 pulsi
503 1341 630 1392 extrema
652 1332 780 1393 Gallicae
802 1350 872 1392 orae
893 1349 984 1392 vacua
1000 1329 1135 1392 cultori

111 1417 186 1493 bus,
206 1415 348 1492 simulque
365 1414 492 1474 insulam
514 1418 591 1474 iuxta
613 1418 697 1476 sitam
714 1432 916 1494 occupavere,
937 1433 1021 1494 quana
1038 1431 1116 1474 mare

113 1499 249 1559 Oceanus
265 1516 282 1559 a
299 1498 413 1574 ironte,
427 1498 545 1558 Rhenus
560 1500 650 1558 amnis
664 1509 779 1574 tergum
793 1516 829 1559 ao
841 1498 932 1558 latera
947 1496 1115 1556 circumluit.

42 1585 47 1590 “
112 1600 171 1641 nec
187 1581 291 1660 opibus
304 1582 459 1656 Romanis,
485 1583 628 1642 societate
644 1581 830 1656 validiorum,
850 1580 945 1641 adtriti
961 1584 1040 1640 viros
1056 1589 1115 1640 tan·
1128 1591 1151 1632 ¹⁰

113 1677 174 1725 tum
189 1682 324 1742 armaque
339 1666 462 1743 imperio
479 1665 653 1742 ministrant,
674 1665 721 1725 diu
736 1665 916 1725 Germanicis
928 1665 1015 1742 bellis
1031 1683 1116 1724 exer-

115 1750 181 1825 citi,
200 1765 269 1808 mox
291 1757 374 1808 aucta
396 1766 450 1826 per
467 1747 640 1808 Britanniam
656 1749 767 1826 gloria,
788 1750 963 1808 transmissis
979 1747 1049 1806 illue
1067 1765 1116 1808 co-

115 1831 263 1906 hortibus,
289 1849 361 1909 quas
375 1841 477 1892 vetere
498 1833 624 1892 instituto
641 1831 810 1892 nobilissimi
827 1832 1009 1911 popularium
1028 1847 1116 1907 rege·

114 1918 192 1976 bant.
225 1923 287 1974 erat
310 1919 339 1974 et
356 1916 433 1977 domi
448 1915 580 1975 delectus
596 1933 703 1993 eques,
730 1915 891 1994 praecipuo
907 1915 994 1976 nandi
1007 1914 1116 1983 studim

115 2017 193 2060 arma
211 2015 364 2078 equosque
378 2001 507 2060 retinens
521 2000 644 2075 integris
656 2001 754 2058 turmis
768 1999 899 2060 Rhenum
916 2016 1115 2078 perrumpere.
1126 2015 1151 2055 rs

179 2081 227 2144 13.
247 2082 455 2143 IuliusPaulus
476 2091 505 2142 et
524 2081 613 2142 lulius
629 2082 730 2143 Civilis
751 2083 833 2160 regia
857 2085 948 2162 stirpe
963 2081 1053 2142 multo
1069 2100 1116 2140 ce·

117 2177 197 2226 teras
221 2165 374 2227 anteibant.
415 2166 532 2226 Paulum
553 2164 693 2226 Fonteius
717 2165 822 2245 (lapito
850 2166 925 2226 laiso
945 2165 1117 2226 rebellionis

118 2251 235 2312 crimine
250 2251 412 2318 interiecit;
430 2251 554 2311 iniectae
570 2247 655 2310 Givili
672 2260 809 2327 catenae,
827 2251 990 2330 missusque
1005 2249 1042 2309 ad
1058 2248 1116 2308 Ne-

116 2351 217 2396 ronem
245 2343 310 2394 eta
339 2333 429 2395 Galba
450 2334 600 2395 absolutus
625 2335 678 2395 sub
700 2335 819 2394 Vitellio
842 2353 942 2394 rursus
963 2333 1118 2395 discrimen

117 2419 199 2496 adiit,
213 2418 371 2496 'flagitante
394 2419 566 2498 supplicium
587 2421 650 2480 cius
673 2419 820 2480 exercita:
851 2418 918 2478 inde
935 2435 1040 2478 causae
1058 2419 1149 2478 ira-s¹

117 2521 177 2562 rum
200 2520 328 2583 spesque
352 2521 390 2562 ex
411 2501 493 2563 milis
514 2504 631 2564 nostris.
668 2504 721 2565 sed
737 2501 839 2564 (livilis
861 2502 934 2562 ultra
953 2520 1037 2582 quam
1053 2501 1117 2562 bar-

118 2588 194 2647 baris
209 2586 324 2646 solitum
341 2587 459 2664 ingenio
477 2587 601 2664 sollers,
617 2597 647 2648 et
662 2585 821 2648 Sertorium
834 2605 866 2648 se
883 2596 930 2648 aut
945 2585 1117 2647 Annibalem

118 2673 215 2732 ierens
230 2670 316 2730 simili
331 2672 391 2731 oris
406 2670 678 2749 dehonestamento,
694 2691 731 2732 ue
746 2681 777 2731 nt
790 2670 867 2732 hosti
885 2670 1001 2732 obviam
1015 2671 1116 2743 iretur,

119 2756 171 2814 sia
187 2755 296 2833 populo
313 2755 445 2815 Romano
461 2755 555 2834 palam
571 2756 760 2833 descivisset,
775 2755 948 2838 Vespasiani
965 2755 1116 2814 amicitiam

120 2839 298 2918 studiumque
316 2840 436 2918 partium
453 2840 623 2919 praetendit,
639 2841 734 2900 missis
749 2857 820 2901 sane
835 2839 871 2900 ad
890 2859 954 2900 eum
962 2838 1047 2900 Primi
1057 2837 1115 2921 Aa·
1128 2854 1154 2894 ro

120 2924 188 2982 tonii
203 2923 314 2999 literis,
331 2922 433 3001 quibus
447 2922 838 2984 avertereaccitaallitellio
849 2921 957 2983 auxilia
971 2933 1000 2984 et
1016 2921 1117 2983 tumul·

121 3017 164 3066 tos
184 3004 345 3066 Germanioi
366 3009 467 3085 specie
492 3008 794 3086 retentareleqn‘ones
817 3007 978 3068 iubebatur.
1016 3005 1118 3066 eadem

122 3088 301 3150 llordeonius
313 3089 439 3152 Flaccus
459 3110 601 3171 praesens
621 3101 786 3168 monuerat,
803 3091 945 3164 =inclinato
960 3093 989 3150 in
1004 3091 1117 3167 Vespa·

123 3174 228 3231 sianum
244 3174 337 3234 animo
353 3182 383 3234 et
399 3175 443 3234 rei
459 3174 594 3254 publicae
611 3196 694 3254 cura,
713 3177 758 3236 oui
774 3176 917 3237 excidium
933 3172 1117 3246 adventabat,
1185 3174 1188 3179 ’

123 3258 146 3317 si
164 3256 387 3335 redintegratum
409 3257 517 3319 bellum
540 3269 569 3320 et
590 3270 633 3320 tot
654 3268 827 3322 armatorum
845 3260 923 3320 mulia
944 3257 1054 3318 ltaliam
1077 3258 1117 3315 in·
1131 3275 1153 3312 n

122 3342 274 3421 rupissent.

78 3445 84 3456 ’
183 3428 230 3488 14.
255 3425 347 3505 igitur
368 3427 470 3490 ctvttts
495 3430 678 3492 desciscendi
702 3439 819 3505 certus,
844 3425 989 3489 occultato
1006 3422 1118 3483 iuterim
