2540 3874
434 162 539 209 ursan
550 151 599 208 tu.
617 161 691 210 ese.
705 159 825 214 12-16-
1084 147 1123 210 85

124 319 231 379 curiam
248 334 339 378 voees
355 315 556 378 audiebantur:
573 333 630 377 non
644 325 858 394 temperaturos
872 315 1018 392 manibus,
1034 317 1060 377 si
1074 335 1123 396 pe·

124 412 195 462 trum
215 401 374 462 sententias
397 401 548 461 evasisset.
592 399 765 480 effigiesque
782 387 900 461 Pisonis
925 408 1072 462 traxerant
1096 401 1159 460 in1t
1224 445 1228 454 .

124 485 278 547 Gemonias
295 503 330 546 ae
345 483 542 561 divellebant,
565 486 593 544 ni
613 485 697 544 iussu
708 485 851 565 principis-
868 493 1018 565 protentae
1037 502 1122 564 repo·

124 569 256 649 altaeque
272 569 377 629 forent.
406 569 493 648 igitur
506 569 613 630 inditur
632 568 761 629 leetteae
779 577 812 628 et
832 587 849 630 a
872 568 986 630 tribuno
1007 577 1122 648 praeto·

122 655 184 715 riae
203 652 332 714 cohortis
354 652 494 715 deductus
518 661 581 728 est,
605 653 686 714 vario
708 669 841 730 rumore,
865 660 963 714 eustos
984 652 1070 713 saluti
1088 671 1123 713 au

106 739 228 809 ‚mortis
239 743 366 798 exaetor'
377 745 560 817 sequeretur.

173 823 234 883 lt.
259 820 368 882 Eadem
385 821 538 882 Plancinae
556 821 677 896 invidia,
697 819 788 879 maior
811 821 921 898 gratim
947 837 1042 901 eoque
1065 839 1125 880 am·

120 906 236 988 biguum
259 905 420 967 habebatur
441 913 578 984 quantum
594 902 717 965 Caesari
739 903 768 962 iu
792 921 856 964 eam
880 905 993 964 liceret
1035 915 1122 984 atque

9 1009 10 1014 ¹
119 991 195 1071 ipsa,
212 989 308 1050 donee
325 990 437 1050 mediae
454 989 554 1050 Pisord
566 983 647 1070 epea,
664 989 774 1048 soeiarn
789 1005 822 1048 se
839 988 1043 1068 euiuseumque
1063 989 1122 1049 ior·

119 1083 207 1136 tunae
220 1081 259 1150 et,
280 1075 305 1134 si
320 1075 360 1135 ita
375 1074 475 1150 ferret,
492 1075 624 1136 tomitem
641 1072 720 1133 exitii
735 1072 935 1151 promittebat:
953 1082 985 1133 at
998 1073 1123 1134 seeretis

118 1158 270 1237 Augustae
286 1157 423 1238 preoibus
438 1159 551 1218 veniam
565 1155 696 1233 obtinuit,
712 1157 849 1235 paulatim
863 1158 1016 1235 segregari
1031 1173 1047 1217 a
1063 1169 1145 1216 mat

118 1245 186 1320 rito,
206 1241 337 1303 dividere
353 1241 553 1303 defensionem
571 1242 679 1320 eoepit.
713 1241 791 1318 quod
812 1259 879 1301 reus
897 1249 1049 1319 postquam
1066 1240 1122 1300 eibi
1186 1272 1192 1284 ι

68 1341 73 1350 ’
119 1325 271 1388 exitiabile
285 1325 446 1404 intellegit,
462 1343 497 1386 au
513 1324 605 1386 adhue
628 1327 814 1406 experiretur
830 1323 980 1401 dubitans,
1006 1325 1121 1385 hortan-

118 1411 196 1472 tibus
228 1410 294 1470 liliis
325 1410 412 1472 durat
433 1418 558 1470 mentem
584 1417 773 1488 senatumque
803 1426 916 1470 rursum
945 1407 1121 1487 ingreditur3

117 1494 403 1574 redintegratamque
420 1493 653 1569 aecusationem,
675 1493 806 1554 infensae
819 1501 931 1572 patrm
946 1507 1057 1568 voees,
1073 1491 1121 1554 ad·

117 1593 207 1638 versa
221 1587 251 1638 et
266 1593 354 1639 saeta
370 1587 473 1640 cuneta
490 1591 666 1658 perpessus,
687 1576 767 1655 nullo
785 1576 882 1654 magia
900 1576 1059 1637 exterritus
1077 1583 1122 1635 eat
1133 1581 1156 1624 1⁰

119 1677 203 1742 quam
220 1661 300 1741 qood
313 1661 460 1723 'liberium
475 1663 538 1723 siue
558 1661 762 1736 miseratione,
783 1660 848 1720 sine
867 1660 925 1736 ira,
949 1659 1126 1719 obstinatum,

120 1746 308 1825 clausumque
320 1745 400 1822 ridie,
417 1763 453 1806 ne
469 1762 528 1826 que
542 1745 659 1806 adieolu
674 1752 919 1824 perrumperetur.
949 1742 1058 1804 relatus
1071 1742 1120 1804 do·

116 1845 204 1906 marn,
220 1835 363 1910 tamquam
379 1829 580 1892 defensionem
597 1831 626 1889 in
642 1838 793 1910 posterum
806 1827 1121 1906 meditatuum-pauca

112 1913 278 1976 'consonabit
293 1913 490 1994 obsignatque
505 1923 537 1975 et
556 1911 665 1974 lirerto
681 1911 782 1982 tradit:
805 1922 862 1973 turn
885 1911 970 1973 solita
994 1910 1120 1972 eurardo

118 1999 237 2078 torpori
255 2000 435 2078 exsequitur,
470 1999 536 2059 dein
551 1998 666 2058 multam
683 2005 891 2076 potententem,
908 2011 1031 2073 egressa
1042 1993 1119 2056 outt-
1130 2011 1155 2053 re

118 2082 186 2143 erlo
202 2100 306 2159 uxore,
325 2083 435 2162 operiri
450 2083 531 2145 iores
545 2082 644 2152 iussim
666 2090 696 2141 et
721 2087 828 2160 ‘eoepta
843 2080 909 2140 luee
925 2079 1063 2158 perioseo
1080 2079 1121 2138 iu·

9 2261 10 2268 ¹
116 2165 199 2245 gulo,
216 2168 330 2228 iacente
344 2167 421 2226 humi
436 2165 545 2245 gladio,
561 2174 696 2246 repertus
713 2174 771 2224 est.

184 2253 232 2314 ld.
260 2250 368 2312 lutire
384 2251 559 2311 mememiui
575 2268 613 2310 ex
631 2248 796 2310 senioribus
811 2249 902 2308 risum
917 2247 1034 2325 saepius
1048 2245 1122 2306 inter

116 2349 216 2395 marrus
233 2335 347 2396 Pisonis
360 2333 500 2415 libellum,
520 2351 606 2414 quem
621 2334 686 2412 ipae
701 2349 762 2393 nou·
779 2331 956 2411 vulgaverit3
979 2329 1032 2390 sed
1053 2328 1120 2388 arni·

117 2431 171 2480 oo's
186 2420 249 2480 eius
267 2419 458 2496 dictitarisse,
477 2419 577 2481 literas
593 2416 702 2478 'liberii
717 2426 746 2478 et
766 2416 898 2478 mandata
923 2415 953 2474 iu
974 2413 1120 2475 (immani-

116 2517 182 2564 eurn
197 2503 350 2586 tertineri,
366 2521 401 2564 ae
414 2502 585 2564 destinatum
598 2517 735 2582 promere
747 2501 823 2582 apud
834 2509 934 2580 patrea
946 2497 1119 2578 prinoipem-

115 2603 175 2666 que
190 2601 333 2665 anguem,
359 2589 390 2648 ni
408 2588 508 2649 elusus
531 2606 548 2648 a
570 2587 679 2648 Seiano
700 2603 755 2664 per
771 2598 844 2647 seua
868 2583 1010 2664 promissa
1027 2581 1144 2647 iorem

114 2686 172 2732 nee
186 2671 266 2733 iiluna
281 2681 386 2751 sponte
403 2673 570 2747 extinctum,
586 2685 687 2731 verum
702 2670 821 2730 inmisso
832 2683 1019 2748 pereussore.
1048 2681 1119 2744 quo·

114 2772 178 2815 rum
201 2764 333 2816 nentrum
353 2753 604 2820 adseveraverit:
634 2771 730 2833 neque
753 2763 849 2815 tamen
871 2750 1011 2814 oeeulere
1035 2746 1121 2809 debui

114 2841 261 2900 narratum
277 2837 313 2900 ab
328 2839 364 2899 lie
380 2841 571 2918 palaestram
586 2839 622 2900 ad
638 2840 781 2899 iuventam
796 2837 980 2899 duraverunt
1010 2830 1121 2894 Caesar
1172 2904 1175 2907 ι

114 2923 196 2984 dexo
211 2923 241 2984 in
254 2925 425 2984 maestitiam
440 2939 496 2984 ore
514 2941 593 2984 suam
618 2921 750 2982 invidiam
775 2922 826 2984 tali
845 2929 939 2981 morte
959 2917 1120 2999 quaesitam

114 3007 200 3086 apud
209 3016 340 3068 senarum
354 3014 539 3088 conquestus
552 3005 601 3069 ll:
615 3005 757 3068 Pisonem
771 3003 883 3069 ooeort'
896 3002 980 3066 tutet
994 3000 1155 3086 crebris-1⁰

9 3075 17 3099 ⁵
115 3106 175 3172 qne
191 3090 467 3170 interrogationibus
484 3091 628 3172 exquirit,
649 3090 763 3170 qualern
782 3089 849 3150 l’iso
864 3089 941 3150 diem
955 3103 1120 3166 supremum

115 3184 294 3254 noctemque
311 3175 470 3253 exegisset.
501 3185 588 3255 atque
605 3173 658 3236 illo
678 3175 820 3254 pleraque
842 3174 1006 3252 sapienter,
1032 3185 1119 3247 quae-

114 3259 181 3320 dam
195 3259 387 3320 intonsultins
398 3259 612 3340 respondente,
632 3259 738 3324 recitat
759 3257 912 3318 codicillos
938 3253 1076 3316 al’iaoue
1092 3251 1120 3308 in
1208 3234 1222 3265 ”

114 3343 193 3405 hune
207 3342 299 3404 imme
313 3341 429 3404 modum
444 3343 638 3424 oompositos:
655 3341 889 3421 ‘eompiratiorre
900 3337 1079 3401 inimieomm
1091 3341 1121 3392 et

115 3426 223 3489 invidie
237 3426 305 3487 ialsl
319 3427 444 3489 oriminis
459 3444 632 3507 oppressas,
649 3435 790 3508 qnatenus
804 3423 919 3484 veritati
935 3429 965 3480 et
982 3419 1118 3478 inuooeu·
1131 3441 1155 3479 m
