2546 3872
479 171 585 218 nmen
600 172 622 219 1.
644 155 719 220 csr'.
736 169 857 225 ao—as
1069 161 1089 220 j
1129 165 1167 226 13

156 325 305 384 luventam
321 321 442 385 Othonis
458 326 679 404 computantium
696 337 884 405 persuaserat
899 328 964 389 lore
983 337 1013 389 ut
1029 331 1058 389 in
1076 329 1166 410 impe·

155 409 230 468 riom
246 406 470 468 adscisceretur.
500 409 553 469 sed
571 408 646 470 Otho
662 418 805 489 tamquam
828 413 931 490 peritia
957 421 986 473 et
1001 415 1110 474 monitu
1125 415 1167 474 la·
1178 425 1203 466 1⁵

154 501 252 552 torum
268 489 417 570 praedicta
433 491 610 572 accipiebat,
627 495 762 572 cupidine
777 497 886 574 ingenii
902 495 1015 556 humani
1027 496 1168 565 libentius

155 574 282 637 obscura
305 573 453 636 credendi.
489 593 545 638 nec
566 576 666 637 deerat
683 577 884 657 Ptolemaeus,
912 581 970 640 iam
991 589 1021 642 et
1045 581 1168 644 sceleris

153 661 327 737 instinctor,
343 659 379 720 ad
394 660 471 740 quod
487 661 625 722 facillime
640 661 675 720 ab
692 664 754 722 eius
772 663 851 724 modi
868 672 937 724 voto
955 666 1103 726 transitur.

219 742 269 805 23.
294 743 351 804 Sed
367 743 489 816 sceleris
506 746 645 822 cogitatio
661 745 800 806 incertum
816 765 851 806 an
869 765 994 826 repens:
1010 749 1101 810 studia
1116 749 1166 808 mi·

153 827 235 888 litum
250 829 306 888 iarn
322 827 434 908 pridem
456 846 509 908 spe
532 830 729 912 successionis
751 839 799 890 ant
814 839 916 909 paratu
931 831 1069 893 facinoris
1085 832 1166 892 adle-

154 921 304 988 ctaverat,
329 912 358 971 in
372 912 491 990 itinere,
512 913 540 970 in
556 913 687 990 agmine,
709 916 737 972 in
753 913 926 975 stationibus
942 918 1165 977 vetustissimum

155 1012 300 1074 quemque
321 995 439 1056 militum
461 998 577 1068 nomine
595 1013 706 1057 vocans
723 1015 763 1069 ao
784 998 924 1062 memoria
939 997 1098 1060 Neroniani
1116 1017 1165 1061 co·

86 1117 88 1122 ·
154 1080 268 1138 mitatus
293 1077 519 1140 contubernales
540 1079 733 1159 appellando;
758 1081 833 1142 alios
853 1075 1056 1160 adgnoscere,
1079 1094 1188 1163 quest

155 1163 220 1222 darn
238 1163 396 1242 requirere
408 1173 438 1223 et
458 1166 582 1242 pecunia
604 1173 652 1224 aut
667 1167 761 1242 gratia
786 1167 903 1243 iuvare,
925 1167 1084 1227 insonando
1102 1185 1165 1228 sae·

152 1247 218 1326 pius
234 1246 380 1325 querellas
398 1255 427 1306 et
443 1247 595 1326 ambiguos
615 1248 653 1308 de
668 1247 760 1310 Galba
776 1247 929 1309 sermones
952 1268 1088 1331 quaeque
1111 1250 1167 1311 alia

150 1330 332 1390 turbamenta
346 1329 436 1409 volgi.
469 1330 589 1392 labores
603 1333 748 1408 itinerum,
765 1333 863 1412 inopia
879 1344 1100 1411 commeatuum,
1116 1334 1166 1395 du·
1239 1362 1241 1379 ι

149 1415 217 1476 ritia
231 1415 345 1492 imperii
360 1416 487 1474 atrocius
507 1415 743 1494 accipiebantur,
761 1434 825 1476 curn
843 1414 1019 1497 Campaniae
1036 1418 1120 1479 lacus
1137 1427 1167 1478 et

148 1498 282 1558 Achaiae
298 1498 554 1559 urbes'classibus
576 1498 657 1558 adire
681 1497 956 1575 soliti-Pyrenaeum
979 1510 1010 1560 et
1027 1500 1120 1580 Alpes
1137 1511 1165 1562 et
1177 1511 1200 1552 ¹⁰

149 1581 280 1642 inmensa
295 1583 405 1643 viarum
419 1583 513 1662 'spatia
528 1599 619 1659 aegre
638 1581 692 1642 sub
710 1584 797 1643 armis
813 1584 1003 1644 eniterentur.

214 1666 266 1727 24.
286 1664 490 1744 Flagrantibus
511 1667 575 1726 ianr
587 1667 706 1726 militum
727 1667 830 1745 animis
851 1667 932 1728 velut
945 1669 1028 1729 faces
1044 1666 1162 1728 addide-

148 1749 340 1812 ratblaevlus
358 1748 489 1827 Pudens,
513 1768 529 1810 e
552 1749 692 1829 proximis
716 1751 863 1828 Tigellini.
896 1753 921 1812 ia
942 1751 1163 1814 mobilissimum

149 1851 298 1914 quemquo
311 1834 428 1911 ingenio
445 1843 493 1894 aut
506 1835 651 1913 pecuniae
667 1834 794 1912 indigum
817 1835 891 1895 etin
912 1853 1005 1897 novas
1022 1835 1162 1914 cupidita·

147 1927 198 1978 tes
217 1917 409 1996 praecipitem
432 1916 597 1978 adliciendo
619 1936 656 1979 eo
678 1917 815 1996 paulatim
839 1936 1019 1997 progressus
1042 1928 1103 1996 eat,
1133 1928 1164 1979 ut

148 2019 205 2082 per
224 2001 354 2080 speciem
378 2003 519 2076 convivii,
545 2003 679 2080 quotiens
696 2000 788 2062 Galba
809 2003 884 2080 apud
901 2003 1045 2063 Othonem
1062 2003 1186 2082 epula-s

146 2093 247 2164 retur,
270 2085 383 2146 cohorti
397 2085 536 2147 excubias
553 2086 652 2163 agenti
665 2085 771 2145 viritim
788 2094 932 2146 centenos
943 2102 1076 2147 nummos
1091 2088 1163 2148 diti·

147 2169 247 2239 deret;
271 2187 354 2248 quam
375 2169 456 2230 velut
476 2168 621 2248 publicam
643 2169 828 2246 largitionem
850 2167 936 2231 Otho
952 2169 1163 2230 secretioribus

146 2253 228 2332 apud
244 2253 375 2331 singulos
390 2254 528 2332 praemiis
541 2253 721 2330 intendebat,
738 2252 814 2314 adeo
824 2255 977 2334 ¹animosus
995 2262 1162 2333 corruptor,

146 2347 182 2398 ut
199 2335 331 2398 cocceio
349 2336 476 2410 l’roculo
492 2336 687 2416 speculatori,
713 2337 750 2398 de
771 2347 856 2414 parts
874 2339 971 2399 linium
987 2355 1052 2398 cum
1065 2339 1162 2398 vicino

148 2420 320 2498 ambigenti,
337 2421 599 2482 universumvioini
614 2438 715 2498 agrum
731 2438 782 2481 sua
799 2424 922 2500 pecunia
939 2429 1066 2502 emptum
1083 2422 1161 2483 dono
1174 2433 1198 2474 1⁰

147 2504 280 2582 dederit,
304 2523 359 2584 per
379 2506 542 2566 socordiam
560 2503 722 2584 praelecti,
733 2522 836 2583 ouem·
850 2515 918 2568 nota
942 2507 1053 2586 pariter
1068 2514 1097 2568 et
1112 2523 1162 2568 oc·

147 2589 227 2650 culta
240 2588 392 2650 iallebant.

215 2673 267 2734 25.
288 2672 347 2733 Sed
364 2681 422 2734 tum
439 2693 456 2735 e
475 2673 589 2735 libertis
604 2673 790 2736 Onomastum
804 2673 902 2736 laturo
917 2675 1027 2736 sceleri
1043 2675 1161 2754 praeie-

148 2758 207 2835 cit,
229 2774 245 2817 a
267 2773 324 2835 quo
340 2757 475 2819 Barbium
496 2758 652 2819 Proculum
672 2759 861 2819 tesserarium
888 2759 1107 2838 speculatorum
1133 2770 1163 2823 et

146 2842 301 2902 Veturium
317 2842 464 2921 optionem
480 2843 637 2904 eorundem
651 2842 822 2922 perductos,
834 2852 988 2923 postquam
1001 2845 1083 2905 uario
1099 2863 1161 2907 ser·

146 2941 236 2985 mone
251 2925 375 2987 callidos
392 2928 578 3008 audacesque
595 2929 743 3006 cognovit,
763 2928 860 3006 pretio
876 2937 905 2988 et
920 2929 1074 3008 promissis
1090 2947 1161 2992 one·

147 3017 211 3088 rat,
233 3009 298 3070 data
313 3012 436 3090 pecunia
456 3012 492 3074 ad
508 3011 749 3091 pertemptandos
767 3011 891 3090 plurium
905 3014 1028 3074 ammos.
1060 3021 1185 3077 susce-⁶

144 3091 224 3173 'pere
245 3092 302 3154 duo
321 3096 518 3176 manipulares
539 3096 691 3174 imperium
712 3096 815 3174 populi
838 3095 961 3159 Romani
982 3098 1161 3160 transieran-

147 3176 225 3253 dum,
240 3186 270 3236 et
283 3179 499 3241 transtulerunt.
525 3181 554 3239 iu
570 3180 775 3240 conscientiam
788 3179 928 3240 facinoris
939 3181 1026 3260 pauci
1040 3181 1160 3244 adsciti:

150 3277 313 3339 suspensos
331 3272 494 3326 ceterorum
515 3265 626 3325 animos
643 3263 767 3326 direrus
782 3262 892 3324 artibus
915 3263 1077 3340 stimulant,
1102 3267 1161 3342 pri·

135 3345 248 3405 'mores
261 3346 384 3408 militum·
397 3366 452 3428 per
473 3349 617 3408 beneficia
631 3347 784 3426 Nymphidi
802 3353 833 3404 ut
855 3355 1028 3424 suspectos,
1053 3347 1160 3424 volgus

148 3435 179 3490 et
200 3437 316 3490 ooteros
339 3433 381 3492 ira
406 3441 436 3493 et
456 3432 663 3511 desperatione
681 3429 762 3490 dilati
784 3429 891 3488 totiens
909 3427 1046 3487 donativi.
1078 3437 1195 3488 emoto
