2510 3864
461 137 535 186 one.
551 134 685 190 34-36.
1011 129 1074 192 265

77 293 239 356 studiorum
254 290 319 370 plus
337 288 402 350 mali
420 290 544 366 ingeniis
563 289 702 350 adferant.
735 307 798 351 narn
815 291 844 350 in
859 290 927 352 loco
944 292 1014 353 nihil
1028 313 1074 354 re·

5 437 6 444 ,
77 378 229 438 terentiae
247 381 311 451 est,
326 374 454 451 inquom
471 389 556 432 nemo
574 373 629 431 nisi
645 390 738 450 aeque
754 373 904 452 imperitus
919 375 1024 440 intret:
1045 379 1074 438 in

5 453 8 536 ’,
76 457 284 537 condiscipulis
299 455 369 519 nihil
383 455 551 534 proiectus,
568 473 631 516 cum
645 457 727 533 pueri
743 457 821 516 inter
836 474 945 536 pueros
962 467 993 517 et
1007 459 1073 519 adu·
1085 479 1111 520 ra

6 537 7 540 ’
78 542 232 604 lescentuli
253 542 331 601 inter
354 537 590 600 adulescentulos
610 539 673 616 pari
696 540 853 616 securitate
873 549 904 601 et
926 541 1022 602 dicant
1044 551 1075 602 et

76 627 240 695 audientum
266 626 349 702 ipsae
371 639 444 683 vero
474 623 700 682 exercitationes
721 640 824 700 magna
844 642 882 685 ex
902 633 986 702 parte
1007 643 1075 686 con·

4 706 10 778 ,’
77 711 192 770 trariae.
222 725 328 786 nempe
347 707 424 768 enim
444 705 501 766 duo
516 723 627 783 genera
643 707 826 768 materiarum
846 708 921 784 apud
939 707 1074 769 rhetoras

4 797 9 858 “,
76 799 251 869 tractantur,
281 791 432 852 suasoriae
465 798 495 848 et
520 790 749 851 controversiae.
791 808 828 849 ex
852 790 897 851 his
924 794 1073 852 suasoriae

4 935 6 942 ,
73 876 209 954 quidem,
230 883 372 951 tamquam
392 871 478 952 plane
499 871 629 934 leviores
654 882 685 933 et
705 874 797 932 minus
821 873 992 953 prudentiae
1013 877 1111 936 exi-ra

4 963 8 970 '
74 967 199 1036 gentes,
213 958 313 1036 pueris
330 956 520 1034 delegantur,
535 957 758 1018 controuersiae
773 957 988 1018 robustioribus
1000 958 1074 1018 adsi·

3 1051 4 1054 ’
74 1050 217 1120 guantur,
235 1040 353 1118 quales,
367 1058 421 1119 per
437 1039 538 1118 iidem,
557 1048 588 1100 et
603 1058 686 1118 quam
703 1040 915 1101 incredibiliter
930 1041 1074 1121 composi·
1107 1087 1109 1092 .

3 1177 5 1200 ζ
75 1125 139 1186 tae!
163 1126 295 1204 sequitur
308 1133 403 1184 autem
418 1131 450 1184 ut
463 1125 602 1190 materiae
620 1123 788 1184 abhorrenti
804 1142 821 1184 a
837 1127 963 1186 veritate
979 1124 1074 1186 decla-

2 1221 5 1290 ζ
73 1210 163 1270 matio
193 1227 320 1286 quoque
350 1208 528 1268 adhibeatur.
574 1207 617 1266 sio
641 1208 717 1268 litut
733 1209 973 1284 tyrannicidarum
990 1227 1074 1286 prae-

1 1297 4 1318 *
35 1287 49 1310 ⁸
74 1295 132 1354 mia
145 1302 192 1354 aut
207 1295 369 1352 vitiatarum
384 1291 547 1352 electiones
562 1299 610 1350 aut
625 1289 811 1368 pestilentiae
825 1292 952 1352 remedia
968 1300 1016 1352 aut
1031 1294 1061 1352 in
1081 1313 1109 1354 ar

2 1387 3 1398 ¹
74 1385 159 1436 cesta
171 1384 291 1434 matrum
313 1383 360 1434 aut
377 1372 513 1451 quidquid
522 1373 561 1455 ‚in
580 1371 681 1433 schola
702 1373 811 1433 cotidie
826 1375 938 1452 agitur,
961 1375 991 1434 in
1007 1374 1074 1435 loro

76 1458 125 1519 vel
141 1475 208 1517 raro
224 1457 272 1516 vel
289 1475 454 1535 numquam,
470 1455 638 1533 ingentibus
651 1456 750 1516 verbis
768 1465 995 1535 persequentum
1012 1476 1076 1518 cum

1 1614 4 1619 ,
76 1542 112 1603 ad
129 1559 217 1601 veros
235 1541 477 1600 iudicesventum
492 1537 598 1606 ***,
665 1575 668 1583 =

140 1624 189 1686 36.
214 1622 350 1686 ***rem
374 1627 520 1702 cogitant,
545 1624 616 1686 nihil
630 1623 737 1686 humile
754 1623 803 1685 uel
818 1626 961 1686 abiectum
976 1625 1075 1704 eloqui

1 1700 2 1718 ¹
25 1783 27 1788 ι
75 1717 202 1788 poterat.
232 1707 781 1786 magnaeloquentia‚sicutdan1ma‚
804 1709 1029 1769 materiaalitnr
1045 1718 1075 1769 et

1 1795 3 1799 '
74 1792 201 1852 motibus
224 1794 368 1853 excitatur
392 1800 424 1852 et
444 1792 556 1853 urendo
575 1791 719 1853 clarescit.
757 1791 858 1852 eadem
878 1793 954 1854 ratic
974 1794 1004 1852 iu
1024 1809 1075 1852 no·

152 1885 269 1954 quoque
284 1877 403 1936 civitate
420 1877 602 1954 antiquomm
618 1875 814 1954 eloquentiam
830 1877 975 1955 provenit.
1011 1893 1075 1936 nam

1 1961 6 1973 “
76 1959 134 2017 etsi
156 1959 259 2017 horum
281 1976 398 2035 quoque
421 1968 581 2037 tempomm
603 1967 737 2020 oratores
759 1977 796 2019 ea
823 1960 973 2019 consecuti
997 1968 1096 2036 sunt,r

76 2057 151 2117 quae
166 2043 329 2117 composita
345 2050 375 2100 et
390 2042 489 2119 quieta
508 2051 539 2102 et
554 2042 640 2103 beata
656 2061 689 2102 re
705 2042 820 2121 publica
835 2042 923 2101 tribui
938 2042 981 2101 ias
1000 2050 1074 2117 erat,

1 2197 2 2208 ἵ
75 2131 171 2182 tamen
190 2122 241 2184 illa
263 2123 537 2201 perturbatione'ac
551 2123 669 2184 licentia
690 2125 772 2204 plura
787 2125 842 2184 sibi
861 2124 980 2202 adsequi
995 2124 1075 2184 nde-

1 2223 2 2230 *
76 2207 197 2281 bantur,
215 2224 279 2266 cum
299 2207 397 2266 mixtis
420 2207 551 2267 omnibus
571 2215 601 2266 et
622 2206 808 2271 moderatore
830 2224 887 2266 uuo
909 2207 1074 2266 carentibus

74 2298 183 2348 tantum
209 2291 332 2368 quisque
351 2297 451 2350 orator
465 2298 585 2367 saperet
606 2296 741 2367 quantum
758 2291 865 2350 erranti
883 2290 994 2369 populo
1009 2309 1074 2368 per-

75 2369 199 2431 suadere
207 2380 330 2451 poterat.
354 2372 422 2432 hinc
434 2371 519 2449 leges
534 2373 667 2433 assiduae
682 2380 712 2432 et
722 2372 865 2450 populare
879 2391 994 2452 nomen,
1007 2373 1110 2433 hincm

76 2456 230 2517 contiones
246 2457 462 2533 magistratuum
476 2473 571 2533 paene
586 2457 818 2534 pernoctantium
832 2457 862 2516 in
877 2458 993 2534 rostris,
1008 2456 1075 2516 hinc

75 2540 278 2598 accusationes
295 2539 458 2616 potentium
472 2556 590 2598 reorum
611 2546 641 2598 et
657 2538 826 2616 adsignatae
841 2541 927 2599 etiam
942 2540 1074 2599 domibus

75 2622 261 2698 immioitiae‚
283 2621 351 2682 hine
372 2639 526 2699 procerum
540 2621 689 2682 factiones
710 2631 741 2682 et
761 2621 876 2683 assidua
893 2632 1010 2683 senatus
1028 2623 1075 2683 ad-

76 2723 180 2764 versus
201 2703 319 2784 plebem
344 2705 508 2764 certamina.
548 2721 623 2784 quae
652 2705 765 2784 singula
789 2706 846 2766 etsi
876 2706 1075 2768 distrahebant

57 2847 60 2852 ,
75 2787 310 2865 rempublicam,
325 2788 504 2849 exercebant
520 2797 615 2848 tamen
628 2788 744 2850 illorum
760 2798 921 2868 temporum
935 2789 1074 2870 eloquen·
1086 2809 1109 2849 ra
1170 2807 1180 2816 “

74 2872 143 2932 tiam
163 2880 194 2931 et
213 2873 325 2950 maguis
346 2870 491 2932 cumulare
511 2873 649 2950 praemiis
671 2871 859 2950 videbantur,
881 2874 948 2951 quia
967 2883 1074 2954 quanto

74 2956 199 3032 quisque
220 2956 285 3034 plus
308 2955 431 3016 dicendo
452 2963 588 3034 poterat,
609 2963 689 3016 tanto
709 2956 822 3017 facilius
846 2956 975 3017 honores
991 2957 1074 3018 adse·

75 3035 234 3114 quebatur‚
257 3046 336 3098 tanto
353 3039 445 3115 magis
468 3040 498 3098 in
517 3040 590 3118 ipsis
611 3039 771 3100 honoribus
793 3040 924 3117 collegas
940 3059 1009 3099 suos
1026 3058 1074 3100 an-

76 3117 186 3194 teibat,
209 3127 288 3180 tanto
310 3119 376 3198 plus
396 3121 473 3198 apud
491 3123 639 3200 principes
657 3123 788 3201 gratiae,
806 3123 871 3200 plus
893 3124 1073 3184 auctoritatis

76 3200 151 3278 apud
165 3210 282 3278 patres,
304 3203 369 3280 plus
391 3205 514 3264 notitiae
529 3222 563 3264 ac
576 3207 699 3265 nominis
719 3207 793 3284 apud
807 3205 925 3283 plebem
943 3205 1070 3284 parabat
1082 3225 1108 3263 m

76 3283 105 3344 hi
127 3283 272 3345 clientelis
299 3287 385 3349 etiam
414 3295 578 3348 exterarum
608 3290 754 3350 nadonum
779 3288 993 3364 redundabant,
1018 3287 1072 3347 hos

75 3366 143 3428 ituri
159 3368 188 3428 in
203 3370 368 3447 prouincias
383 3371 568 3450 magistratus
582 3371 808 3449 reverebuntur,
824 3371 878 3432 hos
893 3371 1007 3431 reversi
1024 3387 1072 3430 cu·
