2568 3870
205 164 264 224 tut
420 174 587 223 conanus
601 173 720 223 usurus
735 173 977 224 msuoarsnosa

203 338 351 409 postremo
378 328 448 389 deta
474 327 687 408 praepediente
718 326 867 388 adsistenti
897 327 1010 387 consuli
1031 326 1200 408 (Caecilius
1271 347 1272 368 ι

168 442 192 481 15
202 413 334 491 Simplex
349 412 428 490 erat)
447 413 612 473 exsolutam
627 430 644 473 a
660 413 753 474 latere
768 413 944 492 pugionem,
963 410 1044 470 velat
1058 413 1106 472 ias
1120 414 1202 472 necis
1271 434 1272 498 ι

202 499 338 576 vitaeque
353 496 472 573 civium,
487 495 639 557 reddebat.
669 503 843 576 aspernante
860 494 998 571 cossrrle,
1015 495 1202 556 reclamanti·
1271 501 1272 580 i

202 577 255 641 bns
271 581 319 660 qui
341 580 371 639 in
386 580 526 662 contione·
536 579 722 657 adstiterant,
746 588 776 640 ot
787 580 819 638 in
830 578 906 638 aede
921 577 1108 640 Concordiae
1125 581 1202 658 posi·

201 673 281 726 turus
300 664 425 741 insignia
445 664 558 744 imperii
577 665 752 744 domumque
773 662 870 722 fratris
892 663 1033 742 petituros
1054 661 1201 724 discessit.

201 751 293 808 maior
315 746 382 808 binc
403 748 513 808 clamor
527 747 727 809 obsistentium
741 745 895 827 penatibus
915 745 1057 825 privatis,
1073 748 1103 806 in
1122 747 1202 807 Pala·

163 846 193 886 ao
202 833 270 892 tium
284 833 458 891 vocantium.
494 831 682 893 interclusum
703 830 779 892 aliud
794 833 865 906 lter,
886 829 973 908 idque
989 830 1083 890 solum
1096 848 1160 910 ouo
1175 833 1204 890 io

202 933 313 975 sacram
327 915 403 973 riam
412 924 558 994 pergeret
572 914 705 995 patebat:
722 924 781 974 tum
793 913 908 974 consilii
924 915 1010 992 inops
1022 915 1051 974 in
1063 914 1205 975 Pal-atium

201 997 295 1058 rediit.

261 1081 313 1140 69.
337 1081 533 1141 Praevenerat
549 1097 647 1140 rumor
665 1082 769 1141 eiurari
791 1081 827 1142 ab
844 1100 880 1142 eo
896 1084 1061 1162 imperium,
1075 1084 1204 1160 scripse·

199 1163 436 1242 conquestorias
458 1162 582 1225 Sabinus
603 1164 770 1225 cohortium
789 1166 910 1225 tribunis
933 1177 964 1226 ut
983 1165 1100 1226 militem
1124 1165 1203 1226 oobi

202 1247 313 1308 borant.
360 1249 448 1324 igitur
472 1256 615 1325 tamqnam
645 1251 737 1308 omnis
761 1267 810 1308 res
837 1249 954 1328 publiea
974 1253 1003 1310 in
1026 1249 1203 1326 Vespasiani

201 1334 292 1391 sinum
308 1331 483 1408 cecidisset,
501 1333 646 1410 primores
660 1340 777 1392 senatos
793 1342 824 1392 et
841 1333 976 1413 plerique
994 1333 1141 1413 equestris
1157 1349 1203 1393 or·

173 1415 273 1476 odinis
292 1417 443 1494 omnisque
457 1414 542 1475 aniles
558 1415 685 1475 urbanus
700 1417 850 1493 strigiles
867 1417 981 1477 domurn
996 1416 1089 1478 Flavii
1104 1416 1202 1476 Sabini

201 1498 399 1578 complevere.
445 1498 515 1558 illuc
535 1498 571 1558 de
594 1499 695 1559 studiis
717 1499 798 1577 volgi
821 1509 851 1561 et
871 1503 954 1561 minis
970 1501 1200 1562 Germanicarum

201 1581 362 1643 cohortium
383 1581 523 1642 adfertur.
561 1582 678 1660 longios
699 1585 754 1643 iam
777 1602 954 1662 progressus
977 1593 1057 1660 erat,
1074 1601 1160 1662 quarn
1173 1591 1203 1643 ut

199 1666 318 1742 regredi
340 1673 459 1744 posset;
482 1674 510 1725 et
533 1683 588 1725 suo
620 1667 742 1744 quisque
763 1676 857 1744 meta,
884 1687 922 1728 ne
942 1669 1083 1736 disiectos
1105 1685 1203 1746 eoque

199 1752 291 1809 miuus
309 1747 421 1810 validos
436 1748 587 1809 Vitelliani
609 1759 862 1827 consectarentur,
879 1761 1062 1812 cunctantem
1077 1753 1107 1811 in
1125 1770 1204 1811 arma

162 1831 395 1910 sctnpetlebant:
420 1831 473 1892 sed
488 1833 565 1911 quod
586 1834 614 1892 in
630 1835 786 1894 eiusmodi
805 1835 894 1896 rebus
908 1836 1032 1912 acoidit,
1051 1829 1205 1916 consiliam

199 1915 235 1974 ab
259 1915 391 1975 omnibns
418 1916 595 1994 detumeat,
622 1918 782 1997 periculorn
811 1921 896 1998 pauci
919 1936 1081 1999 sumpsere.
1123 1919 1205 1980 circa
1271 1955 1272 1958 =

198 1999 292 2060 lacurn
319 1999 448 2060 Fundani
473 2000 718 2062 descendentibus
751 2005 799 2081 qui
826 2003 962 2063 Sabinum
994 2001 1205 2063 comitabantur

198 2083 314 2144 armatis
338 2093 498 2144 occurrunt
517 2087 725 2164 promptissimi
742 2085 971 2146 Vitellianorum.
1001 2083 1145 2146 modicam
1162 2086 1206 2146 ibr
1273 2105 1274 2158 j

198 2167 341 2246 proelium
358 2168 509 2249 inproviso
526 2169 662 2246 tumultu,
689 2168 743 2227 sed
763 2185 939 2247 prosperum
953 2169 1118 2231 Vitellianis
1137 2170 1203 2230 fuit.

162 2271 188 2312 es
199 2251 322 2311 Sabinus
337 2270 371 2312 re
387 2251 520 2330 trepida,
541 2250 619 2328 quod
633 2252 802 2312 tutissimum
818 2271 836 2311 e
860 2249 1081 2332 praesentibus,
1103 2271 1206 2314 arcem
1273 2317 1274 2320 ,

199 2333 335 2412 Capitolii
352 2332 458 2394 insedit
475 2335 565 2393 mixto
585 2334 675 2394 milite
697 2344 726 2395 et
748 2335 917 2413 quibusdam
934 2346 1100 2398 senatorum
1120 2339 1204 2416 equi·

197 2427 331 2495 tumque,
351 2433 472 2496 quorum
492 2417 607 2478 nomina
628 2416 743 2479 tradere
764 2418 840 2479 baud
864 2430 1027 2500 promptam
1042 2430 1106 2498 est,
1130 2438 1204 2500 quo·

196 2501 271 2561 niam
284 2501 399 2561 victore
417 2502 602 2580 Vespasiano
618 2502 698 2562 molti
718 2503 747 2562 id
767 2505 899 2564 meritum
914 2523 986 2582 erga
1002 2514 1100 2584 partes
1116 2508 1204 2566 simu·

197 2585 307 2645 lavere.
336 2584 485 2644 subierunt
497 2585 640 2647 obsidium
654 2587 739 2646 etiarn
748 2586 891 2666 feminae,
906 2590 1064 2667 intorques
1078 2590 1204 2650 maxime

159 2676 187 2716 2⁰
197 2668 319 2744 insignis
334 2667 481 2738 Verulana
501 2667 637 2746 Gratilla,
658 2688 755 2750 neque
776 2670 888 2733 liberos
903 2689 1001 2752 neque
1018 2677 1204 2753 propinquos

197 2751 250 2810 sed
261 2751 370 2810 bellurn
385 2761 496 2811 secata.
521 2753 694 2814 Vitellianos
708 2755 792 2815 miles
803 2757 923 2817 socordi
935 2757 1069 2818 custodia
1085 2757 1205 2818 clausos
1273 2769 1274 2772 ’

197 2832 403 2904 circumdedit3
425 2851 522 2914 eoque
542 2836 684 2898 concubia
703 2849 792 2900 nocte
813 2857 883 2901 suos
905 2840 1017 2901 liberos
1032 2842 1158 2902 Sabinus
1176 2850 1207 2900 et

196 2917 388 2978 Domitianum
411 2918 511 2979 iratris
534 2919 624 2981 lilium
643 2923 673 2981 in
694 2921 868 3002 capitolium
889 2925 1014 3002 accivit,
1035 2928 1125 3004 ruisse
1147 2943 1206 3004 per

197 3001 334 3079 neglecta
358 3001 394 3062 ad
409 3001 566 3064 Flavianos
588 3005 678 3066 daces
695 3009 812 3085 nuntio,
836 3010 884 3087 qui
901 3009 1100 3069 circumsideri
1118 3009 1206 3088 ipsos

111 3132 117 3146 .
157 3105 187 3142 ns
197 3094 236 3161 et,
251 3087 280 3146 ni
297 3085 511 3164 subveniretur,
524 3095 600 3148 artas
613 3107 662 3148 res
675 3093 828 3152 nuntiaret.
855 3103 969 3153 noctem
985 3093 1061 3153 adeo
1075 3095 1206 3171 quietam

196 3170 272 3246 egit,
289 3177 320 3230 ut
334 3169 447 3246 digredi
462 3172 527 3230 sine
543 3189 620 3232 noxa
635 3177 780 3251 potuerit:
798 3177 908 3255 qpippc
925 3176 1009 3236 miles
1023 3177 1136 3238 Vitellii
1151 3176 1205 3238 ad·

195 3269 298 3312 versata
320 3253 451 3332 pericula
472 3253 574 3330 ieron,
597 3254 746 3318 laboribus
767 3268 796 3320 et
816 3259 924 3336 vigiliis
948 3276 1054 3339 parum
1073 3263 1206 3321 intentus

194 3344 329 3489 prept,bep
346 3335 484 3397 hibernus
505 3335 598 3397 imber
616 3349 740 3417 repente
759 3342 841 3406 ineos
863 3342 967 3404 oculos
988 3361 1135 3424 auresque
1148 3344 1205 3404 irn-
1273 3355 1274 3424 i

216 3433 232 3472 e
253 3433 280 3474 re
302 3435 339 3477 a.
742 3459 745 3463 ·
1273 3437 1274 3460 ³
