2536 3870
172 141 233 202 tut
400 151 564 200 conruunt
579 149 697 198 recum
713 148 954 200 ureuonrunum

171 315 217 366 tus
232 305 419 368 abscesserit.
450 305 563 368 diremit
584 303 770 366 consiliorum
792 303 991 368 namnetem
1015 297 1183 382 adprobata

169 388 287 450 Tutoris
303 391 446 450 sententia
462 387 611 450 Classicus
625 389 780 466 statimque
794 394 1002 466 exsequuntur.

234 476 284 534 77.
307 472 402 534 bledla
417 474 497 534 acies
513 471 597 534 Ubiis
608 472 845 550 Lingonibusque
860 469 941 538 datar
964 469 1068 538 dextro
1085 486 1186 532 corna

169 557 309 618 cohortes
321 557 506 632 Batavorum,
521 557 638 620 sinistro
646 554 777 620 Bructeri
786 553 992 632 Tencterique.
1008 571 1078 630 pars
1094 569 1185 616 neon·
1243 563 1244 614 l

169 640 262 720 tibus,
289 639 338 700 alli
369 640 442 700 riam
477 640 555 700 inter
584 637 799 714 Mosellamque
829 636 935 699 dumea
968 645 1026 698 tam
1067 637 1184 717 impro-

169 725 225 786 visi
242 723 398 802 adsiluere,
416 723 488 784 utin
505 720 637 786 cubiculo
653 738 689 782 ac
703 720 813 786 lectulo
832 717 956 782 Cerialis
971 721 1186 800 (nequeenim

142 823 157 866 n
170 816 287 868 noctem
301 809 329 866 in
345 807 449 869 castris
463 805 582 885 egerat)
597 805 719 884 pugnari
731 803 816 876 simul
830 804 965 883 vincique
987 821 1056 868 suos
1075 804 1183 867 andts-
1243 843 1244 846 =

169 894 216 968 rit,
233 893 391 970 increpans
405 906 545 970 pavorem
560 889 757 987 nuntiantium,
772 887 868 951 donec
882 890 1018 959 uniuersa
1031 887 1137 953 clades
1152 891 1183 950 in
1243 931 1244 936 κ

170 975 264 1036 oculis
285 975 354 1052 fnit,
381 982 519 1054 perrupta
534 973 681 1050 legionum
697 980 801 1049 castra,
831 971 888 1032 insi
902 974 1035 1052 equites,
1062 971 1183 1036 medius
1243 1003 1244 1046 3

168 1057 311 1120 Mosellae
327 1075 417 1136 pons,
435 1058 483 1135 qni
500 1056 639 1119 ulteriora
654 1055 789 1120 coloniae
811 1053 960 1132 adunabit,
983 1055 1020 1116 ab
1041 1054 1183 1122 hostibus

169 1144 309 1202 insessas.
340 1139 593 1202 Cerialisturbidis
606 1138 695 1200 rebus
711 1138 871 1219 intrepidus
887 1148 916 1203 et
928 1140 1078 1216 fugientes
1091 1158 1181 1202 manu

137 1243 163 1284 rc
172 1225 335 1302 retrahens,
352 1226 461 1284 intecto
477 1241 606 1304 corpore
624 1232 776 1303 promptus
789 1225 865 1284 inter
879 1223 949 1301 teia,
964 1223 1045 1286 ieliei
1056 1226 1179 1287 tenneri-
1243 1221 1244 1278 l

169 1317 228 1370 tata
244 1317 273 1368 et
283 1308 433 1372 fortissimi
447 1309 587 1388 cuiusque
601 1307 724 1370 adcursu
738 1307 934 1387 reciperatum
944 1316 1063 1388 Pontem
1079 1307 1176 1371 electa
1243 1361 1244 1372 ,

168 1410 253 1454 mann
280 1394 412 1454 firmasit.
443 1410 512 1454 mor
533 1394 563 1454 ln
585 1401 680 1454 castra
701 1409 840 1454 resersus
871 1391 1005 1470 palantes
1025 1401 1178 1472 nuptarum
1243 1423 1244 1434 ι

170 1477 246 1556 apud
267 1476 444 1539 Novaesium
463 1476 650 1556 Bonnamque
674 1474 823 1553 legionum
844 1475 1007 1555 manipulos
1028 1485 1058 1538 et
1078 1493 1178 1541 rarum
1243 1523 1244 1548 ι

169 1561 245 1640 apud
260 1562 342 1639 signa
355 1561 474 1622 militem
489 1579 525 1620 ac
540 1577 640 1640 prope.
654 1560 864 1620 obcumrentas
884 1559 996 1639 aquilas
1010 1558 1101 1622 videt.
1136 1561 1177 1620 in·
1243 1599 1244 1616 ι

170 1664 274 1706 census
295 1647 337 1706 ira
362 1647 438 1705 ‘nnn
459 1643 613 1706 Flacourn'
635 1645 734 1722 inquit,
750 1643 827 1704 ‘non
851 1642 994 1706 Voculam
1021 1641 1178 1710 deseritis:
1243 1663 1244 1666 ¹

134 1751 159 1791 rs
170 1729 247 1789 nulla
265 1727 313 1788 bic
329 1727 471 1806 proditio;
487 1745 583 1807 neque
594 1727 677 1790 aliud·
685 1726 879 1790 excusandum
893 1726 989 1788 baben
1004 1745 1087 1805 qnam
1097 1729 1176 1807 quod

169 1828 224 1871 vos
255 1810 359 1872 Gallici
385 1810 514 1871 foederis
538 1811 646 1874 oblitos
674 1810 787 1872 redisse
815 1812 844 1872 in
864 1812 1030 1874 memoriam
1049 1811 1177 1872 Rotnani
1243 1799 1244 1872 ζ

169 1894 341 1954 sacramenti
371 1901 481 1954 temere
510 1895 629 1956 credidi.
660 1895 870 1970 adnumerabor
898 1894 1034 1959 Numisiis
1060 1904 1090 1955 et
1116 1895 1174 1956 lle·
1243 1925 1244 1946 ι

168 1977 293 2054 renniis,
318 1985 349 2036 ut
369 1995 470 2040 omnes
492 1977 581 2057 legati
607 1980 697 2039 vestri
712 1988 760 2040 aut
773 1980 894 2040 militum
909 1977 1039 2040 manibus
1057 1988 1106 2040 aut
1120 1979 1173 2039 bo·

168 2061 252 2121 stium
268 2061 444 2122 ceciderint.
472 2063 522 2140 ite,
539 2065 666 2124 nuntiate
679 2063 865 2143 Vespasiano
881 2063 939 2140 sel,
954 2063 1031 2142 quod
1048 2065 1174 2143 propius

133 2164 159 2205 ro
171 2154 231 2222 est,
257 2144 342 2206 Ciuili
359 2153 389 2210 el
405 2143 554 2223 Classico,
578 2147 711 2208 relictum
725 2166 742 2210 a
756 2146 842 2208 vobis
853 2148 882 2207 in
897 2148 961 2210 anie
975 2147 1094 2208 damn:
1122 2166 1171 2207 ve-

169 2231 248 2290 nient
272 2229 407 2307 legiones
425 2248 499 2309 quae
522 2248 618 2310 neque
636 2249 682 2294 rue
697 2231 814 2296 inultum
836 2249 933 2311 neque
948 2232 1172 2310 vosirnpunitos

168 2315 336 2390 patiantur?

230 2397 280 2460 78.
302 2397 381 2460 Vera
402 2408 498 2476 erant,
519 2408 548 2460 et
562 2417 577 2458 a
593 2399 713 2461 tribunis
734 2399 950 2479 praefectisque
966 2398 1069 2460 eadem
1088 2399 1171 2478 lnge·

167 2480 313 2542 rebantur.
344 2483 504 2543 consistunt
522 2501 576 2563 per
592 2483 730 2545 cobortes
748 2493 776 2544 et
788 2482 965 2561 manipulum
983 2484 1171 2562 nequeenim

167 2574 282 2643 poterat
305 2574 459 2643 patescere
480 2568 561 2630 acies
577 2567 668 2628 effuso
689 2567 773 2630 boste
789 2576 819 2628 et
836 2565 1060 2646 impedientibus
1076 2575 1169 2629 tento·

167 2649 217 2709 riis
233 2651 424 2727 sarcinisque,
443 2669 506 2713 oum
520 2652 593 2711 intra
607 2651 713 2712 uallum
730 2660 916 2732 pugnaretur.
946 2651 1036 2712 Tutor
1048 2649 1168 2712 stillas·

142 2734 245 2793 esicus
267 2741 297 2792 et
317 2731 418 2794 Ciuilis
438 2735 497 2794 suis
520 2735 644 2814 quisque
664 2735 739 2797 locis
761 2752 888 2814 pugnam
907 2733 1039 2811 ciebant,
1067 2733 1168 2796 Gallos

168 2833 222 2894 pro
235 2815 386 2893 libertate,
406 2817 533 2882 Batavos
545 2837 600 2897 pro
614 2818 728 2896 gloria,
750 2817 910 2880 Germanos
924 2818 1112 2898 sirmundum
1125 2820 1167 2878 in-

167 2899 318 2975 stigantes.
349 2909 378 2960 et
395 2911 498 2964 cuncta
516 2919 570 2981 pro
585 2901 719 2964 bostibus
734 2911 832 2979 erant,
850 2902 944 2964 donec
966 2903 1050 2980 leqio
1069 2913 1165 2964 unaet-

165 2983 324 3044 vicensima
347 2985 510 3064 patentiore
530 3004 615 3065 quam
639 2997 757 3050 ceterae
778 2987 872 3066 spatio
888 2978 1067 3068 conprobata
1082 2989 1165 3048 susti-

165 3069 226 3127 nuit
245 3076 379 3147 rnentss,
401 3087 470 3130 mox
491 3068 687 3149 inpulit'nec
707 3073 771 3132 sine
794 3087 852 3150 ope
875 3070 970 3134 divina
990 3073 1165 3133 smannens·

132 3159 254 3229 repente
279 3153 380 3215 animis
401 3161 487 3230 terga
505 3156 634 3215 uictores
647 3163 775 3217 vertere.
806 3156 862 3235 ipsi
876 3158 995 3218 territos
1009 3173 1045 3216 se
1061 3155 1163 3216 coluer-

165 3235 233 3294 tinm
249 3235 389 3314 adspectu
403 3235 553 3315 ferebant,
571 3255 645 3317 qnae
662 3239 755 3318 primo
771 3240 878 3318 impetu
892 3239 1033 3302 disiectae
1047 3240 1164 3300 snmmls

165 3333 264 3376 rursus
279 3319 355 3395 iugis
367 3320 619 3397 congregabantur
633 3340 668 3384 ao
685 3323 815 3403 speciem
826 3325 894 3384 novi
908 3323 1006 3386 auxilii
1017 3323 1160 3384 fecerant.

164 3396 218 3456 sed
231 3399 340 3461 obstitit
356 3403 538 3464 vincentibus
550 3422 671 3484 pravum
685 3406 761 3468 inter
774 3408 856 3486 ipsos
877 3417 1034 3486 conamen,
1054 3409 1160 3468 omisso
