2540 3874
404 150 512 198 annun
527 151 574 198 ιιι.
597 151 671 200 cnr.
688 149 810 207 la-tn
1051 138 1108 202 tar

2 299 3 320 ¹
114 305 317 386 Maluginensis
332 305 460 366 defuncti
475 305 614 384 legendo,
634 306 716 366 simul
730 305 863 385 roganda
879 322 955 368 noua
970 305 1040 386 lege
1054 305 1110 369 dis·
1158 297 1159 300 '

114 391 200 451 seruit
218 386 336 468 Caesar.
365 407 431 450 narn
446 389 585 477 patricios
601 389 789 464 confarreatis
804 389 973 470 parentibus
994 392 1111 469 genitos

6 549 7 552 Ἴ
113 481 167 534 tres
181 473 265 534 simul
280 473 437 552 nominari,
456 490 493 533 ex
510 473 572 554 quis
593 492 664 543 unus
688 472 851 554 legeretur,
877 483 991 536 vetusto
1013 491 1109 544 more:

113 575 203 637 neque
219 556 334 636 adesse,
354 567 384 618 ut
398 557 481 634 olim,
500 573 562 618 eam
579 558 707 638 copiam,
722 559 828 619 omissa
843 558 1044 620 confarreandi
1062 557 1136 619 ard-c

2 702 6 736 ,
112 641 259 702 suetudine
274 651 322 703 aut
336 643 411 702 inter
427 658 539 722 paucos
555 650 683 704 retenta:
700 638 875 726 (pluresque
895 643 957 718 eius
979 643 1023 702 rei
1045 660 1111 703 ean·

111 743 156 786 sas
176 723 343 804 adferebat,
372 727 550 806 potissimam
572 743 664 806 penes
685 727 823 788 incuriam
844 727 972 787 uirorum
993 726 1110 794 femina·

111 825 247 886 rumqne;
261 809 404 870 accedere
416 811 510 888 ipsius
520 810 716 872 caerimoniae
732 810 934 888 difficultates,
949 828 1024 889 quae
1037 827 1105 872 con·

111 890 187 952 sultc
201 891 393 969 vitarentur),
410 899 439 952 et
473 890 553 971 quod
589 895 684 954 exiret
697 913 713 953 e
724 895 787 955 iure
799 895 893 974 patrio
905 895 953 973 qui
966 893 995 954 id
1006 893 1104 957 flamo-

110 975 185 1035 nium
200 974 381 1053 apisceretur
396 993 528 1056 quaeque
540 979 571 1038 in
593 995 705 1039 manum
720 979 841 1040 flaminis
857 981 1036 1041 conveniret.
1073 982 1146 1046 itate

109 1057 278 1120 medendum
293 1068 410 1122 senatus
426 1060 545 1122 decreto
562 1070 610 1122 aut
623 1062 703 1140 lege,
720 1063 794 1124 sicut
810 1063 959 1142 Augustus
971 1063 1111 1144 quaedam

1 1126 10 1162 ⁵
110 1160 148 1205 ex
161 1142 279 1204 horrida
295 1144 344 1206 illa
358 1145 525 1225 antiquitate
541 1145 576 1208 ad
594 1157 778 1226 praesentem
794 1167 875 1209 usum
889 1148 1030 1210 flexisset.
1057 1150 1109 1228 igi·

110 1235 155 1288 tur
177 1227 307 1292 tractatis
333 1227 524 1308 religionibus
551 1229 687 1309 placitum
717 1227 845 1293 instituto
875 1233 1015 1294 flaminum
1041 1232 1126 1294 nibil
1207 1231 1210 1238 ’

109 1311 260 1374 demutari:
278 1310 330 1374 sed
344 1312 400 1374 lata
417 1313 481 1392 lex,
504 1331 559 1394 qua
580 1313 720 1376 flaminica
740 1315 831 1377 Dialis
852 1334 1000 1378 sacrorum
1023 1334 1110 1378 causa

107 1397 137 1458 iu
157 1405 304 1477 potestate
331 1397 405 1476 viri,
436 1406 534 1460 cetera
554 1401 700 1479 promisco
720 1400 888 1461 feminarum
912 1403 973 1462 iure
997 1410 1143 1479 ageretis

108 1490 139 1542 et
153 1481 228 1542 lilius
241 1480 451 1561 Maluginensis
467 1485 540 1563 patri
553 1478 706 1545 suffectus(
726 1493 814 1565 utque
825 1484 967 1563 glisceret
979 1484 1109 1562 dignatio

108 1565 394 1648 sacerdotumntque
408 1567 481 1647 ipsis
499 1567 786 1648 promptioranimus
798 1568 875 1630 foret
895 1568 932 1630 ad
954 1586 1108 1648 capessen-

107 1651 160 1712 das
175 1651 375 1730 caerimonias,
392 1650 540 1712 decretum
554 1649 709 1713 Gemellae
726 1652 848 1731 virgini,
871 1669 945 1734 quae
967 1653 996 1712 iu
1011 1652 1109 1714 locum

108 1733 243 1807 Scantiae
260 1734 438 1817 capiebatur,
451 1737 614 1796 sestertium
629 1734 755 1816 viciens,
777 1744 806 1797 et
830 1737 963 1816 quotiens
976 1736 1108 1815 Angusta
1211 1791 1222 1812 ,.

106 1819 248 1881 tlreatrum
263 1819 421 1897 introisset,
437 1829 467 1880 ut
482 1818 569 1882 sedes
584 1821 659 1881 inter
671 1820 831 1884 Vestalium
847 1820 1023 1883 consideret.
1117 1836 1143 1878 m

175 1904 224 1964 17.
246 1901 383 1966 Cornelio
401 1902 534 1982 (lethego
546 1903 670 1966 Visellio
688 1905 825 1966 Varrone
848 1904 1015 1966 consulibus
1035 1922 1106 1985 pon·

105 1989 201 2049 tifices
217 2005 375 2068 eorumque
391 1987 526 2072 exemplo
545 1987 636 2050 ceteri
649 1988 837 2067 sacerdotes,
864 2006 927 2060 cum
952 2005 1007 2069 pro
1026 1991 1107 2050 inco-

105 2073 234 2133 lumitate
250 2072 392 2152 priucipis
406 2081 475 2133 rota
490 2074 684 2152 susciperent,
699 2071 847 2135 Neronem
862 2091 976 2154 quoque
990 2081 1020 2133 et
1033 2071 1106 2132 liro·

105 2174 169 2218 sum
189 2155 280 2216 isdem
303 2155 348 2217 dis
375 2155 632 2234 commendavere,
661 2165 801 2218 nontam
830 2159 949 2218 caritate
974 2159 1108 2217 iuuenum

106 2257 192 2320 quarn
210 2239 384 2318 adulatione,
400 2257 476 2320 quae
490 2239 618 2303 moribus
634 2241 779 2321 corruptis
794 2239 916 2320 perinde
931 2258 1058 2320 anceps,
1081 2240 1131 2300 sit

104 2324 186 2386 nulla
208 2334 237 2386 et
263 2324 312 2386 nbi
333 2325 419 2386 nimia
442 2332 498 2384 est.
533 2343 597 2386 nam
619 2324 754 2386 'liberius
772 2322 848 2386 lraud
862 2341 993 2404 umquam
1012 2323 1108 2385 domui

106 2409 269 2472 Germanici
285 2409 371 2488 mitis,
387 2417 445 2470 tum
456 2425 529 2470 vero
541 2410 659 2488 aequari
670 2406 874 2472 adulescentes
889 2417 1026 2470 senectae
1038 2425 1108 2469 suae

104 2493 280 2574 inpatienter
305 2491 441 2564 indoluit3
470 2495 640 2574 accitosque
661 2495 816 2574 pontifices
839 2501 1026 2573 percontatus
1053 2500 1107 2570 est,

2 2632 3 2635 ,
102 2596 172 2638 num
195 2575 225 2638 id
245 2577 384 2658 precibus
405 2575 589 2657 Agrippinae
613 2587 662 2640 aut
687 2579 771 2640 minis
795 2577 971 2639 tribuissent.
1012 2586 1041 2638 et
1066 2575 1109 2636 illi

103 2660 240 2743 quidem,
266 2679 437 2743 quamquam
464 2661 642 2740 abnuerent,
672 2661 787 2724 modice
812 2662 973 2741 perstricti:
1001 2662 1106 2723 etenim
1118 2676 1142 2719 rc

101 2763 176 2826 pars
190 2763 294 2824 mngna
310 2763 327 2807 e
344 2745 518 2826 propinquis
531 2747 624 2825 ipsius
641 2755 688 2808 aut
705 2746 847 2827 primores
867 2745 989 2808 civitatis
1010 2753 1107 2806 erant:

101 2840 237 2892 ceterum
250 2832 280 2892 irr
297 2839 399 2892 senatu
414 2831 546 2892 oratione
561 2831 670 2892 monuit
685 2831 714 2890 in
730 2838 896 2910 posterum,
913 2848 951 2890 ne
966 2831 1029 2910 quis
1048 2845 1107 2890 mo·

99 2915 183 2976 biles
198 2913 425 2976 adulescentium
441 2915 552 2976 animos
565 2917 757 2994 praematuris
770 2913 929 2975 honoribus
949 2914 985 2974 ad
1008 2931 1108 2994 super·

2 3047 10 3063 .
98 2999 181 3060 biam
200 2998 366 3060 extolleret.
398 2998 523 3060 instabat
538 3001 647 3079 quippe
664 3000 785 3060 Seianus
806 2997 1013 3078 incusabatque
1030 2997 1108 3058 didu-

99 3093 181 3146 ctam
199 3084 343 3145 ciritatem
357 3089 389 3142 nt
404 3082 481 3144 cirili
496 3081 591 3153 bello;
607 3100 675 3144 esse
687 3084 736 3162 qui
747 3101 780 3144 se
792 3085 914 3162 portium
926 3082 1108 3163 Agrippinae
1120 3106 1142 3146 n

98 3176 231 3245 vocent,
247 3185 283 3228 ac
297 3167 326 3227 ui
340 3167 508 3246 resistatur,
529 3167 595 3227 fore
613 3167 720 3247 plurim
742 3185 838 3247 neque
861 3167 937 3227 alind
957 3165 1109 3244 gliscentis

99 3249 270 3314 discordiae
285 3249 442 3311 remedium
460 3251 584 3330 quamsi
602 3269 676 3312 uuus
699 3250 811 3312 alterve
833 3252 956 3311 maxime
981 3248 1108 3327 prompti
1165 3283 1184 3294 -·

99 3335 354 3397 subverterentur.

172 3421 219 3482 18.
244 3420 305 3496 Qua
327 3436 413 3480 causa
436 3417 469 3480 G.
485 3418 584 3478 Silium
604 3427 635 3478 et
656 3417 759 3478 Titium
777 3415 910 3478 Sabinum
933 3409 1106 3490 adgreditur.

878 3711 986 3762 ,ιο
