2536 3870
185 130 247 194 bet
426 141 591 190 coornari
608 141 726 190 rsorrr
742 139 943 189 camoenas

148 293 1197 460 ²⁰ttltltltzltttt?atltlttllllttrtltltlul

185 484 238 546 per
263 463 402 544 abrupta,
433 461 486 523 sed
508 464 537 524 in
558 462 666 524 nullum
687 463 730 522 rsi
753 459 890 541 pubbcae
914 477 1022 542 usum,
1037 463 1196 525 ambitiosa

183 557 277 610 morte
295 547 503 608 inclaruerunt.

248 633 300 693 43.
325 631 405 692 llinis
421 631 499 691 ritae
522 633 584 692 eius
604 629 688 691 nobis
706 629 874 705 luctuosus,
896 629 996 689 amicis
1009 630 1123 708 tristis,
1147 649 1196 692 cx·

184 718 293 777 traneis
309 717 394 776 ctiam
416 716 584 794 ignotisque
603 732 661 775 non
681 715 743 774 sine
764 731 834 775 cura
853 713 916 775 luit.
947 711 1055 790 vulgus
1075 731 1197 795 qnoque

184 809 215 862 et
229 799 278 859 hic
292 798 370 860 aliud
392 816 484 876 agens
504 797 630 878 populus
652 807 682 858 et
698 799 882 858 ventitavere
901 795 937 858 ad
956 794 1072 857 domum
1094 807 1129 858 et
1144 816 1199 879 per

184 884 250 946 lora
263 893 292 944 et
304 881 432 943 circulos
447 881 538 942 locuti
552 890 633 950 sunt;
649 899 705 942 nec
720 882 872 960 quisquam
889 880 984 942 audita
998 890 1096 942 morto
1108 881 1197 960 Agri·

159 967 270 1032 aculae
286 974 335 1026 aut
349 965 474 1026 lactatus
496 975 545 1026 ant
561 966 658 1025 statim
675 965 782 1026 oblitus
800 973 857 1026 est.
889 964 1016 1043 augebat
1030 967 1197 1026 miseratio·

184 1069 250 1112 nem
273 1058 410 1111 constans
426 1067 524 1110 rumor
544 1065 659 1110 veneno
680 1051 889 1128 interceptum:
915 1047 1001 1109 nobis
1024 1049 1097 1110 nihil
1119 1068 1193 1112 com·

186 1135 279 1214 perti‚
291 1133 368 1213 quod
384 1133 499 1192 llrmare
517 1134 617 1194 ausim.
650 1141 780 1194 ceterum
797 1151 853 1212 per
868 1149 982 1193 omnem
997 1132 1191 1194 valetudine·

185 1219 248 1278 eius
272 1217 403 1278 crebrius
422 1233 507 1296 quam
527 1235 565 1279 err
579 1233 662 1278 more
675 1217 871 1297 principatus,
895 1234 949 1295 per
963 1217 1081 1278 nuntios
1099 1220 1186 1278 visen·

185 1303 240 1378 tis,
269 1309 299 1361 et
321 1300 492 1362 libertomm
515 1301 598 1380 primi
621 1311 650 1362 et
670 1300 848 1362 medicomm
868 1301 957 1361 intimi
978 1318 1107 1382 venere,
1132 1301 1183 1361 sire

150 1407 176 1450 rc
187 1403 256 1447 cura
272 1384 343 1445 illud
360 1387 424 1446 sive
444 1385 591 1464 inquisitio
606 1394 678 1445 erat.
705 1402 842 1465 supremo
855 1384 975 1464 quidem
987 1384 1035 1444 die
1049 1393 1190 1447 momenta

186 1470 251 1549 ipsa
278 1468 440 1530 deliciantis
460 1486 515 1549 per
535 1468 694 1549 dispositos
722 1486 859 1530 cursores
882 1468 1008 1530 nuntmta
1030 1469 1190 1544 constabat,

185 1553 265 1614 nullo
289 1553 428 1614 credente
448 1554 492 1614 sic
513 1553 675 1614 adcelerari
696 1571 771 1632 quae
791 1553 882 1628 tristis
904 1552 1026 1614 audiret.
1063 1555 1192 1632 speciem

185 1646 281 1698 tamen
298 1637 410 1698 doloris
442 1653 495 1697 ore
522 1638 661 1721 sabaque
693 1655 764 1716 prae
778 1655 811 1698 se
828 1636 905 1714 tulit,
926 1654 1049 1698 securus
1065 1638 1124 1697 iam
1139 1635 1194 1697 odii

187 1729 218 1781 st
232 1721 282 1798 qui
297 1719 413 1782 facilius
428 1719 623 1781 dissimularet
641 1720 776 1798 gaudium
792 1739 876 1801 quam
890 1729 1006 1782 metum.
1038 1721 1111 1781 satis
1130 1739 1193 1781 con·

152 1826 178 1868 rs
188 1803 284 1864 stabat
303 1803 381 1864 lecto
396 1810 570 1864 testamento
589 1803 767 1883 Agricolae,
790 1822 848 1884 quo
873 1803 1049 1865 coheredem
1065 1807 1194 1883 optimae
1256 1871 1257 1880 ,

187 1887 271 1947 uxori
293 1895 321 1946 et
343 1886 490 1965 piissimae
511 1887 589 1948 liliac
607 1887 800 1949 Domitianum
818 1888 950 1969 scripsit,
971 1888 1109 1949 laetatum
1131 1906 1194 1948 cum
1256 1881 1257 1911 ¹

187 1970 267 2030 velut
286 1969 400 2031 honore
421 1970 598 2052 iudicioque.
625 1980 682 2032 tam
702 1990 792 2034 caeca
813 1982 842 2033 et
859 1980 996 2052 corrupta
1017 1989 1100 2032 mens
1125 1973 1194 2032 assi·

187 2053 251 2116 duis
271 2054 485 2116 adulationibus
505 2064 583 2132 erat,
607 2065 638 2116 ut
651 2057 781 2116 nesciret
798 2074 815 2116 a
829 2055 908 2116 bono
929 2065 1014 2136 patre
1029 2073 1089 2117 non
1105 2056 1194 2116 scribi

187 2138 327 2198 heredem
341 2139 396 2199 nisi
414 2139 518 2200 malum
534 2140 705 2220 principem.

250 2224 300 2283 44.
330 2221 422 2283 Natus
446 2232 509 2284 erat
528 2224 666 2300 Agricola
689 2223 761 2286 Gaio
785 2223 913 2286 Caesare
934 2227 1048 2286 tertium
1072 2222 1192 2285 consule

188 2306 282 2366 idibus
297 2305 400 2368 Iuniis:
422 2308 552 2368 excessit
566 2317 651 2370 serto
667 2317 696 2368 et
711 2307 950 2388 quinquagesimo
966 2327 1053 2387 anno,
1069 2307 1191 2368 decumo

187 2389 329 2459 kalendas
344 2390 527 2469 Septembris
542 2389 668 2469 collega
685 2392 1041 2472 Pasccqneccnmltbm.
1072 2391 1153 2471 quod
1169 2390 1191 2450 si

187 2473 313 2534 habitum
334 2491 451 2552 quoque
468 2477 531 2535 eins
545 2477 658 2556 posteri
672 2494 799 2538 noscere
818 2477 922 2555 velint,
942 2477 1094 2539 decentior
1110 2492 1190 2555 quam

160 2555 338 2623 ’asablimior
353 2557 419 2627 luit;
436 2558 505 2619 nihil
517 2568 609 2620 metus
620 2559 650 2620 iu
663 2560 759 2622 voltu:
774 2563 869 2639 gratia
884 2563 945 2623 oris
957 2569 1120 2642 supererat.
1143 2559 1188 2618 bo·

188 2659 252 2702 nom
269 2643 359 2700 virum
370 2641 459 2703 facile
475 2642 630 2721 crederes,
645 2662 777 2723 magnum
791 2645 927 2708 libenter.
951 2647 1056 2726 etipse
1068 2643 1188 2723 quidem,

190 2742 360 2803 quamquam
374 2725 470 2798 medio
486 2727 515 2788 in
530 2728 626 2805 spatio
641 2728 774 2806 integrae
789 2732 890 2791 aetatis
906 2738 1037 2810 ereptus,
1059 2736 1187 2808 quonum

189 2807 224 2867 ad
249 2808 387 2891 gloriam,
417 2809 614 2887 longissimum
640 2829 743 2872 aevum
766 2815 893 2892 peregit
931 2815 1042 2895 quippe
1069 2821 1099 2872 et
1115 2825 1188 2870 ‘vcra
1251 2879 1252 2888 χ

189 2891 281 2965 bona,
301 2909 376 2970 quae
391 2894 420 2952 in
441 2894 594 2956 virtutibus
611 2897 665 2957 sita
685 2905 769 2974 sunt,
793 2897 980 2976 impleverat,
1002 2907 1032 2958 et
1047 2893 1187 2957 consulari
1251 2901 1252 2931 l

154 2993 226 3043 acac
252 2975 469 3055 triumphalibus
491 2982 676 3042 ornamentis·
691 2979 823 3060 praedltc
849 2981 917 3061 quid
939 2980 1016 3042 aliud
1041 2979 1187 3041 adstruere
1239 2973 1251 3000 ⁸

189 3060 304 3120 fortuna
319 3057 459 3137 poterat?
477 3063 581 3141 opibus
596 3065 691 3124 nimiis
706 3083 764 3125 non
774 3064 934 3142 pandebat:
952 3067 1110 3145 speciosae
1125 3080 1186 3124 con

190 3144 325 3220 tigerant.
354 3143 413 3204 lilia
435 3154 522 3223 atque
542 3163 635 3208 uxore
656 3149 860 3227 superstitibus
881 3157 979 3229 potest
998 3149 1093 3210 videri
1108 3150 1186 3210 etiam

189 3224 290 3283 beatus
307 3226 443 3287 incolumi
458 3228 614 3307 dignitate,
636 3230 760 3292 florente
775 3233 868 3309 lama,
889 3233 979 3294 salvis
1000 3232 1184 3294 adfinitatibus

190 3315 220 3365 et
243 3309 375 3368 amicitiis
396 3310 491 3372 lutura
512 3313 662 3390 effugisse.
690 3334 754 3377 nam
779 3317 864 3378 sicuti
886 3318 920 3360 **
940 3315 1043 3378 durare
1064 3318 1094 3376 in
1118 3317 1182 3376 hanc

155 3409 181 3448 rs
190 3386 348 3449 beatissimi
359 3394 469 3456 saeculi
485 3394 580 3456 lucem
594 3414 630 3458 ac
644 3399 805 3480 principem
816 3401 967 3463 'lraianum
978 3400 1095 3478 rudere,
1113 3397 1182 3481 quod
1248 3475 1249 3490 ,
