2596 3872
411 181 517 230 creua
532 181 609 230 xm.
625 181 701 232 cau.
722 181 841 238 16-19-
1065 173 1126 238 233

123 338 246 400 defuere
266 338 316 416 qui
337 346 493 414 arguerent
513 337 593 399 uiros
613 339 786 416 grauitatem
801 329 1025 420 accelerantes,
1049 343 1126 422 quod
1148 389 1151 397 .

124 423 229 484 domos
242 419 328 482 villas
343 421 372 482 id
386 423 527 501 temporis
549 423 631 502 quasi
648 422 784 502 praedam
801 425 977 486 diuisissent.
1006 426 1055 487 alii
1075 446 1125 488 ne·

125 507 293 568 cessitatem
309 504 462 566 adhibitam
481 504 639 567 credebant
654 524 670 567 a
685 509 827 587 principe,
844 509 967 570 sceleris
984 509 1040 572 sibi
1056 529 1124 572 con-

123 592 185 652 scio
201 596 231 650 et
245 589 358 651 reniam
374 599 528 669 sperante,
543 591 575 654 si
590 589 790 669 largitionibus
803 592 1009 656 validissimum
1026 611 1149 674 quem-s
1171 647 1178 672 ,

122 693 179 755 qne
195 673 410 736 obstrinxisset.
439 682 468 736 at
481 674 580 735 matris
595 675 638 736 ira
653 673 731 736 nulla
746 677 938 740 munificentia
953 677 1053 759 leniri,
1073 679 1125 740 sed

122 758 259 838 amplecti
276 757 436 838 Octaviam,
456 759 561 821 crebra
577 776 640 820 cum
653 760 753 821 amicis
768 771 884 824 secreta
898 761 1020 841 babere,
1036 781 1126 844 snper
1238 776 1240 780 '

121 844 277 922 ingenitam
290 843 437 905 avaritiam
450 843 577 923 undique
592 845 731 924 pecunias
747 846 829 926 quael
842 847 872 906 in
887 846 1045 908 subsidium
1061 867 1124 910 cor·

120 929 242 1007 ripiens,
256 926 387 988 tribunos
402 937 433 988 ct
447 929 633 989 centuriones
650 929 772 991 comiter
788 933 945 1013 excipere,
967 933 1080 994 nomina
1096 941 1126 993 et

119 1014 242 1074 virtutes
259 1010 415 1090 nobilium,
441 1013 490 1092 qni
506 1013 663 1073 etiamtum
684 1024 871 1094 supererant,
892 1017 922 1075 in
942 1015 1160 1086 bonorem-10

120 1098 203 1174 bere,
219 1097 301 1176 quusi
317 1105 475 1176 quaereret
490 1096 593 1158 ducem
608 1106 637 1157 et
653 1108 762 1177 partes.
797 1099 944 1179 cognitum
958 1099 987 1160 id
1002 1099 1124 1178 Neroni,

120 1181 320 1261 excubiasque
335 1180 486 1259 militares,
504 1198 580 1260 quae
595 1189 625 1241 nt
640 1181 758 1262 coniugi
773 1184 957 1264 imperatoris
973 1184 1050 1263 olim,
1066 1194 1125 1246 tum

120 1275 150 1328 nt
173 1267 256 1328 matri
277 1265 484 1344 servabantur,
509 1275 538 1326 et
557 1263 718 1328 Germanos
735 1285 829 1349 nuper
843 1268 965 1329 eundem
980 1267 1013 1330 in
1032 1268 1123 1330 bono·

119 1369 182 1412 rem
198 1349 334 1412 custodes
351 1349 464 1411 additos
480 1349 601 1428 degredi
618 1348 706 1411 iubet.
736 1369 771 1412 ac
785 1371 824 1412 ue
841 1362 928 1412 coetu
943 1353 1124 1414 salutantium

119 1437 366 1515 frequentaretur,
388 1443 516 1514 separat,
528 1433 642 1495 domum
662 1444 841 1516 matremque
858 1437 995 1497 transfert
1015 1438 1045 1497 in
1061 1454 1159 1500 eamrt

121 1538 195 1600 quae
211 1519 355 1580 Antoniae
369 1519 482 1596 luerat,
505 1519 638 1596 quotiens
652 1518 717 1598 ipse
731 1519 802 1580 illuc
815 1521 986 1598 ventitaret,
1006 1529 1124 1600 saeptus

118 1604 201 1665 turba
219 1605 419 1664 centurionum
434 1613 463 1664 et
477 1611 546 1682 post
560 1601 651 1663 breue
665 1603 798 1665 osculum
813 1603 991 1681 digrediens.

181 1687 230 1749 19.
252 1687 329 1748 Nibil
351 1705 448 1748 rerum
468 1686 630 1748 mortalium
653 1695 710 1748 tam
732 1686 865 1749 instabile
893 1707 927 1749 ac
952 1687 1058 1748 lluxum
1080 1696 1124 1748 est

120 1791 204 1853 quam
220 1772 295 1833 lama
310 1772 458 1852 potentiae
473 1787 532 1832 uon
548 1789 599 1833 sua
611 1772 640 1831 ui
655 1772 749 1832 nixae.
769 1773 861 1833 statim
872 1772 1005 1834 relictum
1016 1771 1124 1850 Agrip·

120 1859 205 1938 piuae
221 1856 322 1917 limen:
340 1873 425 1917 uerno
441 1855 545 1934 solari,
570 1872 656 1916 nemo
677 1856 757 1917 adire
777 1865 896 1936 praeter
917 1875 1026 1936 paucas
1042 1857 1123 1918 lemi-

118 1959 189 2014 nas,
210 1957 309 2002 amore
330 1957 366 2002 an
388 1939 455 2000 odio
482 1939 619 2001 incertas.
651 1958 689 2001 ex
711 1939 822 2020 quibus¹
836 1950 899 2001 erat
918 1940 998 2002 lunia
1016 1941 1124 2018 Silana,

120 2043 205 2106 qnam
222 2024 403 2086 matrimonio
420 2022 455 2086 c.
472 2023 524 2085 Sili
539 2041 557 2085 a
570 2023 727 2086 blessalina
743 2024 894 2103 depulsam
910 2043 998 2105 supra
1013 2024 1122 2100 rettuli,
1135 2038 1149 2078 u

119 2111 241 2188 insignis
263 2126 375 2187 genere
394 2108 487 2170 lorma
509 2107 645 2186 lascivia,
668 2117 698 2168 et
719 2107 906 2188 Agrippinae
922 2109 969 2170 diu
990 2126 1124 2186 percara,

119 2211 187 2254 mou
202 2192 326 2254 occultis
342 2195 417 2255 inter
433 2210 484 2253 eas
499 2191 719 2269 offensionibus,
736 2193 803 2272 quia
814 2193 944 2254 Sentium
956 2191 1124 2253 Africanum

118 2276 245 2340 nobilem
259 2279 392 2339 iuvenem
406 2295 423 2338 a
438 2278 546 2356 nuptiis
559 2275 676 2337 Silanae
691 2275 874 2339 deterruerat
887 2277 1069 2356 Agrippina,
1083 2277 1124 2336 in·

119 2362 252 2444 pudicam
278 2370 308 2422 et
332 2371 502 2440 vergentem
529 2362 610 2421 annis
635 2359 784 2438 dictitans,
806 2363 876 2422 'non
903 2371 933 2422 ut
957 2359 1125 2422 Africanum

119 2447 173 2508 sibi
188 2454 358 2526 seponeret,
373 2445 426 2508 sed
442 2464 480 2506 ne
496 2443 601 2524 opibus
621 2453 652 2506 et
666 2443 791 2506 orbitate
805 2445 923 2506 Silanae
938 2446 1055 2506 maritus
1071 2462 1123 2523 po·
1135 2456 1160 2499 1⁰

89 2603 92 2608 ¹
119 2540 238 2593 teretur.
267 2529 318 2592 illa
337 2548 392 2611 spe
412 2529 529 2590 ultiouis
550 2527 648 2591 oblata
665 2537 748 2610 parat
767 2538 956 2591 accusatores
977 2547 1015 2590 ex
1036 2528 1124 2590 clien-

119 2616 195 2678 tibus
218 2616 294 2692 suis,
314 2613 432 2675 Iturium
454 2623 483 2674 et
501 2612 676 2690 Calvisium,
699 2631 757 2675 non
771 2624 873 2675 vetera
889 2623 918 2675 et
932 2615 1051 2692 saepius
1068 2613 1124 2674 iam

118 2701 214 2761 andita
236 2699 391 2778 deferens,
414 2697 493 2777 qnod
513 2697 671 2759 Britannici
690 2706 811 2760 mortem
836 2699 953 2778 lugeret
972 2707 1020 2758 aut
1039 2696 1124 2757 Octa-

118 2785 184 2846 viae
198 2784 317 2846 iniurias
335 2783 498 2862 evulgaret,
515 2781 568 2842 sed
582 2781 774 2844 destinavisse
790 2801 854 2844 eam
865 2782 1030 2856 Rubellium
1041 2781 1125 2842 Plau-

117 2878 194 2947 tum,
219 2885 274 2949 per
294 2875 454 2928 maternam
478 2867 622 2945 originem
646 2867 709 2945 pari
735 2885 770 2928 ac
788 2866 869 2928 Nero
891 2867 982 2944 gradu
1010 2885 1026 2927 a
1055 2865 1123 2926 diuo
1135 2871 1160 2913 1⁸

117 2953 269 3032 Angusto,
300 2952 406 3013 adres
430 2967 523 3012 novas
542 2950 687 3012 extollere
711 2953 905 3032 coniugioque
931 2950 994 3012 eius
1018 2958 1048 3011 et
1070 2950 1126 3010 iam

117 3038 241 3116 imperio
259 3053 321 3097 rem
344 3035 488 3116 publicam
507 3052 606 3097 rursus
624 3035 770 3099 invadere.
799 3036 874 3098 lraec
888 3035 992 3098 Iturius
1013 3043 1044 3096 et
1059 3033 1127 3096 Gal-

117 3123 209 3183 risins
226 3120 371 3198 Atimeto,
397 3119 543 3181 Domitiae
563 3117 689 3181 Neronis
710 3121 813 3182 amitae
833 3120 957 3200 liberto,
984 3120 1125 3199 aperiunt.

119 3207 167 3286 qui
186 3205 281 3278 laetus
299 3204 406 3266 oblatis
422 3205 549 3285 (quippe
566 3205 641 3265 inter
661 3203 852 3285 Agrippinam
867 3214 896 3266 et
910 3205 1063 3266 Domitiam
1085 3204 1125 3263 in·

116 3289 203 3352 iensa
223 3288 378 3351 aemulatio
396 3286 612 3366 exercebatur)
635 3288 768 3350 Paridem
786 3289 970 3364 histrionem,
991 3286 1161 3348 libertum²⁰

118 3383 149 3434 et
165 3375 259 3454 ipsum
272 3374 434 3451 Domitiae,
453 3370 565 3452 impulit
587 3373 631 3433 ire
652 3389 782 3452 propere
798 3374 967 3452 crimenque
988 3370 1127 3432 atrociter

118 3457 249 3525 deferre.
