2540 3874
139 93 179 156 86
400 102 893 164 conunnrnnnomnnunnnmn

137 263 195 321 tiae
211 277 294 320 meae
310 277 450 339 nusquam
465 259 548 319 locus
563 268 618 334 est,
639 257 711 319 deos
727 258 894 320 inmortales
918 267 1011 321 testor
1032 259 1142 323 vixisse
1163 326 1166 330 ,
1260 303 1261 320 .

137 363 199 421 me,
217 342 344 420 Caesar,
368 361 432 403 cunr
454 337 510 404 ilde
532 343 686 403 adversum
707 351 754 419 te,
778 360 874 421 neque
895 342 951 404 alla
973 344 1002 403 iu
1021 353 1142 405 matrem
1260 329 1261 362 ³

137 440 212 489 tuam
228 429 351 507 pietate;
368 445 482 507 rosque
498 444 550 487 oro
566 427 667 488 liberis
682 427 754 488 meis
778 428 955 504 consulatis,
977 445 1014 488 er
1040 428 1143 507 quibus

136 512 189 573 (ln.
208 513 276 574 Piso
294 512 497 592 qualicumque
512 511 646 572 lortunae
661 529 744 572 meae
758 527 816 570 noa
832 521 877 572 est
892 512 1062 589 adiunctus,
1078 531 1141 577 cum
1260 555 1261 598 ,

101 613 221 658 roomne
242 598 300 658 hoc
320 605 433 676 tempus
452 597 480 655 in
502 595 574 656 urbe
593 597 702 673 egerit,
727 593 765 654 bl.
783 594 850 656 Piso
870 606 1008 675 repetere
1032 597 1144 658 Suriam
1207 606 1211 612 “
1260 599 1261 628 l

137 681 307 743 dehortatus
325 689 385 741 est.
419 689 507 760 atque
526 681 633 740 utinam
654 698 712 758 ego
736 681 834 758 potius
855 681 915 740 lilio
939 682 1143 761 iuveniquam
1260 703 1261 714 ¹

135 766 186 826 ille
204 767 279 846 patri
298 767 361 825 seni
377 767 528 826 cessisset.
560 782 596 825 eo
612 764 761 844 inpensius
783 782 891 844 precor
914 783 950 826 ne
974 783 1057 826 meae
1079 783 1143 846 pra·

136 853 232 912 vitatis
249 867 361 930 poenas
376 850 509 910 innoxius
525 848 594 910 luat.
626 867 680 928 per
692 849 820 929 quinque
839 859 867 910 et
883 849 1071 929 quadraginta
1095 867 1143 910 an·

136 953 236 995 norum
259 935 448 1014 obsequium,
479 953 532 1012 per
558 933 714 1012 collegium
733 932 900 1007 consulatus
916 935 1059 1014 quondam
1076 934 1144 1004 divo
1260 965 1261 978 .

100 1021 268 1096 asAugusto
284 1019 396 1098 parenti
420 1027 470 1078 tuo
494 1018 633 1098 probatus
659 1027 689 1078 et
708 1016 759 1077 tibi
781 1018 889 1078 amicus
915 1015 1146 1098 necquicquam
1260 1019 1261 1092 ζ

135 1113 202 1183 post
217 1102 292 1164 haec
307 1111 462 1180 rogaturus
480 1103 602 1163 salutern
618 1102 742 1164 infelicis
763 1101 814 1162 ulii
836 1094 929 1181 rogo’
954 1103 990 1164 de
1009 1101 1145 1168 Plancina

135 1188 203 1247 nihil
220 1187 338 1248 addidit.
1260 1243 1261 1258 ,

200 1273 247 1332 17.
267 1270 337 1331 Post
354 1289 429 1350 quae
447 1270 582 1332 Tiberius
598 1273 817 1334 adulescentem
833 1273 951 1332 crimine
966 1271 1060 1332 civilis
1072 1270 1146 1332 belli

135 1357 285 1436 purgavit,
302 1356 391 1435 patris
403 1357 513 1436 quippe
530 1357 680 1418 iussa-nec
701 1358 832 1436 potuisse
855 1356 943 1418 lilium
966 1355 1145 1431 detrectare,

135 1439 219 1502 simul
240 1439 421 1503 nobilitatem
443 1441 563 1519 domus,
589 1441 674 1502 etiam
694 1443 786 1519 ipsius
806 1458 925 1522 quoquo
947 1440 1033 1502 modo
1048 1440 1146 1500 meriti
1260 1459 1261 1548 q

133 1544 254 1602 gravem
270 1543 367 1585 casum
382 1527 545 1588 miseratus.
579 1542 633 1606 pro
657 1525 794 1588 Plancina
818 1524 881 1586 cuin
903 1526 1016 1605 pudore
1041 1533 1070 1584 et
1091 1523 1144 1588 ba·
1260 1549 1261 1598 l

111 1611 207 1687 agitio
223 1610 370 1686 disseruit,
383 1611 479 1670 matris
494 1628 600 1688 preces
614 1610 788 1688 obtendens,
800 1611 829 1670 in
840 1628 922 1688 quam
935 1610 1035 1689 optimi
1047 1609 1144 1671 ouius·

134 1712 190 1771 que
209 1695 318 1754 secreti
337 1703 456 1772 questus
478 1697 570 1773 magis
591 1693 794 1756 ardescebant.
831 1695 860 1756 id
883 1712 956 1773 ergo
980 1694 1024 1754 las
1048 1694 1144 1770 aviae,

133 1777 360 1838 interfectricem
380 1780 495 1856 nepotis
515 1778 687 1860 adspicere,
715 1779 849 1858 adloqui,
876 1779 993 1856 eripere
1020 1779 1146 1839 senatui.
1260 1779 1261 1832 l

132 1861 210 1941 quod
226 1878 280 1939 pro
297 1863 428 1924 omnibus
446 1863 555 1924 civibus
568 1864 652 1941 leges
664 1863 824 1941 obtineant,
839 1865 886 1924 uni
900 1862 1071 1925 Germanico
1084 1879 1158 1922 non·

134 1945 303 2024 contigisse.
333 1945 444 2007 Vitellii
462 1957 491 2007 et
505 1947 624 2009 Veranii
647 1965 722 2008 voce
746 1947 883 2009 deletum
907 1943 1082 2022 Gaesarem,
1106 1948 1144 2009 ab

28 2047 31 2052 ·
99 2033 310 2109 aoimperatore
326 2039 354 2090 st
369 2030 501 2108 Augusta
517 2032 667 2092 defensam
681 2032 856 2093 Plancinam.
888 2030 1010 2111 proinde
1029 2049 1143 2094 verreua

132 2125 162 2174 et
180 2123 258 2175 artes
274 2123 330 2176 tam
345 2114 476 2175 feliciter
491 2127 629 2196 expertas
645 2126 776 2177 verteret
791 2118 819 2176 in
836 2117 1044 2196 Agrippinam,
1067 2116 1095 2175 in
1108 2115 1143 2177 li·

131 2199 221 2260 beros
237 2199 316 2276 eius,
334 2200 543 2282 egregiamque
559 2203 651 2263 aviam
666 2219 701 2261 ao
724 2211 856 2281 patruum
877 2201 1018 2278 sanguine
1041 2201 1144 2261 miser·

131 2285 220 2345 rimae
236 2275 526 2345 domus-exsatiaret.
564 2285 679 2346 biduum
702 2304 792 2365 super
815 2286 870 2346 bac
893 2285 1017 2364 imagine
1041 2285 1144 2362 cogni·

131 2367 218 2429 donis
233 2367 430 2447 absumptum,
445 2380 587 2447 urguente
610 2369 729 2430 Tiberio
752 2369 863 2430 liberos
885 2369 1000 2430 Pisonis
1020 2377 1142 2428 matrem

97 2453 172 2513 lauti
187 2460 346 2512 tuerentur.
379 2461 408 2512 et
423 2471 487 2514 cum
502 2465 691 2516 accusatores
706 2473 741 2514 ac
756 2463 848 2516 testes
866 2455 996 2516 certatim
1019 2469 1141 2532 perora·

131 2546 195 2596 rent
219 2537 416 2614 respondente
441 2536 537 2616 nullo,
560 2540 707 2598 miseratio
731 2556 816 2617 quarn
838 2533 943 2600 invidia
965 2535 1138 2615 augebatur.

132 2622 239 2699 primus
255 2623 424 2682 sententiam
441 2631 561 2699 rogatus
577 2622 714 2684 Aurelius
732 2619 817 2684 Cotta
834 2622 935 2684 consul
960 2623 1039 2702 (nam
1062 2620 1142 2681 reie-

96 2747 98 2753 -
131 2713 213 2764 rente
231 2702 359 2766 Caesare
374 2708 558 2784 magistratus
575 2702 611 2768 eo
627 2708 713 2769 etiam
727 2725 848 2770 munere
860 2706 1072 2785 fungebantur)
1090 2723 1142 2766 no·

131 2787 318 2849 menPisonis
331 2789 507 2852 eradendum
520 2793 602 2853 lastis
618 2794 743 2869 censuit,
753 2799 866 2870 partem
883 2793 1027 2853 bonorum
1048 2788 1142 2870 publi·

96 2892 121 2931 ss
133 2873 262 2949 eandam,
281 2893 347 2952 pars
367 2883 397 2935 ut
417 2871 469 2932 (ln.
489 2875 586 2936 Pisoni
601 2876 660 2936 lilio
674 2877 888 2938 concederetur
909 2877 993 2956 isque
1017 2892 1140 2956 praeno·

132 2975 196 3016 men
213 2967 351 3026 mutaret;
368 2957 406 3018 bl.
422 2959 490 3019 Piso
504 2969 589 3020 exuta
599 2960 736 3040 dignitate
750 2969 779 3022 et
790 2970 915 3040 accepto
929 2960 1140 3040 quinquagiens

131 3042 269 3101 sestertio
284 3043 311 3102 iu
327 3043 429 3114 decem
447 3061 537 3104 annos
552 3045 752 3122 relegaretur,
771 3062 913 3106 concessa
929 3045 1082 3106 Plancinae
1098 3045 1141 3103 in·
1260 3033 1261 3074 ¹

35 3197 40 3206 .
114 3124 353 3202 'columitateob
374 3146 480 3205 preces
499 3128 660 3207 Augustae.
1260 3125 1261 3192 l

199 3210 247 3270 18.
267 3207 357 3272 Multa
376 3230 413 3270 ex
434 3229 468 3271 ea
494 3214 636 3273 sententia
655 3215 783 3292 mitigata
806 3222 872 3274 sunt
893 3232 909 3274 a
933 3214 1080 3293 principe:
1105 3232 1145 3276 ne
1260 3193 1261 3284 i

133 3309 236 3350 nomen
249 3291 365 3355 Pisonis
382 3295 464 3356 lastis
479 3299 666 3372 eximeretur,
685 3297 798 3377 quando
815 3296 852 3358 tl.
869 3297 996 3376 Antonii,
1014 3297 1062 3377 qni
1078 3297 1143 3359 bel·

133 3374 190 3434 lum
206 3376 318 3452 patriae
333 3378 465 3457 iecisset,
481 3379 536 3441 Iuli
550 3381 684 3460 Antonii,
698 3383 747 3462 qui
761 3380 876 3442 domum
893 3381 1017 3461 Augusti
1032 3380 1143 3442 riolas-
