2570 3878
174 162 235 226 178
429 173 922 256 conusuunscrnrsuuanruu

136 332 303 397 acediertur
326 330 423 392 redire
453 330 569 396 'liberio
592 348 698 392 vocem
724 348 761 390 ac
783 333 862 390 uisus
880 331 1037 410 vocarique
1061 330 1108 409 qui
1129 345 1173 387 re·

175 415 318 476 creandae
342 415 501 476 defectioni
519 416 613 475 eibum
631 414 788 475 adferrent.
819 431 912 494 pavor
926 413 993 474 lrinc
1013 415 1042 472 in
1063 430 1174 488 omues,
1272 477 1273 480 Ἴ

174 511 203 560 et
219 500 311 560 ceteri
331 502 439 579 passim
453 499 599 581 dispergi,
623 517 656 560 se
678 501 800 578 quisque
820 508 959 560 maestum
981 508 1028 559 aut
1047 497 1175 558 nesciunt

173 585 300 664 lingere3
325 583 435 646 caesar
456 585 485 644 in
512 584 655 645 silentium
677 583 752 644 linus
778 601 795 643 a
817 601 925 643 summa
945 601 999 664 spe
1019 583 1175 644 nouissima
1215 586 1217 592 ’
1272 661 1273 664 ¹

173 669 358 748 expectabat.
387 667 488 729 lilacro
510 668 670 748 intrepidus
685 667 810 748 opprimi
830 686 929 727 senem
949 667 1056 728 iniectu
1069 667 1175 727 multae
1272 673 1273 680 ’

137 756 263 815 accestis
278 753 358 814 iubet
370 752 540 832 discedique
555 753 591 814 ab
606 753 712 812 limine.
749 754 792 812 sic
807 751 940 813 'liberius
953 753 1052 832 linivit,
1069 759 1174 812 octauo

173 849 202 900 et
217 841 435 918 septuagesimo
450 839 554 898 aetatis
569 854 653 898 anno.

237 921 288 984 51.
318 922 404 983 Pater
429 923 456 982 ei
478 921 558 983 Nero
589 931 618 982 et
638 921 779 1002 utrimque
804 922 889 1000 origo
910 923 1007 1001 gentis
1029 913 1175 993 Claudiae,
1272 973 1273 978 ,

172 1024 342 1087 quamquam
363 1015 454 1066 mater
474 1009 503 1084 in
521 1005 630 1068 Liviam
645 1015 674 1066 et
689 1023 757 1067 mox
772 1004 873 1066 luliam
887 1001 1024 1068 familiam
1044 1003 1174 1084 adoptio·

171 1091 256 1151 nibus
270 1092 426 1151 transierit.
457 1109 542 1151 casus
557 1092 648 1170 prima
667 1089 705 1151 ab
720 1089 841 1151 infantia
857 1091 1012 1173 aucipites;
1028 1107 1094 1150 uam
1109 1102 1175 1166 pro·
1272 1113 1273 1138 t

172 1176 311 1254 scripturn
327 1184 439 1255 patrem
455 1175 523 1235 exul
541 1183 674 1251 secutus,
690 1173 738 1234 uhi
756 1173 869 1235 domum
884 1175 1010 1254 Augusti
1025 1175 1175 1255 privignus
1272 1181 1273 1222 l

145 1259 294 1337 sintroiit‚
320 1258 416 1319 multis
439 1259 559 1319 aemulis
583 1258 765 1321 condictatus
790 1267 852 1338 est,
880 1256 946 1321 dnm
966 1258 1125 1321 Marcellus
1147 1263 1176 1314 et

171 1343 317 1423 Agrippa,
333 1361 402 1403 mox
418 1342 505 1405 Gaius
520 1343 683 1423 Luciusque
698 1340 843 1418 Caesares
859 1345 997 1423 viguere;
1018 1344 1106 1404 etiam
1119 1340 1175 1401 lra-
1272 1343 1273 1420 l

77 1487 80 1494 .
170 1437 216 1489 ter
236 1429 298 1488 eius
313 1427 425 1488 Drusus
443 1428 633 1508 prosperiore
651 1427 755 1488 civium
768 1445 868 1488 amore
884 1437 955 1489 erat.
987 1426 1040 1488 sed
1053 1427 1177 1488 maxime

171 1512 335 1574 inlubrico
357 1513 419 1590 egit
442 1522 565 1590 accepta
588 1505 618 1571 in
639 1512 849 1573 matrimonium
867 1511 954 1590 lulla,
981 1509 1177 1591 inpudicitiam
1272 1512 1273 1588 }

171 1599 274 1657 uxoris
289 1596 419 1657 tolerans
436 1605 483 1657 aut
498 1596 657 1657 declinans.
689 1595 756 1656 dein
769 1595 873 1658 Rhodo
895 1614 1050 1675 regressus
1067 1611 1176 1656 vacuos

136 1709 163 1750 10
173 1682 313 1762 principis
333 1690 455 1759 penates
479 1679 631 1740 duodecim
655 1681 751 1757 annis,
776 1683 909 1742 morrei
930 1681 1080 1742 Romanae
1103 1678 1177 1740 arhi-

171 1766 255 1825 trium
275 1763 368 1825 tribus
387 1765 479 1824 ierme
502 1774 531 1824 et
554 1765 655 1841 viginti
677 1764 808 1824 obtinuit.
841 1783 952 1826 unorum
968 1783 1087 1845 quoque
1108 1774 1177 1825 tem·
1209 1771 1214 1778 ·
1272 1763 1273 1844 ss

173 1866 247 1928 pora
260 1848 302 1908 illi
318 1848 451 1909 diuersa:
468 1849 621 1926 egregium
633 1849 690 1908 vita
704 1848 848 1928 famaque,
872 1849 967 1928 quoad
984 1853 1115 1929 privatus
1130 1845 1177 1908 vel
1272 1887 1273 1918 ᾖ

170 1934 201 1992 in
217 1933 345 2011 imperiis
360 1930 413 1992 sub
428 1931 562 2010 Augusto
578 1932 646 2002 luit;
663 1932 807 1994 occultum
820 1951 855 1994 uc
867 1933 1020 1996 subdolum
1033 1932 1177 2013 lingendis
1272 1949 1273 2016 q

136 2028 139 2033 '
171 2015 340 2094 virtutibus,
364 2015 459 2078 donec
482 2015 668 2078 Germanicus
693 2035 728 2077 ac
749 2016 861 2078 Drusus
887 2019 1074 2098 superfuere3
1101 2018 1177 2078 idern

133 2102 248 2182 spinter
267 2100 344 2161 bona
365 2100 499 2181 malaque
512 2102 616 2161 mixtus
638 2101 776 2161 incolumi
790 2112 898 2172 matre;
921 2101 1097 2164 intestabilis
1113 2121 1176 2163 sac·

166 2277 321 2349 postremo
343 2270 372 2329 in
393 2271 509 2332 scelera
531 2270 614 2331 simul
633 2287 668 2330 ao
689 2269 837 2332 dedecora
859 2274 1006 2353 prorupit,
1023 2282 1177 2354 postquam
1272 2301 1273 2310 κ

164 2361 285 2417 remoto
303 2353 415 2436 pudore
432 2364 461 2416 et
476 2363 552 2416 metu
567 2372 620 2416 suo
635 2362 743 2416 tantum
756 2357 875 2434 ingenio
891 2354 1033 2418 utebatur.
