2510 3864
162 161 225 224 250
401 172 695 222 memoremus
711 169 930 222 onnnomnus

162 331 286 392 stionem
300 329 425 390 movisti.
454 326 508 388 sed
522 326 587 406 qais
603 343 666 388 eam
681 325 783 386 iustius
799 325 960 405 explicabit
977 344 1066 406 quam
1082 337 1127 408 tn,
1142 331 1178 392 ad

163 415 245 475 ouius
256 431 392 474 summum
407 411 597 472 eruditionem
609 419 637 471 et
651 409 927 488 praestantissimum
940 411 1090 487 ingenium
1105 432 1179 482 eura

163 514 280 578 quoque
297 507 326 558 et
339 495 487 557 meditatio
503 491 666 557 aoeessiti’

138 607 152 648 ι
229 581 266 642 br
281 581 419 644 Messalla
441 581 603 660 ‘aperiam’
624 578 715 658 inquit
736 579 951 656 ‘cogitationes
972 596 1071 658 meas,
1095 581 1125 641 si
1145 582 1179 644 il-

162 666 211 726 lud
226 683 242 727 e
257 666 342 726 vobis
355 673 423 726 ante
438 665 646 743 impetravero,
662 670 693 723 ιιι
707 680 763 722 vos
778 681 895 744 quoque
911 681 1078 726 sermonem
1093 663 1180 729 huno

66 791 70 806 ,
161 759 290 811 nostrum
306 749 472 811 adiuvetis?

225 834 300 895 ‘Pro
314 833 447 894 doobus’
471 832 562 910 inquit
576 831 723 892 Maternus
738 833 913 911 ‘promitt03
935 849 1000 892 nam
1016 839 1047 891 et
1061 850 1124 911 ego
1148 844 1176 896 et

161 917 314 979 Secundus
329 934 525 995 exsequemur
538 932 589 976 eas
604 922 719 994 partes,
735 931 808 993 quas
821 915 1052 977 intellexerimus
1067 924 1098 976 te
1115 934 1176 978 non

126 1017 153 1062 ιι
163 1010 220 1063 tam
234 1003 368 1063 omisisse
383 1019 467 1080 quam
482 998 567 1060 nobis
581 999 746 1078 reliquisse.
774 997 886 1079 Aprum
903 1000 977 1061 enim
996 999 1098 1061 solere
1115 1000 1172 1062 dis·

161 1085 269 1147 sentire
294 1094 324 1147 et
337 1094 367 1145 tu
387 1085 477 1164 paulo
497 1091 565 1145 aute
585 1081 682 1143 dixisti
704 1092 733 1143 et
755 1083 819 1162 ipse
841 1085 913 1145 satis
930 1084 1104 1145 manifestus
1126 1094 1172 1146 est

159 1169 216 1230 iam
237 1167 339 1230 dudum
356 1170 385 1230 in
400 1167 574 1230 eontrarium
594 1167 710 1246 aooingi
730 1185 786 1228 neo
806 1185 901 1248 aequo
917 1168 1011 1230 animo
1032 1167 1166 1248 perferre

159 1251 235 1314 bano
249 1248 376 1315 nostram
393 1270 447 1333 pro
465 1252 647 1333 antiquorum
659 1250 746 1314 laude
761 1251 970 1314 ooneordiam?

222 1336 306 1399 ‘Non
324 1339 418 1399 enim’
433 1337 525 1418 inquit
539 1335 645 1416 Aper
653 1334 805 1398 inauditum
822 1345 852 1397 et
867 1335 1051 1397 indefensum
1065 1353 1156 1396 saeou·

124 1441 150 1484 ιι
161 1423 220 1485 lum
246 1431 375 1485 nostrum
393 1423 487 1504 patiar
506 1421 563 1482 bae
583 1427 683 1481 vestra
705 1420 922 1520 conspiratione
942 1418 1085 1481 damnari:
1114 1417 1161 1480 sed

158 1508 218 1569 lroo
237 1508 358 1586 primum
373 1504 577 1584 interrogabo,
601 1520 676 1584 quos
696 1507 810 1565 vooetis
824 1505 976 1584 antiquos,
998 1520 1085 1582 quum
1100 1521 1161 1564 ora·

158 1600 254 1654 torum
268 1601 392 1653 aetatem
407 1590 621 1668 significatione
633 1589 688 1648 ista
703 1586 908 1650 determinetis.
938 1605 996 1666 ego
1013 1587 1089 1648 enim
1102 1605 1162 1648 oum

159 1677 245 1737 audio
265 1677 413 1754 antiquos,
432 1673 572 1754 quosdam
590 1681 708 1748 veteres
723 1680 753 1733 et
767 1672 835 1733 olim
850 1681 935 1736 natos
950 1671 1112 1750 intellego;
1132 1690 1165 1732 ao

158 1759 227 1820 milri
247 1768 399 1820 versantur
419 1767 488 1820 ante
502 1757 605 1818 oeulos
621 1755 726 1818 Ulixes
744 1774 780 1820 ao
794 1755 922 1834 Nestor,
945 1772 1067 1836 quorum
1082 1765 1166 1818 aetas

123 1841 237 1904 romille
252 1841 317 1902 iere
334 1851 363 1902 et
374 1842 513 1904 treeentis
529 1842 610 1903 aunis
626 1840 774 1902 saeculum
789 1849 919 1902 nostram
933 1838 1094 1902 antecedit:
1109 1857 1166 1900 vos

44 1941 57 1958 ·
158 1933 252 1986 autem
266 1924 492 1987 Demosthenem
508 1934 536 1986 et
550 1924 728 2004 Hyperidem
742 1926 897 2006 profertis,
913 1941 988 2006 quos
1006 1925 1078 1985 satis
1092 1941 1164 1984 oon·

158 2017 214 2070 stat
229 2007 356 2090 Philippi
377 2007 576 2071 etAlexandri
597 2008 775 2087 temporibus
795 2009 947 2087 lloruisse,
968 2008 1008 2069 ita
1023 2016 1120 2068 tamen
1135 2017 1166 2070 ut

156 2094 271 2172 utrique
287 2093 459 2171 superstites
477 2101 584 2154 essent
616 2110 654 2153 ex
669 2110 727 2172 ouo
744 2101 867 2173 apparet
881 2110 940 2155 nou
938 2054 1046 2154 multo
1060 2092 1167 2236 leures
1234 2096 1248 2232 p

154 2197 238 2258 quam
256 2178 484 2257 quadringentos
499 2197 589 2240 annos
605 2181 753 2240 interesse
773 2181 851 2240 inter
864 2187 994 2239 nostram
1016 2175 1087 2238 elD
1090 2195 1171 2238 erno·

113 2278 140 2320 ιι
156 2262 268 2324 stbenis
280 2271 415 2324 aetatem
432 2263 509 2341 qood
521 2265 644 2342 spatium
656 2265 800 2343 temporis
811 2282 834 2324 ει
828 2262 884 2323 ad
892 2262 1093 2322 infirmitatem
1104 2279 1173 2322 eor·

156 2365 261 2429 porum
274 2355 440 2408 nostrornm
451 2344 575 2424 referas,
590 2346 718 2407 fortasse
732 2345 851 2425 longum
862 2345 1010 2416 videator;
1026 2365 1050 2407 sa
1043 2346 1103 2407 ad
1114 2365 1165 2409 na·

155 2441 247 2494 turam
264 2431 449 2493 saeculorum
465 2447 500 2492 ao
515 2437 651 2509 respeotu
669 2430 791 2510 inmensi
807 2429 891 2491 buius
911 2433 993 2510 aevi,
1021 2449 1165 2511 perquam
1249 2441 1250 2494 }

155 2516 247 2577 breve
265 2515 338 2576 etin
354 2514 488 2595 proximo
504 2521 560 2574 est.
575 2530 641 2574 nam
658 2513 693 2593 si,
711 2522 742 2574 ut
758 2512 865 2575 Gieero
881 2514 910 2575 in
920 2513 1078 2576 Hortensio
1091 2517 1163 2577 seri·
1249 2527 1250 2584 f

154 2597 214 2678 bit,
236 2599 262 2660 is
283 2608 327 2660 est
348 2615 470 2678 magnus
487 2606 517 2659 et
536 2615 624 2658 verns
640 2614 747 2677 annos,
768 2615 825 2682 quo
845 2597 948 2660 eadem
962 2599 1071 2678 positio
1087 2599 1162 2662 oaeli
1249 2633 1250 2648 ι

118 2701 146 2745 ιι
156 2683 354 2763 siderumque,
378 2701 453 2764 quae
473 2699 537 2744 oum
559 2682 683 2742 maxime
706 2690 767 2761 est,
793 2700 906 2743 rursum
930 2683 1050 2761 existet,
1077 2684 1160 2764 isque
1249 2703 1250 2748 ι

155 2785 245 2828 annus
269 2766 370 2828 borum
398 2785 472 2847 quos
495 2783 551 2827 nos
572 2783 713 2829 vooamns
738 2783 879 2828 annorum
903 2766 1057 2829 dnodeoim
1085 2769 1163 2828 milia

152 2857 317 2927 nongentos
335 2853 541 2930 quinquaginta
565 2861 700 2930 quattuor
714 2852 933 2931 complectitur,
956 2853 1085 2932 [incipit]
1107 2851 1165 2912 De·

151 2933 321 2996 mosthenes
338 2933 472 3012 videtur,
497 2954 582 3014 quem
600 2953 654 2996 vos
670 2945 803 2996 veterem
820 2944 849 2996 et
871 2937 1016 3016 antiquum
1041 2937 1165 3014 lingitis,
1249 2951 1250 3022 l

151 3035 209 3078 non
226 3018 319 3079 solum
338 3018 443 3080 eodem
457 3037 532 3080 enno
549 3037 605 3098 quo
622 3038 694 3098 nos,
712 3019 764 3080 sed
782 3022 868 3080 etiam
880 3019 983 3080 eodem
999 3037 1101 3082 mense
1114 3037 1167 3081 ox·

118 3103 258 3166 astitisse.

96 3181 102 3195 ’
217 3189 265 3248 17.
289 3187 348 3249 Sed
367 3197 484 3250 transeo
501 3187 538 3250 ad
554 3186 671 3250 Latinos
689 3198 839 3269 oratores,
861 3189 890 3251 in
908 3189 1012 3290 quibus
1027 3189 1161 3252 nonlle
1249 3233 1250 3240 ι

150 3273 280 3347 nenium,
302 3280 434 3350 utputo,
453 3272 630 3355 Agrippam,
648 3275 698 3354 pul
716 3282 816 3354 potest
830 3273 924 3336 videri
938 3275 1088 3354 antiquos,
1106 3291 1157 3335 no·

148 3362 275 3414 utrorum
297 3362 459 3435 temporum
481 3357 597 3417 disertis
616 3367 795 3438 anteponere
813 3357 932 3438 soletis,
961 3357 1013 3419 sed
1036 3355 1156 3425 (dinero

150 3451 215 3494 nem
237 3445 266 3495 et
286 3434 443 3499 Gaesarem
466 3448 495 3500 et
517 3438 646 3502 (laelium
668 3451 697 3503 et
717 3441 837 3506 Calvum
858 3451 887 3505 et
903 3441 1019 3504 Brutum
1038 3450 1068 3502 et
1088 3441 1153 3502 Asi
