2540 3874
162 177 202 239 52
410 185 575 234 oounuurr
592 183 710 254 rnorrr
725 182 908 230 unnuurun

161 343 268 405 ciendis
294 343 423 423 coeptis,
446 339 539 400 aerius
563 337 732 402 modestiam
755 338 816 396 eius
847 334 1013 419 adgreditur
1042 333 1161 394 alterum

162 427 339 489 consulatum
362 422 527 499 offerendo,
556 424 636 484 ouius
657 421 749 486 munia
773 437 913 500 praeseus
934 417 1038 486 obiret.
1080 417 1162 482 simul

162 508 351 586 adnectebat,
372 510 396 569 si
413 509 492 567 foret
511 505 603 570 adhue
618 503 799 579 bellandum,
821 503 1000 586 relinqueret
1013 502 1163 568 materiem

161 595 246 655 Drusi
265 592 362 656 fratris
377 590 508 668 gloriae,
532 590 580 668 qui
594 587 673 652 nullo
691 597 747 652 tum
767 587 824 648 alio
840 585 998 652 nosternon
1016 586 1070 649 nisi
1086 584 1164 732 efud

129 677 329 740 eotlermouias
355 673 475 754 adsequi
506 689 610 736 nomeu
637 671 849 750 imperatorium
870 678 900 730 et
923 669 1079 754 deportare
1115 687 1164 733 au·

162 779 241 824 ream
263 769 374 838 posset.
413 756 488 822 haud
509 764 659 820 eunetotus
681 763 727 818 eet
747 755 820 816 ultra
840 753 1042 832 dermannus,
1065 771 1164 832 quam·

164 863 247 922 quam
268 844 337 920 tingi
358 860 394 902 ea
411 858 503 919 seque
526 857 579 919 per
593 837 726 902 iuvidiam
745 839 901 918 pontoium
918 836 1019 901 decori
1035 835 1165 906 absmahi

163 927 357 1004 intellegeret.
912 995 914 1000 Ι
1139 951 1154 976 -.

226 1011 277 1070 27.
297 1009 356 1070 Sub
378 1008 453 1068 idem
472 1015 585 1086 tenpus
608 1025 625 1066 e
647 1005 753 1070 familia
774 1005 991 1071 Scriboniorum
1004 1003 1076 1072 libo
1090 1003 1165 1073 Dru·

163 1113 212 1156 sus
227 1093 356 1156 defertur
370 1091 463 1156 moliri
477 1109 525 1154 res
541 1107 641 1152 novus.
671 1091 731 1153 eius
747 1091 856 1166 negotii
874 1089 997 1168 initium,
1021 1087 1164 1165 ordinem,

163 1180 248 1242 linem
264 1177 390 1240 curatius
404 1175 558 1250 disseram,
576 1175 641 1253 quia
658 1181 716 1237 tum
737 1173 857 1254 primum
871 1181 988 1254 reperta
1004 1181 1069 1238 suut
1087 1189 1166 1254 quae

164 1279 218 1340 uer
237 1269 281 1322 tot
295 1276 386 1324 nouos
398 1275 459 1320 rem
476 1255 619 1336 publicam
634 1255 771 1322 exedere.
800 1255 921 1322 Firmius
934 1255 1164 1333 cerneremur,

142 1363 202 1406 sex
221 1346 317 1407 intima
339 1341 455 1408 Libonis
475 1341 616 1418 amiroitia,
644 1341 775 1407 iuvenem
795 1338 975 1420 inprovidum
997 1348 1027 1402 et
1046 1339 1166 1402 iaoilem

129 1427 134 1440 “
164 1427 294 1494 inanibus
309 1426 346 1488 od
361 1423 571 1490 Chaldaeorum
585 1425 742 1504 promissa,
756 1441 905 1505 magorum
919 1441 1019 1501 utera,
1036 1424 1165 1488 sommio-

163 1530 225 1572 rum
237 1513 322 1574 etiam
333 1513 508 1587 interpretes
520 1508 645 1588 impulit,
663 1507 727 1570 dum
739 1525 878 1588 proauum
890 1507 1073 1586 ronnenn,
1094 1507 1163 1572 uni-

164 1605 220 1656 tarn
231 1593 428 1668 sordoniam,
445 1609 519 1670 ome
535 1591 676 1670 quondan
691 1590 813 1670 Augusti
830 1592 954 1656 eonium
970 1592 1078 1668 iuerat,
1095 1607 1152 1656 eon

163 1677 298 1742 sobriuos
317 1676 478 1751 (laesores,
496 1675 609 1753 plenam
626 1674 798 1754 imaginibus
812 1674 925 1740 domurn
941 1683 1080 1751 ostentat,
1095 1673 1161 1738 hou·

131 1771 297 1840 tutaturque
312 1759 349 1820 ad
363 1759 459 1824 luxum
476 1768 505 1818 et
518 1758 719 1836 essebonum,
735 1759 833 1823 souiuo
849 1757 995 1824 libidinum
1013 1767 1042 1818 et
1059 1775 1160 1822 netes
1255 1795 1256 1810 2

164 1845 290 1920 uitatem,
307 1859 363 1922 ouo
376 1841 506 1922 pluribus
522 1841 634 1908 indioiis
648 1842 791 1922 inligaret·
863 1907 868 1913 .

211 1925 298 1992 ⁴-·9.8.
321 1927 360 1990 Ut
380 1926 451 1992 eam
472 1926 585 1989 testium
601 1927 692 2005 etqui
707 1928 785 1990 servi
803 1926 905 1994 entem
922 1935 1079 1992 uosoereut
1095 1944 1162 2008 rep·

164 2012 253 2092 perit,
277 2009 381 2076 aditum
397 2008 433 2069 ad
445 2011 605 2088 prinoipem
620 2010 764 2090 postulat,
785 2010 981 2076 demonstrato
1000 2009 1118 2076 erimine
1134 2020 1165 2072 at

164 2113 217 2155 reo
234 2112 287 2174 per
298 2092 435 2156 Flaccum
445 2093 645 2160 Vescularium
657 2094 782 2174 equitem
794 2094 967 2171 Romanum,
983 2095 1028 2159 eui
1039 2095 1162 2174 propior
1254 2169 1255 2172 Ἴ

165 2196 229 2238 eum
249 2176 367 2239 'liberio
390 2195 457 2238 usus
479 2185 551 2242 erut.
599 2173 708 2244 caesor
727 2176 861 2244 indioiuto
888 2177 962 2246 haud
990 2185 1166 2256 aspernatus·
1254 2173 1255 2186 ¹

139 2279 343 2340 soongreesna
371 2259 481 2327 abnuit:
510 2276 600 2340 posse
628 2263 704 2324 enim
726 2261 829 2328 eodem
850 2261 959 2329 Flaoou
988 2263 1162 2328 internuntio

165 2361 316 2410 sermones
331 2359 502 2408 commeare.
537 2353 623 2423 atque
643 2346 755 2409 iuterim
769 2344 905 2414 tutonem
920 2355 1002 2410 ornat
1017 2352 1162 2423 praetura,

166 2426 492 2503 neminemneminer,
507 2445 564 2490 non
580 2428 830 2505 mundationum,
846 2447 905 2495 uon
922 2428 1020 2497 verbio
1035 2443 1159 2492 tommo-

165 2512 221 2570 tior
243 2510 333 2590 (adeo
350 2511 420 2574 iram
435 2509 634 2589 eoudiderat);
660 2521 820 2591 eunotaouo
842 2514 903 2577 eius
924 2512 1001 2580 diota
1015 2511 1160 2589 lautaque,
1253 2551 1254 2584 3

166 2610 229 2656 eum
251 2592 539 2673 prohibuerimus,
561 2597 638 2658 seire
653 2595 796 2671 malebat,
820 2593 1161 2676 ementiendum,
1253 2587 1254 2652 l

132 2685 317 2754 intemptatae
339 2686 369 2738 ut
390 2677 516 2741 internas
539 2677 654 2744 umbrae
669 2679 841 2744 carminibus
860 2681 997 2758 eliceret,
1018 2679 1053 2743 ud
1067 2677 1161 2746 Fului·

164 2761 240 2822 nium
260 2759 395 2827 Trionem
424 2761 556 2825 indieium
583 2763 693 2826 detulit.
737 2763 854 2828 eelebre
877 2767 952 2828 iuter
973 2771 1163 2828 adnotatores

164 2842 278 2910 Trionis
294 2845 438 2922 ingenium
454 2855 515 2909 erat
528 2846 699 2925 aridumque
712 2847 805 2912 renue
820 2848 922 2915 molae.
957 2849 1051 2914 statim
1071 2849 1162 2910 eorri·

164 2928 206 3006 pit
220 2945 315 3004 reum,
341 2927 398 2991 adit
414 2928 565 3006 eonsules,
588 2931 783 3008 cognitionum
799 2941 915 3002 senatus
928 2931 1034 3013 posuit.
1065 2941 1095 2992 et
1110 2951 1162 2996 vo·

163 3018 263 3073 eantur
274 3020 386 3089 patres,
401 3011 498 3078 addito
512 3013 727 3080 consultandum
742 3033 831 3094 super
845 3035 878 3078 re
893 3033 997 3093 magua
1014 3024 1044 3076 et
1057 3020 1162 3080 atroei.
1252 3053 1253 3076 r

181 3176 187 3188 1
222 3092 603 3162 muneremunere
626 3107 731 3164 mutate
754 3117 816 3159 ourn
849 3099 1021 3178 primoribus
1047 3100 1162 3166 tenum·

161 3178 313 3243 orreumire
335 3178 454 3256 domos,
480 3197 565 3246 orare
585 3181 714 3259 adimes,
740 3200 845 3248 vooern
859 3183 1010 3250 aduersum
1030 3185 1161 3263 uerioula

160 3277 303 3338 poscere,
332 3259 521 3330 olumumtilrus
549 3266 676 3341 eunetis,
706 3283 769 3332 oum
789 3267 903 3328 diversa
923 3267 1159 3347 praetenderant,

161 3340 260 3441 eadem
286 3343 448 3412 formidine.
493 3346 776 3418 dissensionem
798 3359 828 3417 et
848 3349 1027 3429 aegritudine
1049 3352 1158 3430 iesous,
1251 3351 1252 3388 ἢ

135 3441 239 3497 serve,
256 3434 286 3486 ut
298 3427 442 3488 tradidere
454 3430 583 3508 quidam,
597 3432 728 3494 simulato
744 3433 862 3512 morbo,
878 3434 983 3496 laetiea
994 3435 1106 3498 delatum
1123 3437 1159 3498 sd
