2510 3864
48 78 53 89 '
155 97 220 160 240
387 107 506 156 nauum
522 105 617 155 oran.
633 106 682 155 on
697 105 917 156 osuroursus

224 266 250 324 l.
281 263 378 342 Saepe
394 279 431 320 ex
448 277 494 320 me
513 261 657 340 requiris,
672 257 758 334 ‚luste
778 258 868 338 Fabi,
892 276 961 336 cur,
984 277 1047 320 oum
1067 263 1178 340 priora

37 375 45 440 p
157 347 277 421 saecula
293 354 335 404 tot
351 345 532 404 eminentium
544 352 690 404 oratorum
702 345 826 420 ingeniis
837 341 990 421 gloriaque
1002 343 1178 422 floruerint,

36 467 42 482 ·
156 440 257 492 nostra
273 428 452 510 potissimum
474 436 556 487 aetas
572 415 688 486 deserta
704 434 733 485 et
749 425 834 486 laude
857 426 1042 506 eloquentiae
1064 427 1179 490 orbata

34 587 36 592 ,
157 515 207 576 uix
221 531 327 575 nomen
348 512 442 591 ipsum
460 511 585 570 oratoris
607 511 744 580 retineat;
768 512 954 588 nequeenim
974 512 1011 570 ita
1035 513 1177 592 appella·

34 619 36 624 ·
129 617 219 668 „mus
240 598 295 658 uisi
315 597 464 675 antiquos:
495 593 708 659 borumautem
731 601 891 671 temporum
913 593 1012 655 diserti
1028 595 1180 657 causidici

158 692 187 744 et
207 680 344 744 aduocati
364 688 394 739 et
414 678 528 758 patroni
549 687 580 738 et
602 677 715 755 quidvis
736 677 939 755 potiusquam
962 686 1099 740 oratores
1120 698 1179 741 uo·

156 775 267 828 eantur.
309 765 355 824 coi
381 761 594 842 percontationi
625 769 691 821 tuae
713 759 894 838 respondere
917 770 1023 822 ettam
1043 780 1179 841 magnae

157 848 336 931 quaestionis
356 845 469 926 pondus
488 847 644 924 excipere,
668 853 699 904 ut
714 853 762 904 aut
778 842 814 902 de
829 844 953 922 ingeniis
968 847 1078 914 nostris
1093 849 1178 908 male

158 930 376 994 existimandum
393 931 452 1006 ait,
471 931 496 989 si
511 929 587 989 idem
603 929 724 1008 adsequi
745 944 803 986 non
818 944 992 1007 possumus,
1010 939 1060 989 aut
1075 930 1113 990 de
1133 933 1175 992 iu·

123 1041 148 1082 ro
158 1018 256 1095 diciis,
270 1017 295 1075 si
309 1010 458 1090 uolumus,
473 1015 523 1072 vix
539 1012 660 1073 hercule
676 1011 830 1089 auderem,
846 1013 870 1073 si
887 1011 956 1076 mibi
969 1030 1035 1073 mea
1051 1024 1173 1076 seuten-

157 1102 196 1162 tia
219 1097 397 1180 proferenda
420 1114 456 1155 ac
478 1113 536 1156 non
557 1095 828 1172 disertissimorum,
850 1104 880 1156 ut
899 1097 1007 1156 nostris
1029 1102 1170 1179 tempori-

157 1184 229 1261 bus,
252 1181 395 1241 hominum
417 1196 514 1240 sermo
537 1179 715 1260 repetendus
737 1189 834 1256 esset,
860 1196 934 1257 quos
951 1179 1077 1240 eandem
1097 1183 1165 1244 bare

156 1265 359 1347 quaestionem
376 1272 588 1342 pertractantes
613 1263 725 1324 iuuenis
744 1263 896 1324 admodum
915 1263 1020 1324 audiri.
1051 1265 1094 1327 ita
1115 1281 1160 1326 non

125 1374 129 1379 ·
158 1352 276 1429 ingenio
300 1349 353 1409 sed
377 1347 515 1408 memoria
535 1356 565 1407 et
586 1345 790 1407 recordatione
813 1366 886 1428 opus
909 1357 971 1424 est,
995 1356 1025 1406 ut
1053 1367 1132 1428 quae
1152 1365 1165 1406 a

121 1432 417 1516 “praestantissimis
433 1432 502 1492 viris
516 1439 545 1491 et
562 1431 728 1508 excogitata
743 1430 887 1492 subtiliter
903 1439 932 1491 et
946 1430 1022 1502 dicta
1037 1435 1167 1509 graviter

158 1520 277 1597 accepi,
299 1534 364 1578 eum
387 1515 494 1592 singuli
516 1516 647 1576 diuersas
668 1515 729 1593 [vel
754 1514 871 1576 easdem
902 1511 955 1572 sed
980 1511 1166 1593 probabiles]

158 1621 261 1664 causas
276 1602 440 1676 adferrent,
458 1599 522 1659 dum
536 1599 658 1659 formam
674 1599 717 1657 sui
732 1601 854 1678 quisque
869 1608 899 1658 et
915 1599 999 1658 animi
1015 1607 1044 1658 et
1060 1601 1168 1678 ingenii

156 1685 332 1761 redderent,
358 1683 449 1744 isdem
469 1701 546 1742 nunc
566 1682 693 1744 numeris
713 1682 862 1763 isdemque
884 1681 1042 1742 redonibus
1066 1700 1168 1762 perse

158 1788 246 1850 quar,
263 1777 381 1828 servato
398 1764 500 1827 ordine
515 1766 727 1847 disputationis.
750 1783 845 1846 neque
862 1767 937 1826 enim
952 1765 1042 1826 deluit
1059 1769 1110 1846 qui
1127 1767 1164 1826 ot

122 1869 272 1926 „uersam
290 1867 407 1930 quoque
427 1859 538 1930 partem
558 1851 739 1930 susciperet,
763 1868 800 1910 ao
817 1846 933 1910 multum
954 1860 1059 1911 vexata
1076 1859 1107 1910 et
1126 1852 1166 1910 in·
1240 1913 1241 1923 ,

157 1937 216 1996 risa
238 1943 382 1996 vetustate
406 1943 569 1995 nostrorum
591 1943 752 2014 temporum
771 1934 964 2013 eloquentiam
986 1935 1167 2014 antiquorum
1239 1969 1240 1984 r

158 2021 282 2098 ingeniis
300 2019 467 2079 anteferret.

221 2104 250 2162 2.
278 2103 353 2162 ¹Nom
376 2111 496 2180 postero
520 2101 566 2162 die
589 2121 673 2183 quam
695 2101 839 2163 curiatius
859 2102 1005 2162 blaternas
1024 2100 1164 2164 Catonem

157 2189 348 2262 recitaverat,
366 2204 430 2246 oum
447 2185 606 2246 olieudisse
619 2187 780 2265 ‚potentium
796 2186 906 2246 animos
922 2183 1082 2264 diceretur,
1096 2195 1163 2248 tam·
1235 2215 1236 2236 r

155 2288 241 2352 quam
257 2271 285 2329 iu
302 2289 339 2331 eo
353 2269 524 2346 tragoediae
537 2280 707 2347 argumento
724 2271 767 2330 sui
782 2268 889 2330 oblitus
904 2277 1010 2330 tautum
1026 2268 1163 2332 Catonem
1234 2289 1235 2297 ¹

158 2355 337 2433 cogitasset,
356 2371 448 2432 eaque
464 2352 502 2412 de
522 2371 554 2412 re
569 2371 623 2432 per
639 2353 738 2414 urbem
761 2354 901 2432 frequens
917 2371 1020 2414 sermo
1042 2355 1161 2417 babere·
1232 2347 1234 2416 J

131 2449 218 2516 rtur,
239 2446 379 2498 venerunt
396 2435 511 2496 adeum
525 2437 640 2498 blancus
657 2439 740 2518 Aper
755 2446 785 2497 et
797 2437 886 2498 lulius
902 2437 1071 2516 Secundus,
1087 2440 1159 2500 cele·
1231 2459 1232 2482 l

157 2523 281 2582 berrima
308 2529 366 2582 tum
390 2521 508 2597 ingenia
527 2521 583 2582 iori
605 2523 711 2600 nostri,
736 2539 809 2600 quos
835 2540 893 2600 ego
918 2525 946 2582 in
971 2521 1084 2584 iudiciis
1107 2541 1159 2585 non
1228 2515 1231 2608 ,¹

157 2605 559 2684 [utrosquelmodostodiose
582 2605 749 2682 audiebam,
777 2606 830 2667 sed
853 2605 930 2666 domi
952 2624 1071 2686 quoque
1091 2609 1157 2668 etin

158 2688 276 2768 publico
293 2686 467 2749 adsectabar
483 2689 554 2749 mira
572 2689 730 2750 studiorum
753 2689 909 2770 eupiditate
931 2701 961 2752 et
976 2691 1099 2770 quodam
1119 2709 1157 2750 ar·
1215 2726 1221 2739 ·

156 2772 229 2832 dore
249 2772 383 2848 iuvenili,
404 2779 434 2830 ut
454 2770 568 2832 fabulas
591 2790 709 2853 quoque
731 2791 830 2833 eorum
855 2782 884 2834 et
904 2774 1114 2853 disputationes
1133 2781 1158 2832 et

122 2884 147 2926 η
158 2873 263 2916 arcana
275 2865 405 2916 semotae
421 2855 555 2916 dictionis
570 2858 684 2936 penitus
696 2858 877 2936 exciperem,
894 2858 1023 2937 quamvis
1037 2859 1157 2936 maligue

158 2939 292 3020 plerique
304 2941 500 3018 opinarentur,
519 2957 575 3000 nec
590 2939 725 3000 Secundo
738 2951 901 3022 promptum
917 2961 984 3004 esse
999 2959 1155 3003 sermonem

157 3034 187 3084 et
207 3022 318 3102 Aprum
337 3024 455 3100 ingenio
480 3025 577 3101 potius
599 3034 628 3085 et
648 3027 677 3086 ui
698 3033 817 3088 naturae
840 3045 923 3106 quam
940 3025 1116 3087 institutione
1131 3035 1156 3084 et

157 3108 249 3167 literis
266 3108 369 3167 lamam
387 3107 573 3186 eloquentiae
595 3118 791 3170 consecutum.
826 3129 890 3172 nam
907 3122 937 3171 et
952 3110 1087 3171 Secundo
1108 3129 1155 3189 pu·
1211 3145 1212 3152 r

157 3208 206 3249 rus
228 3199 257 3250 et
279 3209 399 3270 pressus
422 3199 468 3268 et,
489 3191 517 3250 in
539 3201 673 3270 quantum
696 3195 765 3254 satis
787 3203 864 3270 erat,
893 3195 1041 3274 profluens
1063 3213 1153 3254 sermo

124 3289 213 3348 „non
235 3271 342 3350 deluit,
370 3282 400 3334 et
422 3274 505 3354 Aper
529 3276 604 3335 omni
627 3277 788 3338 eruditione
810 3277 934 3340 imbutus
958 3279 1152 3339 contemnebat

159 3355 253 3431 potius
276 3357 376 3418 literas
398 3375 482 3436 quam
498 3359 662 3440 nesciebat,
684 3370 828 3442 tamquam
845 3364 982 3424 maiorem
1002 3361 1149 3424 industriae
1203 3366 1210 3377 “
