2568 3870
178 103 221 164 66
403 112 568 161 connum
587 110 704 160 rsomr
718 109 957 160 msrosmsnu

181 275 210 326 et
224 264 334 342 luctus,
355 282 411 324 nec
427 264 578 342 quisquam
595 263 669 323 odeo
689 263 758 322 meli
775 280 899 341 expers,
920 271 952 322 ut
972 280 1030 322 non
1051 263 1186 342 aliquam

140 357 301 416 „mortem
322 355 474 408 maereret.
516 346 685 426 requisitum
705 345 804 406 omiti
824 345 915 422 legati
937 363 1044 424 eorpus
1062 345 1187 408 honore

180 431 267 492 solito
279 439 437 498 crematum
451 445 562 516 paucos
575 429 735 490 neeessarii
748 429 876 507 ipsorum
892 429 1077 507 sepelirere,
1098 439 1186 490 oete·

179 533 241 575 rum
258 513 363 590 volgus
380 529 468 589 super
483 510 597 574 humum
612 511 755 572 relietum.

240 597 292 656 46.
316 593 529 674 Opperiebatur
544 593 620 654 Otho
636 594 762 654 nuntium
780 611 896 672 pugnes
919 611 1102 672 nequaquem
1119 603 1187 655 tre·
1260 619 1261 658 3

178 678 263 758 pidus
279 687 308 738 et
323 677 437 738 oonsilii
458 686 565 738 sertus.
595 684 706 738 maesta
722 677 843 755 primum
857 676 948 752 ianua,
970 675 1036 736 dein
1057 678 1187 756 profugi
1210 731 1213 735 ,

179 780 197 823 e
220 761 335 840 proelio
356 760 484 839 perditas
506 778 556 820 res
580 759 766 838 patefaciunt.
804 777 863 820 uon
877 759 1045 838 expectavit
1057 759 1186 822 militnm
1260 765 1261 782 ¹

179 843 265 906 ardor
284 860 389 904 rooem
403 843 600 922 imperatorin
625 841 731 904 bouum
744 839 867 904 baberet
884 843 1005 902 animum
1023 841 1184 914 iubebant:

156 945 336 1005 ssuperesse
352 925 445 989 adhue
460 942 551 988 noras
568 926 663 1001 uires,
680 934 710 984 et
723 925 806 1005 ipsos
826 933 954 988 extrema
968 923 1111 1004 passnios
1130 945 1185 986 ou·

177 1028 332 1090 surosque.
367 1026 462 1087 neque
478 1017 539 1068 erat
555 1007 696 1069 adulatio:
720 1007 763 1068 ire
785 1009 814 1067 in
834 1008 943 1085 aciem,
964 1007 1096 1069 excitare
1112 1027 1186 1087 par·

177 1096 245 1156 tium
269 1093 412 1154 fortunam
434 1091 534 1152 lurore
554 1089 679 1168 quodam
702 1099 731 1150 et
755 1091 889 1158 iustinetu
915 1089 1088 1168 flagrabunt.
1132 1095 1185 1170 qui

178 1176 281 1255 proeul
302 1175 485 1252 adstiterunt,
504 1173 624 1234 tendere
645 1191 762 1250 manus,
782 1181 811 1236 st
828 1173 952 1251 proximi
968 1190 1112 1251 prensare
1127 1192 1183 1252 ge·

178 1277 250 1334 nus,
276 1257 492 1336 promptissimo
515 1257 611 1317 Plotio
632 1255 740 1317 Firmo.
786 1257 812 1319 is
837 1256 975 1335 praetorii
1007 1256 1179 1334 praefectus

144 1340 333 1403 itidentidem
349 1338 451 1401 urebat
472 1357 508 1402 ne
525 1339 691 1410 fidissimum
714 1340 890 1416 exereitum,
909 1353 950 1400 'ne
968 1339 1078 1417 optime
1092 1339 1172 1398 meri·
1260 1395 1261 1420 ,

178 1432 224 1484 tos
246 1424 352 1486 milites
374 1423 542 1486 desereret:
559 1425 670 1485 maiore
692 1424 785 1482 auimo
807 1422 927 1486 tolerari
945 1421 1071 1494 adversa
1095 1439 1177 1501 qnam
1260 1459 1261 1482 r

177 1507 315 1588 relinqui;
337 1507 430 1567 fortes
451 1515 480 1569 et
500 1515 635 1570 strenuos
658 1507 743 1572 etism
761 1514 863 1567 eontra
883 1503 1024 1572 fortunam
1037 1505 1176 1567 insistere
1260 1491 1261 1578 J

179 1593 259 1669 spei,
281 1589 396 1651 timidos
418 1597 447 1649 et
462 1589 585 1666 igusros
600 1589 636 1650 sd
652 1589 887 1667 desperationem
902 1587 1055 1649 formidine
1069 1604 1175 1669 prope·
1260 1585 1261 1608 ²

178 1691 253 1733 rure.
297 1689 368 1750 quus
387 1673 462 1731 inter
486 1689 577 1732 voees
599 1681 628 1734 ιι
648 1672 771 1735 deseret
791 1670 898 1738 voltum
925 1679 973 1732 aut
991 1669 1181 1732 induraverat
1260 1737 1261 1744 J

144 1761 169 1802 1⁵
179 1754 272 1832 Otho,
294 1755 405 1816 οιιιιοι
426 1762 455 1813 st
471 1755 605 1830 gemitus.
636 1771 693 1814 neo
709 1753 885 1832 praetoriani
901 1760 1025 1829 tentum,
1041 1755 1180 1832 proprius

179 1836 301 1898 Othonis
317 1836 413 1913 miles,
426 1834 479 1896 sed
490 1836 641 1915 praemissi
658 1835 800 1898 elioesia
816 1836 940 1897 eandem
954 1835 1178 1900 obstinationem

179 1919 359 1980 adventantis
380 1919 545 1996 exereitus,
561 1919 695 1997 legiones
711 1919 875 2000 Aquileiam
896 1920 1045 1997 ingressus
1066 1921 1179 1979 nuntia·
1260 1933 1261 1944 ¹

179 2002 264 2062 bant:
280 2011 310 2062 ut
327 2018 411 2062 nemo
428 2000 538 2062 dubitet
553 2003 684 2081 potuisse
699 2003 835 2067 renotari
853 2001 963 2064 bellom
977 2011 1079 2079 strox,
1094 2001 1177 2080 lugu·

179 2085 247 2159 bre,
264 2087 403 2148 insertum
418 2085 503 2145 riotis
522 2094 551 2145 et
566 2085 736 2150 victoribus.

241 2170 291 2229 47.
313 2167 382 2247 lpse
400 2185 520 2228 aversus
536 2186 552 2228 ι
569 2169 697 2229 oonsiliis
715 2167 787 2228 belli
801 2167 902 2231 ‘huno'
921 2168 1012 2248 iuquit
1028 2167 1177 2244 ‘unionum

177 2251 252 2311 huno
273 2251 405 2310 virtutem
427 2260 552 2310 vestram
574 2251 648 2312 ultre
669 2251 808 2329 perieulis
825 2248 946 2310 obicere
962 2252 1044 2310 nimis
1065 2251 1178 2326 grande

178 2335 255 2392 ritae
275 2351 359 2393 meae
380 2334 501 2411 pretium
525 2341 605 2410 poto.
649 2332 841 2412 quantoplus
871 2334 935 2412 spei
960 2332 1130 2410 ostenditis,
1154 2334 1177 2392 si

177 2418 278 2476 rivere
294 2417 439 2493 placeret,
461 2424 541 2476 tanto
555 2415 705 2495 pulchrior
721 2432 800 2476 mors
815 2415 880 2476 erit.
911 2416 1026 2495 experti
1039 2416 1067 2474 in
1083 2417 1178 2485 ripen

156 2512 274 2558 ssumns
292 2516 348 2576 ego
365 2516 400 2558 no
415 2498 538 2559 fortune.
570 2515 624 2560 ueo
639 2508 754 2578 tempus
772 2499 1015 2576 conputareritis:
1030 2497 1177 2560 difficilius

179 2590 224 2641 est
239 2589 405 2660 temperare
420 2581 567 2658 ielioituti,
584 2591 683 2662 quate
700 2599 757 2642 non
775 2589 859 2660 putes
873 2580 920 2644 diu
937 2599 1063 2656 usurum.
1091 2582 1178 2642 uirile

177 2663 285 2723 bellum
301 2681 318 2722 a
333 2663 452 2725 Vitellio
471 2664 584 2744 eoepit,
608 2673 637 2724 et
652 2673 682 2724 ut
703 2663 738 2723 de
754 2665 916 2744 prinoipstu
934 2672 1111 2727 oertsremns
1132 2681 1176 2724 ar·

177 2747 241 2822 mis,
258 2749 367 2806 initium
383 2747 462 2806 illine
475 2747 545 2807 luit:
559 2765 595 2806 ne
616 2747 680 2824 plus
699 2764 783 2825 quam
797 2747 888 2807 semel
911 2755 1069 2825 certemus,
1085 2764 1177 2826 penes

178 2846 225 2887 me
240 2828 404 2906 exemplum
420 2831 490 2899 erit;
523 2829 590 2890 hine
604 2829 748 2890 Othonem
765 2830 922 2910 posteritas
937 2831 1078 2890 aestimet.
1101 2829 1176 2890 frue-

144 2925 169 2965 ro
179 2921 224 2971 tur
238 2910 375 2971 Vitellius
389 2913 494 2990 tratre,
511 2914 654 2990 coniuge,
670 2912 786 2977 liberis:
802 2913 869 2972 mihi
884 2929 942 2971 uon
956 2912 1066 2972 ultione
1081 2929 1177 2992 neque

178 2994 297 3054 solaciis
313 3010 386 3074 opus
401 3003 456 3054 est.
496 2995 544 3058 alii
560 2995 663 3054 diutius
681 2995 832 3074 imperium
845 2995 1003 3057 tenuerint:
1021 3012 1105 3058 neruo
1120 3003 1177 3055 tam
1195 3055 1198 3060 ,

178 3078 293 3138 fortiter
304 3077 463 3156 reliquerit.
499 3095 534 3137 an
552 3095 610 3156 ego
632 3086 736 3138 tantum
750 3079 897 3139 Romunse
914 3077 1013 3157 pubis,
1032 3087 1075 3140 tot
1092 3096 1176 3155 egre

88 3205 89 3209 ,
179 3162 246 3238 gios
261 3161 406 3226 exereitus
423 3160 512 3220 sterni
527 3172 627 3221 rursus
642 3169 672 3219 et
692 3160 883 3240 reipublicae
902 3161 976 3240 oripi
991 3159 1111 3241 patiani.
1131 3171 1177 3221 eat

178 3243 226 3303 hio
247 3261 357 3306 meeum
380 3243 506 3319 animus,
526 3251 668 3324 tamquam
691 3245 809 3323 perituri
831 3259 884 3322 pro
907 3260 953 3303 me
973 3244 1103 3322 fueritis,
1124 3244 1176 3304 sed

145 3337 243 3385 rseste
259 3326 439 3406 superstites.
475 3343 531 3386 neo
556 3326 603 3387 diu
617 3331 783 3405 moremur,
802 3344 860 3405 ego
881 3325 1106 3390 incolumitatem
1125 3345 1174 3386 re·
