2596 3872
187 202 250 267 328
436 215 734 264 conucnrraacrar
750 215 934 264 ιιιιιιιιιιιι

154 397 179 437 ιι
189 371 327 433 victorias
349 371 412 432 sine
434 370 537 432 damno
567 373 744 432 exercituum
769 369 947 450 displicere?
982 389 1019 431 ne
1045 371 1192 434 homiuem

187 455 273 517 bonis
289 453 413 534 publicis
427 464 582 533 maestum,
604 456 696 533 etqui
716 456 780 516 fora
797 457 908 517 theatra
923 455 1030 534 templa
1047 474 1101 535 pro
1118 458 1190 518 soli·

187 538 285 600 tudine
302 538 434 616 baberet,
451 541 498 617 qui
513 540 691 600 minitaretur
706 540 823 600 exilium
834 559 925 616 suum,
945 540 1107 602 ambitionis
1123 560 1190 620 pra·

186 642 242 684 vae
258 632 423 701 compotem
436 622 578 684 iacerent.
610 641 668 683 nou
692 623 734 684 illi
752 625 883 684 consulta
905 623 994 701 baec,
1015 642 1073 686 non
1097 627 1193 703 magi-

187 716 293 768 stratus
309 716 356 767 aut
372 709 530 768 Romanam
551 707 651 768 urbem
665 708 767 768 videri.
798 709 984 788 abrumperet
1000 710 1087 768 vitam
1100 709 1136 770 ab
1152 727 1189 770 ea

150 814 177 856 so
188 791 316 869 civitate,
333 792 414 852 cuius
429 793 579 853 caritatem
595 792 674 869 olim,
689 811 765 852 nunc
781 802 856 853 etas
881 801 974 854 ectum
989 794 1127 852 exuisset.

249 874 301 936 29.
325 872 395 936 Cum
413 895 465 956 per
479 875 555 937 baec
571 885 657 955 atquc
677 876 745 938 talia
758 811 931 955 llarcefius,
953 885 984 936 ut
1006 886 1069 937 erat
1085 886 1189 938 torvus

185 977 221 1018 ac
235 960 347 1037 minax,
370 977 446 1020 voce
461 960 542 1020 voltu
561 961 654 1021 oculis
670 960 857 1039 ardesceret,
873 979 931 1021 nou
945 960 995 1021 illa
1009 970 1078 1020 nota
1095 971 1124 1021 ct
1139 980 1188 1022 ce-

185 1041 320 1104 lebritate
338 1044 533 1121 periculorum
550 1054 630 1104 sueta
647 1046 703 1106 iam
718 1054 835 1106 senatus
848 1045 1007 1122 maestitia,
1024 1045 1076 1104 sed
1091 1062 1188 1106 novus

185 1135 215 1186 et
230 1127 316 1188 altior
330 1145 423 1206 pavor
434 1146 533 1188 manus
546 1136 576 1188 et
589 1128 648 1188 tela
660 1129 778 1204 militum
789 1129 983 1190 cernentibus.
1001 1127 1083 1189 simul
1092 1131 1184 1209 ipsius

158 1232 172 1271 ι
186 1211 335 1272 Thraseae
348 1210 525 1274 venerabilis
540 1213 658 1292 species
674 1212 900 1284 obversabatur;
917 1223 946 1274 et
963 1223 1043 1274 erant
1055 1216 1104 1293 qui
1117 1212 1188 1274 Hel-

184 1295 291 1355 vidium
313 1313 429 1374 quoque
443 1297 664 1374 miserarentur,
684 1298 818 1358 innoxiae
838 1295 990 1358 adfinitatis
1007 1314 1118 1376 poenas
1136 1296 1185 1359 da-

183 1388 285 1438 tumm.
318 1379 385 1458 quid
397 1379 562 1460 Agrippino
575 1380 720 1442 obiectum
730 1383 785 1441 nisi
796 1383 907 1442 tristem
919 1383 1009 1461 patris
1020 1379 1185 1443 fortunam?

182 1463 297 1541 quando
319 1473 349 1524 et
367 1464 417 1525 ille
439 1465 559 1545 perinde
579 1467 721 1526 innocens
736 1465 845 1526 Tiberii
859 1467 982 1526 saevitia
998 1465 1184 1528 concidisset.

183 1549 330 1608 enimvero
346 1548 511 1610 Montanum
527 1549 639 1629 probae
653 1552 788 1610 iuventae
805 1568 901 1628 neque
915 1550 1019 1610 famosi
1036 1552 1182 1626 carminis,

147 1651 173 1692 ao
183 1632 248 1710 quia
263 1632 418 1710 protulerit
434 1634 590 1711 ingenium,
608 1643 755 1695 extorrem
769 1634 827 1712 agi.

134 1779 137 1785 ,
244 1717 295 1777 30.
317 1716 416 1795 Atque
431 1718 544 1777 interim
562 1716 694 1778 Ostorius
709 1717 832 1778 Sabinus
847 1719 951 1778 Sorani
973 1713 1127 1778 accusator
1140 1717 1183 1776 in·

181 1798 311 1876 greditur
326 1799 494 1880 orditurque
511 1801 547 1860 de
562 1801 685 1861 amicitia
698 1800 826 1862 Rubellii
841 1801 945 1878 Plauti,
962 1801 1098 1879 quodque
1114 1818 1183 1880 pro·

181 1882 361 1943 consulatum
377 1884 467 1944 Asiae
482 1885 610 1944 Soranus
626 1902 680 1964 pro
696 1884 827 1946 claritate
840 1885 896 1945 sibi
910 1886 1005 1965 potius
1018 1884 1182 1946 adcommo-

180 1965 275 2026 datum
291 1984 375 2045 quam
392 1986 430 2028 ex
445 1967 566 2029 utilitate
582 1971 724 2029 communi
744 1970 871 2047 egisset,
894 1968 1000 2030 alendo
1022 1967 1182 2029 seditiones

155 2050 344 2111 scivitatium.
377 2061 477 2112 vetera
491 2051 581 2112 baec:
608 2052 660 2112 sed
680 2063 830 2115 recenset
846 2070 914 2132 quo
921 2053 1078 2116 discrimini
1091 2053 1182 2128 patris

179 2132 266 2192 liliam
287 2133 471 2210 conectebat,
487 2132 565 2212 quod
583 2135 735 2212 pecuniam
750 2134 843 2211 magis
859 2133 994 2212 dilargita
1010 2142 1099 2193 esset.
1131 2150 1180 2192 ac·

180 2215 291 2276 ciderat
311 2235 381 2279 sane
405 2219 513 2298 pietate
529 2218 672 2278 Serviliae
694 2217 739 2298 (id
756 2219 831 2278 enim
845 2216 1085 2296 nomen-puellae
1101 2217 1181 2296 luit),

179 2318 254 2379 quae
271 2301 392 2362 caritate
407 2319 479 2380 erga
494 2311 661 2380 parentem,
683 2300 766 2362 simul
783 2301 965 2380 inprudentia
980 2302 1101 2379 aetatis,
1123 2317 1182 2360 non

178 2392 273 2444 tamen
288 2384 365 2446 aliud
382 2385 596 2446 consultaverat
612 2403 696 2464 quam
708 2385 745 2446 de
759 2385 953 2447 incolumitate
968 2384 1080 2460 domus,
1098 2394 1128 2444 et
1146 2403 1181 2443 an

94 2528 97 2533 .
144 2467 332 2567 toplacabilis
355 2468 451 2541 Nero,
486 2487 521 2530 an
545 2470 673 2546 cognitio
701 2477 818 2530 senatus
839 2469 910 2530 nibil
935 2478 1021 2530 atrox
1041 2467 1180 2528 adferret.

177 2553 266 2629 igitur
281 2559 375 2614 accita
390 2555 458 2612 est
450 2571 478 2616 ιιι
493 2561 632 2624 senatum
658 2561 857 2634 steteruntque
877 2550 984 2614 diversi
1005 2561 1073 2612 ante
1092 2551 1180 2611 tribu·
1238 2595 1242 2600 -

177 2635 224 2696 nal
243 2637 392 2698 consulum
408 2633 527 2716 grandis
542 2653 617 2697 aevo
634 2655 753 2717 pareus,
777 2646 877 2698 contra
891 2637 972 2714 lilia
963 2646 1037 2696 intra
1052 2635 1179 2696 vicensi·

177 2737 251 2780 mom
267 2721 370 2781 aetatis
388 2738 489 2781 annum
497 2738 617 2798 ,nuper
635 2730 737 2781 manto
750 2720 849 2782 Annio
865 2709 1045 2782 Pollionem
1063 2719 1180 2780 exilium

177 2802 263 2880 pulso
290 2803 405 2862 viduata
432 2803 637 2882 desolataque,
667 2821 702 2864 ac
721 2823 758 2864 ne
779 2814 892 2884 patrem
915 2803 1029 2885 quidem
1054 2806 1177 2879 intuens,
1275 2813 1276 2870 l

143 2903 168 2944 ιι
179 2885 258 2945 cuius
274 2901 413 2945 onerasse
430 2885 562 2964 pericula
578 2885 739 2948 videbatur.
1021 2907 1026 2918 ·
1275 2887 1276 2958 ζ

237 2968 289 3030 31.
310 2967 381 3029 'lum
401 2967 601 3045 interrogante
621 2980 810 3049 accusatore,
831 2991 866 3032 an
885 2972 978 3034 cultus
993 2973 1122 3048 dotales,
1140 2984 1174 3026 ab
1275 3013 1276 3040 ι

177 3054 336 3115 detractum
359 3052 468 3114 cervici
486 3051 593 3111 monile
609 3070 713 3112 venum
728 3052 872 3151 dedisset,
896 3073 953 3131 quo
969 3056 1121 3132 pecuniam
1137 3049 1177 3110 ia-

178 3136 288 3198 ciendis
307 3137 427 3216 magicis
449 3137 540 3196 sacris
563 3127 767 3214 contraheret,
785 3135 905 3214 primum
921 3144 1010 3196 strata
1024 3134 1102 3196 humi
1116 3134 1179 3195 lon·
1275 3181 1276 3214 ,

175 3239 273 3326 gospue
295 3221 363 3280 tletu
385 3228 415 3280 et
434 3220 566 3298 silentio,
590 3229 659 3299 post
673 3219 774 3281 altaria
797 3227 918 3280 staram
934 3210 1180 3299 complexa‘nu'l·
1275 3251 1276 3284 ι

152 3304 225 3370 clos
253 3295 366 3383 inquit‘
371 3306 474 3383 impios
490 3303 579 3382 deos,
599 3303 693 3365 nullas
709 3303 899 3396 devotiones,
920 3323 977 3364 nee
992 3303 1068 3364 aliud
1083 3301 1180 3387 ipieli-
1275 3317 1276 3332 ¹

176 3387 258 3447 cibus
281 3388 447 3466 precibus
437 3389 572 3450 invocavi
594 3406 680 3467 quam
701 3397 732 3448 ut
751 3387 828 3448 bunc
843 3381 982 3488 optimum
1003 3369 1115 3468 patrem
1136 3393 1179 3462 tu,

175 3467 301 3550 caesar,
323 3487 392 3552 sos,
411 3481 527 3552 patres,
552 3473 711 3533 servaretis
728 3471 911 3534 incolumem.
945 3473 989 3532 sic
1003 3485 1133 3549 gemmas
1149 3477 1183 3528 et
