2536 3870
388 195 494 242 menn
508 195 555 243 w.
578 193 655 244 cae.
669 194 790 250 aar—te.
860 233 865 242 ,
1022 191 1081 250 147

79 367 202 428 quoque
211 357 241 408 et
251 358 352 409 vetera
366 349 478 428 imperii
492 349 662 410 munimenta
674 350 858 412 desererent:
875 352 952 430 quod
965 354 993 412 in
1006 373 1080 434 pace
1170 395 1173 402 ·

78 435 141 492 lors
160 451 212 493 seu
228 441 342 508 natura,
357 441 428 492 tunc·
439 433 527 492 fatum
545 442 575 493 et
588 435 630 493 ira
649 434 732 495 deum
764 434 930 497 vocabatur.

142 515 290 594 Ingressis
303 515 479 576 Novaesium
495 525 578 578 serta
594 517 713 578 decuma
728 518 808 595 legio
821 521 1012 598 coniungitur.
1029 523 1077 582 ad·
1089 539 1115 580 re

78 600 155 660 ditus
169 599 302 660 Voculae
316 600 345 659 in
360 608 471 678 partem
492 618 623 661 curarum
643 601 804 662 Herennius
827 602 926 664 Gallus
949 605 1077 681 legatus;
1104 659 1105 662 ,

76 703 134 745 nec
155 685 217 744 ausi
238 683 273 743 ad
294 683 409 744 bostem
430 701 559 762 pergere
582 685 621 728 **
647 685 733 764 (loco
749 685 879 746 Gelduba
893 705 998 748 nomen
1016 692 1077 769 est)

76 775 174 828 castra
190 768 301 828 iecere.
337 766 377 826 ibi
402 769 538 829 struenda
563 770 641 846 acie,
663 770 816 829 muniendo
839 770 1032 851 vallandoque
1049 783 1079 834 et

76 851 185 912 ceteris
209 850 280 911 belli
300 851 512 910 meditamentis
531 853 649 912 militem
668 852 828 913 firmabant.
860 863 949 934 utque
969 857 1078 935 praeda

74 935 113 996 ad
131 935 266 994 virtutem
288 934 514 1011 accenderetur,
535 939 564 996 iu
587 938 736 1015 proximos
753 936 954 1013 Gugerncrum
971 957 1076 1019 pagos,
1087 961 1112 1004 as
1173 1007 1178 1014 Ἰ

74 1019 125 1098 qui
140 1019 313 1090 societatem
327 1018 428 1080 Givilis
444 1029 631 1100 acceperant,
648 1021 750 1081 ductus
766 1018 902 1080 aVocula
916 1027 1076 1101 exercitum

76 1119 144 1180 pars
163 1118 226 1161 cum
243 1102 390 1164 llerennio
411 1101 496 1164 Gallo
512 1106 678 1183 permansit.
937 1111 944 1124 '

138 1185 188 1246 27.
212 1185 301 1246 Forte
319 1201 423 1247 navem
445 1186 521 1248 baud
536 1189 639 1268 procul
654 1190 772 1266 castris,
788 1189 930 1250 frumento
944 1209 1077 1269 gravem,
1096 1263 1100 1274 ‚
1120 1251 1122 1254 ,

76 1287 139 1329 cum
163 1289 218 1348 per
239 1270 314 1331 rada
329 1270 487 1349 haesisset,
516 1272 649 1333 Germani
670 1273 699 1332 in
714 1291 793 1332 suam
807 1274 899 1352 ripam
914 1273 1075 1336 trahebant.

75 1369 134 1411 non
147 1355 211 1414 tulit
233 1354 333 1416 Gallus
354 1356 488 1432 misitque
505 1354 634 1416 subsidio
653 1356 817 1416 cohortem:
840 1365 940 1416 auctus
956 1367 986 1416 et
1006 1359 1076 1419 Ger·

76 1433 225 1498 manorum
243 1439 395 1514 numerus,
420 1438 616 1518 paulatimque
645 1439 872 1518 adgregantibus
897 1457 930 1500 se
961 1441 1076 1500 auxiliis

77 1518 141 1578 acie
157 1530 304 1582 certaturn.
337 1522 470 1583 Germani
484 1523 572 1584 multa
588 1542 651 1583 cum
673 1533 773 1601 strage
793 1533 957 1584 nostrorum
973 1543 1102 1586 naverns

76 1601 230 1680 abripiunt.
259 1605 338 1681 victl,
356 1605 433 1684 quod
448 1615 506 1665 tum
519 1609 548 1665 in
560 1624 669 1667 morem
684 1617 821 1685 verterat,
836 1625 893 1668 nou
904 1625 985 1668 suam
997 1610 1077 1684 igna-

76 1684 152 1745 uiam
165 1686 218 1747 sed
238 1690 387 1768 perfidiam
410 1689 500 1767 legati
524 1690 689 1769 culpabant.
719 1700 897 1768 protractum
911 1693 1077 1766 etentoric,

39 1793 41 1798 ·
76 1771 169 1831 scissa
185 1782 279 1850 veste,
294 1773 451 1833 verberato
470 1791 614 1853 corpore,
633 1791 690 1853 quo
707 1775 812 1853 pretio,
829 1773 932 1854 quibus
950 1777 1078 1837 consciis

75 1853 253 1933 prodidisset
279 1859 456 1932 exercitum,
479 1857 577 1918 dicere
601 1857 708 1917 iubent.
738 1858 812 1917 redit
830 1859 858 1916 in
880 1857 1076 1918 Hordeonium

74 1937 197 1999 invidia:
215 1939 295 2000 illum
309 1949 457 2002 auctorem
473 1941 607 2017 sceleris,
628 1940 703 2001 bunc
718 1941 875 2000 ministrum
892 1951 1007 2017 vocant,
1024 1943 1074 2002 do·
1086 1962 1111 2004 rc

73 2039 129 2081 nec
145 2023 264 2084 exitium
279 2025 472 2085 minitantibus
496 2026 651 2084 exterritus
666 2023 858 2103 proditionem
880 2034 909 2084 et
923 2028 987 2104 ipse
1001 2025 1074 2085 llor-

74 2105 180 2168 deonio
198 2107 321 2175 obiecit:
340 2110 511 2188 vinctusque
531 2107 655 2169 adventu
671 2107 784 2168 demum
798 2107 931 2169 Voculae
948 2109 1074 2169 exsolvi-

75 2198 130 2248 tur.
158 2191 183 2250 is
198 2200 325 2271 postera
347 2191 393 2253 die
411 2192 717 2254 auctores‘seditionis
732 2199 825 2252 morte
844 2191 967 2252 adiecit:
997 2201 1075 2253 tanta

74 2271 116 2332 illi
133 2277 273 2336 exercitui
295 2275 449 2337 diversitas
469 2278 560 2338 iuerat
581 2276 717 2336 licentiae
743 2276 966 2354 patientiaeque.
998 2275 1074 2335 haud

73 2356 161 2416 dubie
176 2363 331 2438 gregarius
348 2360 432 2420 miles
449 2361 569 2421 Vitellio
586 2360 675 2438 lidus,
692 2358 940 2438 splendidissimus
952 2361 1073 2439 quisque
1084 2373 1110 2414 as

73 2443 101 2499 in
116 2441 328 2521 Vespasianum
341 2446 441 2524 proni:
476 2443 543 2504 inde
559 2444 703 2505 scelerum
720 2461 755 2504 ac
769 2443 977 2522 suppliciorum
991 2443 1074 2502 vices
1090 2449 1091 2454 ’

74 2533 103 2584 et
120 2528 223 2586 mixtus
247 2527 390 2606 obsequio
413 2528 510 2606 iuror,
532 2536 562 2588 ut
576 2528 717 2588 condueri
738 2544 796 2587 nou
814 2534 936 2608 possent
959 2525 1006 2605 qui
1021 2543 1073 2604 pu·

71 2608 124 2667 uiri
142 2619 284 2688 poterant.

137 2693 187 2754 28.
212 2693 251 2754 At
269 2693 391 2755 Givilem
405 2696 541 2757 inmensis
556 2696 686 2757 auctibus
701 2696 837 2756 uniuersa
849 2693 1001 2756 Germania
1023 2711 1074 2752 er·

71 2776 207 2854 tollebat,
223 2779 365 2840 societate
386 2779 572 2841 nobilissimis
588 2780 720 2841 obsidum
741 2779 859 2840 firmata.
888 2778 950 2853 ille,
970 2786 1002 2837 ut
1015 2779 1074 2836 cui-

73 2880 131 2940 que
148 2863 326 2944 proximum,
341 2865 450 2925 vastari
465 2864 559 2926 Ubios
578 2863 798 2943 Treverosque,
815 2873 845 2923 et
860 2863 944 2924 aliam
961 2879 1074 2922 manum

69 2945 182 3006 llosarn
199 2965 310 3008 amnem
323 2949 448 3009 trandre
462 2948 558 3026 iubet,
576 2957 608 3008 ut
622 2948 773 3027 Menapios
788 2956 818 3008 et
831 2946 962 3009 llorinos
976 2953 1005 3006 et
1022 2962 1072 3004 ex·

69 3038 163 3087 trema
178 3028 334 3092 Galliarum
349 3041 492 3110 quateret.
520 3042 604 3093 actae
617 3030 772 3111 utrobique
788 3031 925 3110 praedae,
941 3029 1097 3090 intestines

70 3114 100 3169 in
114 3110 218 3187 Ubiis,
236 3114 314 3193 quod
329 3134 404 3192 gens
421 3116 609 3179 Germanicae
626 3117 747 3195 originis
761 3110 871 3176 eiurata
897 3115 991 3191 patria
1013 3113 1072 3172 llo·

70 3201 220 3258 manorum
240 3202 356 3258 nomine
373 3199 606 3280 Agrippinenses
625 3209 809 3261 vocarentur.
844 3215 949 3260 caesae
969 3194 1071 3256 cobor-

71 3286 117 3336 tes
138 3295 239 3340 eorum
252 3282 280 3341 in
293 3283 360 3341 vico
371 3283 544 3344 llarcoduro
559 3285 732 3345 incuriosius
743 3292 875 3361 agentes,
892 3283 957 3360 quia
969 3278 1072 3358 procul

70 3363 135 3444 ripa
158 3363 287 3426 aberant.
325 3383 381 3427 nec
401 3369 540 3447 quievere
560 3367 627 3428 Ubii
642 3385 699 3447 quo
720 3367 813 3426 minus
828 3365 954 3445 praedas
968 3380 985 3421 e
1001 3361 1071 3424 cer-

68 3450 163 3510 mania
180 3458 333 3532 peterent,
364 3453 455 3532 primo
476 3454 600 3532 inpune,
627 3452 694 3512 dein
712 3451 905 3589 eiremvppti
913 3454 993 3520 sunt,
1018 3459 1072 3520 per
1082 3465 1107 3504 re
