2568 3870
415 173 521 224 urens
535 177 572 224 Π.
592 177 667 226 car.
685 179 803 234 14—19.
1070 175 1110 235 53

112 341 205 407 agere
223 325 360 388 Pacarius
378 337 411 388 et
421 329 582 391 inconditos
598 332 728 394 homiues
743 334 867 412 fatigare
879 336 1110 400 militiaemuue·

113 413 196 474 ribus
217 412 353 490 occepit,
380 411 511 472 laborem
534 414 678 476 insolitum
702 419 1012 496 perosi‘iubrmitatem
1030 440 1110 483 suam

110 493 303 575 reputabant:
326 495 446 556 insulam
467 515 632 576 essequam
653 501 829 580 incolerent,
844 511 874 562 et
890 502 978 581 longe
993 503 1109 566 Germe·

111 581 188 640 niem
210 578 346 658 viresque
367 579 527 657 legionum3
550 582 681 662 direptos
702 594 891 665 vastatosque
911 586 1008 648 classe
1024 591 1144 649 etiamne

112 679 187 743 quoa
208 661 347 722 cohortes
364 663 486 742 alaeque
501 675 700 744 protegerent.
726 677 756 728 et
770 670 867 728 auersi
876 679 998 748 repente
1014 674 1109 748 animi,

111 765 170 808 nec
188 756 284 806 temen
299 755 401 825 aperta
415 749 458 808 vi:
482 758 577 828 aptum
598 760 713 831 tempus
727 752 837 812 insidiis
853 752 966 831 legere.
999 754 1110 833 digres-

112 833 154 892 sis
179 832 226 909 qui
241 829 390 890 Pacarium
405 831 645 913 frequentabant,
669 835 761 896 nudus
776 844 805 896 et
820 837 922 896 auxilii·
939 837 1022 917 inops
1038 838 1109 898 bali-

111 917 178 975 meis
198 913 381 983 iuterbcilur;
399 916 531 977 trucidati
542 927 573 978 et
592 920 721 980 comites.
750 919 844 998 capita
856 928 888 980 ut
908 920 1033 981 hostium
1051 923 1110 1002 ipsi

112 999 318 1060 interfectores
339 998 375 1059 ad
397 999 540 1061 Othonem
554 1002 663 1072 tulere:
681 1020 777 1082 neque
798 1020 851 1064 eos
873 1013 920 1064 aut
934 1003 1010 1064 Otho
1025 1013 1144 1084 prae-ao

113 1083 174 1142 ustio
190 1081 295 1144 adiecit
309 1091 357 1143 aut
372 1084 463 1162 puniit
476 1085 629 1163 Vitellius,
646 1089 675 1148 iu
689 1086 778 1147 multa
791 1087 925 1147 conluvie
939 1106 1036 1147 rerum
1051 1105 1109 1148 ma·

115 1164 226 1226 ionibus
241 1166 355 1244 flagitiis
371 1167 540 1246 permixtos.
891 1198 892 1202 ¹

179 1251 226 1310 17.
255 1249 418 1328 Aperuerat
434 1249 822 1330 iamltaliambellum,quo‹l
838 1256 1053 1330 transmiserat,
1080 1264 1110 1314 ut

110 1351 200 1413 supra
217 1335 448 1408 memoravimus,
464 1335 510 1395 ala
526 1335 644 1412 Siliana,
659 1336 738 1396 nullo
750 1336 827 1431 apud
840 1355 1009 1416 quemquam
1020 1336 1109 1398 Otho·

109 1418 156 1478 uis
171 1413 273 1476 lavore
287 1433 342 1476 neo
355 1418 421 1495 quia
436 1417 584 1478 Vitellium
596 1419 724 1494 mallent,
740 1420 793 1479 sed
806 1419 894 1498 longa
905 1439 963 1499 pax
977 1421 1012 1481 ad
1026 1437 1110 1479 omne

110 1501 262 1562 servitium
284 1500 414 1577 fregerat
433 1500 538 1562 iaciles
558 1502 767 1580 occupantibus
790 1511 819 1562 et
843 1502 1013 1562 melioribus
1030 1505 1109 1562 incu·
1201 1537 1205 1542 -

110 1585 219 1644 riosos.
258 1581 490 1644 florentissimum
514 1582 615 1644 ltaliae
636 1585 727 1662 latus,
758 1595 893 1663 quantum
914 1587 988 1646 inter
1002 1585 1110 1646 Padum

114 1667 265 1746 Alpesque
291 1683 457 1745 camporum
478 1676 507 1728 et
530 1667 656 1745 urbium,
681 1669 767 1729 armis
787 1669 900 1730 llitellii
922 1671 1060 1750 (namque
1082 1677 1111 1728 et

4 1801 6 1806 .
114 1753 291 1830 pmemissae
308 1767 324 1810 a
340 1748 465 1811 Oeeciua
481 1751 619 1811 cohortes
634 1751 825 1832 aduenerant)
836 1751 998 1812 tenebatur.
1025 1761 1111 1831 capta

4 1843 6 1848 “
112 1834 321 1895 Pannoniorum
334 1833 442 1894 cohors
453 1834 530 1913 apud
539 1833 724 1904 cremonam
737 1835 891 1914 intercepti
903 1845 1017 1896 centum
1029 1836 1109 1914 equi-

112 1927 159 1978 tes
181 1933 216 1978 ac
229 1916 308 1976 mille
325 1916 443 1978 classici
455 1917 530 1978 iuter
545 1918 719 1978 Placentiam
735 1918 932 1997 Ticinumque.
965 1936 1022 1999 quo
1043 1937 1109 1980 suc-

111 2017 200 2062 cessu
214 2000 389 2062 Vitellianus
403 1999 487 2060 miles
503 2017 560 2061 nou
574 2002 628 2061 iam
646 2001 760 2062 humine
780 2010 828 2061 aut
847 2003 918 2080 ripis
939 2002 1108 2070 arcebatus;
1121 2016 1145 2058 uo

109 2082 246 2146 inritabat
268 2085 334 2162 quin
356 2085 441 2145 etiam
461 2083 587 2145 Batavos
608 2085 892 2163 transrhenanosque
918 2085 1013 2146 Padus
1033 2085 1110 2162 ipse,

111 2185 198 2247 quem
217 2174 342 2246 repente
364 2175 464 2227 contra
485 2167 660 2228 Placentiam
681 2171 855 2245 transgressi
878 2169 969 2247 raptis
995 2167 1110 2245 quibus·

110 2253 177 2313 dam
202 2250 437 2329 exploratoribus
457 2251 495 2310 ita
514 2259 631 2311 ceteros
654 2259 803 2328 terruere,
830 2259 861 2310 ut
875 2249 980 2310 adesse
998 2267 1111 2310 omnem

112 2333 258 2394 Caecinae
276 2334 434 2394 exercitum
446 2334 552 2413 trepidi
568 2352 603 2394 ac
618 2334 684 2394 ialsi
698 2334 867 2394 nuntiarent.

180 2416 227 2478 18.
248 2416 366 2478 Oertum
387 2428 449 2478 erat
468 2418 630 2498 Spurinnae
653 2419 694 2498 (is
717 2416 791 2476 enim
805 2416 980 2477 Placentiam
999 2417 1111 2494 optine-¹

110 2503 179 2580 bat)
194 2501 318 2561 necdum
331 2503 448 2561 venisse
463 2499 616 2562 anciuam
632 2510 676 2577 et,
692 2501 717 2560 ai
733 2500 951 2579 propinquaret,
969 2514 1111 2558 coercere

111 2587 188 2646 iutra
205 2585 378 2644 munimenta
392 2584 511 2644 militem
525 2579 582 2645 nec
597 2585 647 2644 tris
660 2585 822 2662 praetorias
835 2582 972 2643 cohortes
989 2589 1018 2640 et
1032 2580 1111 2640 mille

110 2668 283 2729 vexillarios
299 2685 363 2727 cum
380 2669 482 2747 paucis
497 2667 642 2745 equitibus
656 2675 795 2727 veterano
816 2666 956 2726 exercitui
972 2663 1110 2740 obicere:

110 2751 167 2812 secl
182 2751 335 2812 indomitus
350 2750 435 2811 miles
451 2749 566 2811 etbelli
579 2752 698 2828 igulorum
713 2751 857 2828 correptis
872 2750 963 2827 signis
981 2747 1135 2808 uexillis-s

112 2851 172 2914 que
186 2853 273 2895 ruere
290 2843 319 2893 et
332 2833 468 2895 retinenti
484 2834 550 2894 (luci
564 2833 623 2894 tela
638 2835 797 2910 intentare,
816 2834 923 2912 spretis
939 2830 1111 2893 centurioui-

111 2919 167 2978 bus
188 2917 384 2999 tribunisque;
415 2918 482 2997 quin
503 2916 589 2995 procli
608 2916 749 2977 Othonem
773 2925 802 2976 et
820 2917 943 2976 accitum
959 2915 1113 2977 anciuam

112 3000 306 3062 clamitabant.
339 3003 371 3061 lit
390 3001 562 3061 temeritatis
582 3000 696 3060 alienae
720 3017 819 3059 comes
840 3000 998 3078 Spurinna,
1019 2999 1112 3077 primo

111 3094 251 3162 coactus,
275 3100 344 3144 mox
366 3084 446 3144 relle
468 3083 620 3160 simulans,
646 3100 703 3161 quo
728 3083 793 3162 plus
809 3083 987 3143 auctoritatis
1002 3081 1113 3140 inesset

114 3169 262 3244 consiliis,
280 3169 304 3228 si
322 3168 427 3228 seditio
442 3168 620 3227 mitesceret.
1008 3197 1009 3200 =
1042 3243 1044 3248 Ι
1115 3173 1141 3214 tt

180 3251 227 3312 19.
249 3251 405 3330 Postquam
421 3252 449 3311 iu
466 3259 625 3329 conspectu
644 3249 736 3310 Padus
752 3257 782 3308 et
796 3265 854 3308 uox
870 3246 1037 3327 adpetebat,
1052 3245 1112 3304 val·

112 3335 167 3396 lari
183 3343 277 3394 castra
300 3334 419 3413 placuit.
449 3332 573 3394 islabor
587 3332 696 3393 urbano
712 3332 793 3393 militi
812 3330 945 3390 insolitus
966 3327 1113 3388 contundit

113 3419 234 3482 animos.
275 3427 333 3478 tum
360 3417 570 3478 uetustissimus
597 3416 720 3494 quisque
749 3414 893 3490 castigare
915 3410 1112 3471 credulitatem
