2540 3874
133 171 193 236 108
396 145 888 228 uouuunuusoruruuunnrun'r

132 355 189 418 que
216 334 251 396 ad
281 333 474 396 accusandum
493 333 627 395 ‘delectis
652 329 847 412 responderet
871 329 953 392 solus
981 339 1011 392 et
1036 331 1137 394 orandi

133 420 260 496 nescius,
279 418 398 498 proprio
415 419 443 477 in
458 427 552 495 nretu,
571 419 619 496 qui
635 416 794 477 exercitam
809 431 925 496 quoque
941 413 1137 496 eloquentiam

95 569 98 578 ,
132 503 274 579 debilitat,
290 519 349 562 non
363 509 545 580 temperante
562 498 680 562 'liberio
696 501 764 580 quin
779 507 926 579 premeret
947 517 1023 560 uoce
1046 501 1137 579 vultu,

133 607 168 650 eu
186 583 265 666 quod
286 587 352 664 ipse
374 585 551 646 creberrime
576 583 789 662 interrogabat,
813 600 907 663 neque
928 583 1069 644 refellere
1089 594 1139 646 aut

99 692 123 736 ro
134 671 253 734 eludere
269 668 404 747 dabatur,
416 687 451 730 uo
467 686 558 748 saepe
574 669 661 728 etiam
677 666 871 730 confitendum
884 675 962 745 erat,
979 685 1016 728 no
1029 667 1139 732 frustra

133 755 337 835 quaesivisset.
368 753 479 815 Servos
494 770 610 832 quoque
628 751 735 830 Silani,
762 760 793 812 ut
809 751 959 811 tormentis
973 751 1137 830 iuterroga-
1174 803 1179 813 .

131 848 241 916 rentur,
259 846 343 898 actor
358 836 493 916 publicus
507 837 650 916 maucipIo
666 843 833 917 acceperat.
864 843 894 894 et
909 852 947 896 ne
959 835 1023 914 quis
1035 853 1137 918 neces·

132 925 273 984 sariorum
289 921 404 982 iuvaret
418 920 640 1000 periclitantem,
654 920 814 981 maiestatis
835 920 953 980 crimina
976 918 1136 982 subdeban-

108 1013 113 1022 ’
132 1016 196 1084 tur,
215 1005 340 1065 vinclum
362 1012 392 1065 ct
415 1005 578 1066 necessitas
606 1003 719 1066 silendi.
756 1005 844 1082 igitur
865 1004 956 1083 petito
978 1021 1137 1082 paucorum

99 1104 122 1146 ru
136 1091 246 1150 diermu
259 1088 414 1150 interiectu
429 1087 628 1149 defensionem
644 1090 687 1148 sui
706 1087 850 1165 deseruit,
872 1087 952 1148 ausis
972 1085 1009 1150 ad
1030 1086 1136 1149 Gaesa-

133 1193 195 1234 rem
211 1171 365 1249 codicillis,
382 1171 486 1252 quihus
500 1171 633 1234 iuvidiam
648 1181 678 1232 et
697 1189 803 1253 preces
819 1172 991 1238 miscuerat„

196 1257 245 1320 68.
276 1255 408 1318 Tiberius
428 1273 504 1336 quae
523 1256 552 1318 iu
574 1257 702 1318 Silanum
725 1255 862 1336 parabat,
888 1273 945 1336 quo
971 1256 1139 1318 excusatius

133 1341 186 1402 sub
203 1340 580 1420 exemploacciperentur,
602 1339 721 1402 libellos
743 1339 801 1400 diui
824 1340 949 1419 Augusti
970 1339 1006 1400 de
1022 1338 1138 1402 Voleso

131 1425 269 1488 ldessalla
287 1423 416 1485 eiusdem
429 1423 520 1485 Asiae
541 1443 597 1504 pro
615 1425 737 1486 consule
750 1419 915 1504 factumque
933 1424 961 1484 in
974 1441 1038 1487 eum
1052 1441 1137 1484 sena·

132 1519 178 1570 tus
204 1507 367 1569 consultum
393 1508 510 1568 recitari
532 1508 622 1570 iubet.
662 1518 721 1570 tum
747 1508 778 1570 L.
807 1509 942 1570 Pisonem
968 1509 1137 1570 senteutiam

109 1601 229 1672 erogat.
269 1591 320 1654 ille
344 1591 463 1652 multum
483 1590 520 1652 de
541 1592 694 1656 clementia
719 1593 859 1672 principis
888 1593 1037 1672 praelatus
1063 1609 1137 1670 aqua

133 1687 219 1756 atque
235 1676 295 1754 igni
312 1675 411 1736 Silano
427 1675 654 1737 interdicendum
671 1678 782 1738 censuit
797 1677 947 1756 ipsumque
967 1677 996 1736 in
1016 1675 1137 1738 insulam

133 1761 257 1836 Gyarum
271 1758 470 1836 relegandum.
504 1759 604 1821 eadem
623 1759 730 1836 ceteri,
753 1761 808 1820 nisi
833 1759 908 1838 quod
928 1758 980 1821 Gn.
1000 1759 1138 1822 Lentulus

133 1842 295 1922 separanda
311 1842 403 1904 Silani
420 1852 547 1905 materne
565 1843 652 1921 bona,
674 1847 784 1924 quippe
803 1844 871 1906 Atia
896 1852 1016 1924 parente
1035 1843 1133 1924 geniti,

131 1924 338 2005 reddendaque
355 1925 416 1988 lulio
437 1926 519 2003 diuit,
535 1927 677 1988 adnuente
693 1924 820 1990 Tiberio.
981 1983 985 1993 .

30 2011 32 2016 '
194 2010 245 2072 69.
265 2009 305 2072 dt
321 2008 475 2071 Cornelius
488 2009 643 2074 Dolabella
659 2011 724 2078 dum
745 2010 937 2094 adulationem
955 2011 1074 2090 >longius
1091 2029 1138 2072 se·

131 2096 237 2177 quitur,-
252 2095 403 2173 increpitis
419 2092 452 2155 0.
470 2094 558 2157 Silani
572 2096 701 2159 moribus
716 2095 837 2174 addidit,
860 2114 897 2156 na
913 2096 977 2176 quis
992 2097 1050 2158 uita
1069 2115 1137 2176 pro·

131 2181 237 2240 brosus
253 2187 283 2240 et
298 2187 418 2257 opertus
432 2178 548 2242 infamia
563 2181 741 2260 prouinciam
759 2182 927 2258 sortiretur,
944 2179 1036 2260 idque
1060 2182 1136 2260 prin·

133 2281 206 2342 ceps
222 2261 403 2334 diiudicaret.
437 2280 501 2323 nam
517 2281 534 2324 a
549 2263 667 2342 legibus
682 2263 788 2326 delicta
809 2265 917 2343 puniri:
942 2273 1049 2346 quanto
1072 2265 1138 2326 iore

107 2346 227 2414 smitius
242 2347 271 2406 iu
286 2347 388 2426 ipsos,
406 2346 508 2408 melius
522 2348 550 2412 iu
572 2349 688 2426 socios,
713 2347 861 2429 provideri
882 2366 920 2410 ne
942 2345 1138 2432 peccaretur?

133 2430 287 2492 adversum
309 2447 384 2509 quae
413 2429 550 2492 disseruit
572 2429 697 2494 Caesar:
725 2449 784 2494 non
810 2431 923 2512 quidem
952 2433 1008 2496 sibi
1035 2433 1136 2510 ignara

133 2531 207 2594 quae
225 2512 261 2574 de
277 2513 375 2576 Silano
391 2513 599 2593 vulgabautur,
615 2515 741 2578 sednon
757 2534 795 2576 ex
805 2534 925 2594 rumore
946 2515 1134 2596 statuendum.

131 2596 238 2658 multos
254 2597 283 2656 iu
301 2597 461 2676 provinciis
478 2607 676 2680 contraquam
696 2618 766 2682 spes
784 2609 831 2661 aut
845 2609 938 2662 metus
954 2599 989 2662 de
1003 2599 1062 2660 illis
1073 2600 1136 2660 lue·

130 2682 169 2742 rit
184 2681 298 2758 egisse:
315 2681 436 2743 excitari
452 2682 592 2762 quosdam
618 2684 654 2746 ad
675 2683 796 2746 meliora
816 2683 1008 2766 magnitudine
1029 2702 1136 2761 rerum,

97 2785 121 2828 ro
131 2763 297 2827 hebescere
312 2765 396 2828 alios.
426 2784 522 2846 nequa
538 2785 628 2847 posse
644 2768 805 2848 principem
824 2787 875 2831 sua
891 2769 1011 2830 scientia
1033 2777 1136 2830 cuncta

132 2847 307 2927 complecti,
343 2867 438 2928 neque
464 2851 604 2930 expedire
628 2861 658 2912 ut
684 2851 838 2916 ambitione
871 2853 966 2915 aliena
998 2851 1134 2914 trahatur.

130 2933 197 2993 ideo
214 2931 299 3010 leges
313 2933 343 2992 in
358 2933 436 2994 iacta
453 2936 599 3012 constitui,
616 2939 682 3016 quia
697 2937 791 2999 lutura
805 2938 834 2998 iu
854 2938 967 3001 incerto
990 2938 1054 2998 sint.
1090 2937 1135 2994 sio

76 3033 79 3039 ·
130 3033 148 3077 a
163 3015 321 3076 maioribus
336 3016 504 3095 institutum,
519 3027 560 3097 ut,
575 3020 599 3079 si
614 3021 754 3082 antissent
769 3021 887 3098 delicta,
904 3038 1018 3101 poenae
1030 3036 1134 3100 seque·

130 3107 238 3159 rentur.
270 3116 308 3160 no
329 3108 477 3161 verterent
501 3105 649 3182 sapienter
670 3114 789 3184 reperta
816 3114 845 3167 et
871 3123 989 3186 semper
1011 3103 1137 3184 placita·

96 3183 202 3242 resatis
219 3199 338 3242 onerum
354 3184 551 3264 principibus,
577 3188 647 3248 satis
663 3189 749 3250 etiam
765 3190 922 3269 potentiae.
957 3189 1043 3248 minui
1064 3189 1138 3266 iura,

130 3265 264 3342 quotiens
277 3264 385 3343 gliscat
401 3276 550 3347 potestas,
572 3289 628 3332 nec
641 3272 774 3334 utendum
789 3273 927 3354 imperio,
949 3271 998 3332 uhi
1018 3269 1138 3350 legibus

129 3348 178 3424 agi
194 3349 297 3426 possit.
333 3359 439 3429 quanto
461 3354 554 3415 rarior
575 3354 651 3434 apud
672 3354 817 3418 Tiberium
838 3355 1032 3436 popularitas,
1054 3364 1136 3416 tauto

127 3428 297 3492 laetioribus
322 3433 422 3498 auimis
446 3446 578 3517 accepta.
613 3449 699 3522 atque
726 3440 776 3502 illa
804 3439 932 3521 prudens
957 3438 1137 3518 moderandi,
