2540 3874
157 201 197 262 94
307 269 317 288 ³
410 207 574 258 conuunn
586 206 704 256 naemu
716 206 899 256 muncrum
1012 243 1015 249 .

123 387 148 428 ro
160 383 216 447 que
231 363 347 443 legibus
364 365 555 441 constrictae,
580 381 655 423 nunc
670 361 773 423 vinclls
789 363 929 423 exsolutis
945 361 1064 440 domos,
1086 361 1163 441 lora,

157 450 213 512 iam
230 456 259 508 et
273 447 419 508 exercitus
437 456 583 526 regerent.
1025 467 1028 473 ·

222 531 273 594 34.
297 531 456 592 Paucorum
471 531 683 592 baec-adsensu
700 529 810 591 audita:
835 530 934 611 plures
959 527 1162 606 obturbabant,

157 635 252 696 neque
266 615 388 678 relatum
404 614 440 675 de
454 615 573 693 negotio
590 631 685 694 neque
702 613 855 675 Caecinam
870 613 985 692 dignum
1007 621 1102 674 tantae
1118 614 1163 674 rei

158 717 321 762 censerem.
354 716 422 759 mon
454 698 589 760 Valerius
609 698 799 775 Messalinus,
830 698 875 758 cui
896 715 1003 777 parens
1022 696 1162 758 Messalla

157 785 308 863 ineratque
331 784 426 861 imago
448 790 588 863 pateruae
608 781 775 859 facundiae,
803 780 954 861 respondit
976 780 1063 842 multa
1085 780 1161 842 duri·

130 870 213 934 etiae
230 877 361 927 veterum
373 866 405 926 in
420 866 522 927 melius
534 875 563 927 et
576 866 677 928 laetius
688 874 808 934 mutata;
824 865 1018 945 nequeenim,
1035 874 1064 924 ut
1079 864 1159 941 olim,

155 950 284 1012 obsideri
307 949 407 1010 urbem
424 948 511 1011 bellis
532 959 580 1012 aut
595 949 761 1030 prouincias
781 947 894 1010 bestilia
912 967 988 1010 esse.
1017 957 1046 1008 et
1068 966 1161 1028 panca

154 1035 322 1097 feminarum
337 1033 561 1095 necessitatibus
577 1031 715 1110 concedi,
738 1051 812 1114 quae
827 1051 864 1093 ne
880 1035 1030 1110 coniugum
1046 1031 1157 1110 quidem

156 1125 293 1199 penates,
310 1116 385 1177 adeo
401 1117 499 1178 socios
519 1133 577 1178 non
593 1125 730 1185 onerent:
748 1125 846 1178 cetera
861 1118 1005 1196 promisca
1022 1133 1085 1175 cum
1102 1133 1164 1176 ma·

155 1203 228 1279 rito,
249 1219 305 1263 uec
320 1200 409 1261 ullum
422 1201 450 1260 in
467 1203 602 1280 eopacis
622 1200 864 1281 impedimentum.
901 1199 980 1261 bella
1002 1200 1088 1279 plane
1113 1219 1159 1260 ac·

121 1307 148 1350 rc
158 1285 261 1347 cinctis
277 1283 426 1345 obeunda:
443 1284 496 1344 sed
513 1285 726 1346 revertentibus
743 1293 810 1364 post
830 1283 960 1346 laborem
978 1283 1055 1363 quod
1069 1282 1155 1344 bone·

157 1371 228 1431 etius
243 1387 327 1449 quam
343 1369 476 1429 uxorium
491 1367 701 1431 levamentum?
723 1378 750 1429 at
775 1367 911 1448 quasdam
934 1371 962 1428 in
977 1367 1160 1429 ambitionem

156 1463 203 1516 aut
219 1453 367 1515 avaritiam
385 1452 550 1532 prolapsas.
581 1450 669 1532 quid?
690 1453 817 1534 ipsorum
832 1455 1048 1533 magistratuum
1062 1468 1160 1511 noune

154 1537 316 1621 plerosque
330 1537 419 1597 variis
435 1535 600 1597 libidinibus
617 1534 780 1597 obnoxios?
801 1554 857 1597 non
874 1545 968 1597 tamen
988 1533 1055 1596 ideo
1071 1536 1157 1595 nemi-

155 1622 263 1682 nemin
280 1622 459 1701 prouinciam
476 1621 556 1681 mitti.
589 1628 743 1701 corruptos
766 1638 856 1700 saepe
880 1609 1068 1701 pravitatibus
1087 1635 1156 1679 uxo·

120 1723 217 1773 mrum
233 1704 369 1764 maritos:
393 1721 459 1763 num
480 1721 553 1782 ergo
576 1705 668 1764 omnis
692 1703 821 1765 caelibes
839 1701 991 1782 integros?
1013 1703 1160 1784 placuisse

159 1785 301 1868 quondam
320 1785 431 1867 Oppias
449 1785 550 1866 leges,
573 1785 616 1848 sic
640 1786 818 1867 temporibus
840 1789 883 1850 rei
906 1787 1039 1868 publicae
1060 1795 1159 1868 postu·
1268 1811 1269 1870 j

154 1871 294 1933 lantibus:
309 1872 459 1932 remissum
476 1870 583 1951 aliquid
598 1880 702 1950 postea
714 1879 743 1931 et
755 1872 924 1950 mitigatum,
942 1873 1008 1951 quia
1021 1870 1158 1952 expedie-

154 1956 199 2016 rit.
235 1954 340 2015 lrustra
361 1962 489 2015 nostram
509 1954 653 2033 ignaviam
674 1954 730 2016 alia
760 1955 796 2016 ad
825 1955 967 2017 vocabula
994 1956 1159 2018 transferri:

154 2057 218 2099 uam
235 2038 289 2098 riri
305 2038 334 2098 in
352 2055 389 2098 eo
407 2037 537 2118 culpam,
557 2038 580 2099 si
596 2039 701 2099 lemina
718 2037 831 2099 modum
852 2038 985 2100 excedat.
1015 2057 1105 2120 porro
1119 2038 1159 2100 ob

118 2145 144 2188 rc
156 2123 239 2182 unius
255 2130 303 2183 aut
317 2121 436 2183 alterius
455 2121 623 2183 inbecillum
641 2124 762 2183 animum
782 2123 857 2184 male
879 2124 951 2202 eripi
966 2124 1074 2184 maritis
1090 2140 1158 2184 con·
1267 2125 1268 2130 ’

154 2206 244 2269 sortia
259 2222 354 2266 rerum
365 2206 555 2267 secundarum
568 2205 821 2286 adversarumque.
847 2207 929 2269 simul
947 2223 1047 2268 senum
1059 2216 1158 2276 natura

153 2289 307 2351 invalidum
329 2288 424 2350 deseri
449 2299 479 2350 et
505 2290 614 2370 exponi
643 2308 695 2351 suo
725 2291 809 2367 luxu,
839 2287 1020 2374 cupidinibus
1045 2291 1157 2352 alienis.

72 2431 76 2440 ,
153 2375 203 2434 vix
219 2375 368 2455 praesenti
385 2372 517 2435 custodia
531 2391 651 2435 manere
663 2374 773 2435 inlaesa
787 2375 938 2454 coniugia:
957 2375 1025 2454 quld
1039 2375 1114 2453 lore,
1133 2375 1158 2436 ei
1266 2371 1267 2386 ³

153 2475 207 2538 per
227 2457 328 2537 plures
344 2475 435 2518 annos
452 2459 480 2518 in
495 2456 609 2519 modum
624 2457 736 2519 discidii
746 2457 963 2520 obliterenturl
984 2459 1027 2520 sic
1043 2457 1157 2520 obviam

118 2565 143 2606 rc
156 2543 230 2601 irent
244 2541 279 2600 iis
295 2557 369 2619 quae
383 2540 451 2602 alibi
471 2550 678 2622 peccarentur,
690 2551 719 2603 ut
735 2541 908 2620 flagitiorum
923 2543 1000 2603 urbis
1013 2542 1156 2602 meminis·

153 2631 227 2684 sent.
258 2621 365 2685 addidit
382 2643 474 2704 pauca
490 2624 602 2686 Drusus
621 2624 657 2686 dc
671 2626 853 2687 matrimonio
876 2645 942 2698 suo;
966 2643 1029 2687 nam
1050 2625 1158 2706 princi·
1183 2663 1190 2674 ·

153 2707 238 2789 pibus
261 2706 392 2770 adeunda
414 2711 531 2788 saepius
550 2709 707 2789 longinqua
732 2711 854 2790 imperii.
902 2711 1038 2789 quotiens
1062 2709 1158 2772 divum
1265 2753 1266 2758 κ

152 2792 315 2870 Augustum
341 2791 368 2852 in
397 2791 578 2854 occidentem
603 2802 689 2874 atque
715 2794 854 2855 orientem
878 2795 1025 2856 meavisse
1053 2796 1159 2856 comite

151 2875 247 2938 bivia!
265 2894 298 2936 ae
314 2893 432 2957 quoque
445 2878 473 2937 in
488 2876 634 2953 Illyricum
653 2877 816 2956 prolectam
834 2887 877 2957 et,
899 2879 924 2938 si
946 2879 985 2941 ita
1004 2877 1156 2955 conducat,

116 2959 226 3024 toalias
251 2958 286 3021 ad
309 2968 412 3038 pentes
434 2962 551 3040 iturum,
577 2960 652 3022 baud
674 2979 789 3042 semper
811 2979 904 3043 aequo
931 2962 1047 3040 animo,
1070 2964 1094 3022 si
1119 2960 1155 3021 ab
1264 2993 1265 3044 l

151 3061 245 3104 uxore
263 3044 410 3106 carissima
428 3053 457 3105 et
474 3053 517 3105 tot
533 3045 720 3106 communium
744 3045 900 3107 liberorum
922 3054 1045 3126 parente
1067 3044 1157 3106 divel-

152 3127 271 3188 leretur.
301 3128 345 3188 sic
365 3127 509 3189 Caecinae
524 3131 666 3189 sententia
682 3128 763 3189 elusa
779 3139 834 3193 est.
955 3138 959 3144 '

183 3237 188 3255 =
227 3211 278 3276 35.
302 3211 437 3273 Proximo
456 3218 574 3272 senatus
603 3212 650 3272 dle
676 3212 810 3274 'liberius
826 3233 879 3296 per
896 3214 1012 3292 literas,
1033 3213 1159 3292 castiga·
1263 3257 1264 3262 η

153 3293 189 3353 tis
206 3292 324 3373 oblique
338 3293 468 3372 patribus
490 3295 567 3375 quod
588 3303 691 3356 cuncta
712 3313 842 3359 curarum
863 3298 898 3361 ad
917 3298 1077 3377 principem
1100 3299 1160 3357 rei-

154 3384 271 3453 cerent‚
287 3376 337 3437 tl’.
354 3376 491 3455 Lepidum
507 3387 536 3438 et
549 3379 658 3442 lunium
680 3379 814 3442 Blaesum
836 3383 1008 3459 nominavit,
1031 3399 1068 3442 ex
1092 3382 1160 3460 quis

154 3474 208 3535 pro
227 3459 347 3519 consule
362 3459 481 3522 Africae
499 3461 656 3539 legeretur.
690 3473 747 3525 tum
770 3466 862 3527 audita
884 3463 1029 3527 amborum
1054 3463 1158 3544 verba,
