2536 3870
477 155 688 212 crema-aa.
1022 144 1085 216 'tot

67 309 199 392 aliquod
213 316 386 372 momentana
403 310 431 368 in
449 308 552 386 domo,
573 323 725 390 numquam
745 313 774 372 in
793 313 927 391 civitate,
951 318 1084 398 exeeptia

69 398 228 458 dumtaxat
243 399 278 460 iia
294 393 429 472 gentibue
449 411 524 472 quae
544 403 710 472 regnantur.
741 395 781 456 ibi
796 397 871 457 enim
890 405 921 456 et
938 416 1027 476 anper
1043 402 1082 460 in·
1095 418 1122 460 ιι

69 495 198 558 genaoa
220 485 250 540 et
268 495 357 558 anper
378 477 494 539 nobiiea
514 477 690 540 eruendum:
726 479 803 560 apud
824 488 945 542 cataroe
958 481 1085 560 impares

71 563 209 625 libertini
225 561 367 624 libertatin
382 570 580 640 argumentum
597 571 672 622 aunt.

142 646 195 710 26.
217 645 334 708 Faenun
343 647 455 726 agitare
471 654 500 705 et
514 645 543 704 iu
557 663 662 706 usurae
673 647 834 707 extendere
847 648 992 726 ignotum
1004 651 1085 711 idac·

71 750 134 812 que
151 732 244 809 magia
258 739 392 792 servatur
406 747 491 808 quam
506 730 530 788 ai
552 730 672 789 uetitum
687 739 777 792 earet.
810 732 875 809 agri
894 750 949 811 pro
964 751 1086 794 nurnero

70 816 222 878 cattorum
243 813 281 874 ab
303 814 448 872 uuivenia
470 814 499 871 in
520 814 601 874 nicea
617 823 814 893 occupantur,
835 832 911 893 quoa
926 835 996 878 mox
1010 819 1086 880 inter

69 918 107 960 ee
139 897 298 959 seeundum
325 895 521 974 dignationem
545 897 719 975 peruentum
747 897 916 958 iuciiitatem
943 902 1086 981 partiendi

72 997 248 1060 camporum
269 979 362 1058 spatia
381 977 534 1059 praebent.
573 997 642 1041 arra
667 998 721 1059 per
739 998 832 1042 auuoe
850 991 972 1064 motam,
993 994 1023 1047 et
1038 1003 1108 1046 aue

37 1124 42 1132 ,
72 1073 181 1146 pereat
194 1079 277 1142 ager.
302 1063 442 1124 nonenim
458 1081 521 1125 cunr
531 1061 663 1125 ubertate
675 1072 705 1124 et
716 1065 902 1144 amplitudine
913 1069 968 1131 noli
981 1070 1084 1131 labore

73 1146 270 1225 contendunt,
286 1155 316 1208 ut
330 1149 458 1227 pomaria
474 1157 630 1208 conserant
644 1157 674 1210 et
688 1158 770 1227 prata
785 1159 925 1232 aepareat
940 1164 970 1215 et
981 1153 1083 1215 nonna

71 1235 190 1311 rigent:
224 1231 290 1292 nola
310 1239 407 1292 terrae
430 1249 519 1309 aegea
542 1234 709 1311 imperatur.
744 1232 818 1293 unde
838 1252 942 1296 annum
965 1256 1083 1318 quoque

71 1319 171 1397 ipaum
184 1316 283 1377 uouiu
297 1315 417 1381 touton
433 1315 567 1392 digerunt
577 1315 709 1394 epeciee:
725 1315 816 1376 hieme
831 1326 862 1377 et
877 1337 930 1380 ver
944 1330 974 1380 et
987 1331 1083 1382 aeetae

73 1398 261 1460 intellectum
284 1415 319 1458 ac
341 1397 485 1459 voeabula
504 1397 627 1476 habent,
649 1401 774 1460 commui
795 1399 915 1478 perinte
931 1420 1120 1463 uomcnacro

73 1481 156 1544 ltona
167 1483 347 1561 ignorantur.
755 1524 757 1528 ,

140 1565 192 1627 ut.
212 1564 357 1626 Funerum
370 1564 448 1627 uulda
463 1565 596 1627 ambitio:
625 1565 655 1626 id
669 1565 766 1626 nolum
780 1565 964 1646 comeretur,
975 1575 1007 1628 ut
1022 1585 1086 1629 cor·

78 1667 152 1732 pora
170 1648 314 1711 clarorum
328 1649 455 1710 virorum
471 1649 561 1711 certia
582 1648 670 1728 lignie
692 1660 864 1711 crementur.
897 1659 1005 1711 struem
1019 1653 1086 1728 rogi

77 1752 134 1796 uec
148 1732 279 1795 reatibus
293 1751 350 1795 uec
363 1731 503 1796 odoriim
519 1733 677 1794 cumulant:
716 1751 767 1795 aua
783 1735 889 1814 cuique
902 1752 998 1812 arnna,
1014 1751 1086 1815 quo·

79 1816 197 1881 tundam
212 1817 273 1897 igni
288 1825 317 1878 et
329 1835 421 1897 equus
434 1817 567 1879 adicitur.
585 1817 751 1897 repulerunt
767 1834 891 1897 caeapea
906 1819 1010 1896 erigit:
1024 1835 1085 1878 mo·

78 1911 281 1964 omentorum
294 1901 413 1963 arduum
438 1911 470 1964 et
494 1918 651 1982 operosum
670 1901 811 1962 honorem
836 1910 866 1962 ut
889 1919 1009 1980 gravem
1035 1901 1109 1962 dae-t

78 1986 184 2047 iunctio
202 1992 401 2064 aspernantur.
432 1985 557 2046 lamenta
578 1985 772 2046 uetuerimne
803 1985 877 2061 cito,
899 1983 1032 2046 dolorem
1056 1993 1086 2045 et

79 2069 222 2130 tristitiam
243 2067 324 2130 terte
345 2079 462 2148 ponunt.
502 2068 618 2129 iemima
635 2067 739 2145 lugere
755 2067 907 2128 houeetura
930 2077 993 2147 eet,
1013 2069 1086 2129 viria

81 2169 255 2214 memruraee.

142 2234 223 2296 Haec
246 2235 276 2294 iu
297 2251 449 2294 commune
468 2233 505 2294 de
531 2236 656 2295 omniurn
678 2232 884 2295 domnorum
910 2235 1024 2312 origine
1051 2252 1099 2294 ac.

81 2318 211 2381 moribus
226 2319 406 2397 accepimus:
433 2336 510 2378 nuno
526 2315 848 2397 singularum'geutium
862 2319 989 2378 institute
1002 2319 1085 2378 ritua-
1097 2337 1122 2381 no

83 2397 153 2485 que,
168 2411 309 2483 quaterna
320 2401 471 2480 differant,
487 2419 620 2482 quaeque
634 2403 766 2463 uatiouea
782 2401 963 2464 etiermania
979 2402 1008 2460 in
1021 2401 1086 2463 oet-

82 2489 136 2550 iiaa
151 2487 420 2564 commigraverint,
437 2485 600 2566 expediam.

139 2570 190 2634 28.
213 2569 379 2633 Validiores
405 2569 472 2632 olim
491 2569 638 2632 Gallorum
658 2587 707 2630 rea
725 2569 819 2630 initae
839 2585 964 2629 commun
986 2577 1088 2629 auctor

84 2655 162 2718 dirue
175 2653 266 2717 luliua
280 2654 379 2724 tradit:
403 2671 501 2734 eaque
522 2653 663 2714 credibile
683 2661 730 2714 'eet
747 2653 833 2714 etiarn
851 2652 958 2714 Gallos·
969 2653 997 2712 iu
1017 2650 1086 2712 Ger·

85 2740 202 2802 ananim
221 2747 438 2817 uanegreeeoa:
472 2737 638 2817 qnaumtmr
663 2737 738 2798 euim
758 2738 849 2797 amnia
872 2735 1007 2797 eueniat
1029 2752 1086 2815 quo

83 2825 188 2901 mnne,
209 2832 240 2883 ut
254 2840 388 2902 quaeque
401 2840 477 2901 gana
491 2821 659 2899 coaluerat,
678 2829 839 2899 oocuparet
852 2829 1087 2902 permutaretque

86 2908 348 2986 aedeapromieoaa
372 2905 466 2967 adiruo
486 2915 516 2966 et
536 2906 614 2967 nulla
634 2921 792 2983 regnorum
809 2906 939 2984 potentia
959 2900 1112 2964 diuinatio

86 2988 970 3152 ittttfidtttitr'ttttiittttttiitii
988 3004 1089 3130 titi

89 3155 177 3221 adhuc
188 3153 335 3214 Boihaemi
352 3169 456 3213 uomeu
469 3155 674 3232 significatque
693 3155 750 3215 ioci
766 3163 898 3216 veterent
921 3154 1088 3214 memoriam

89 3238 214 3324 quamue
227 3237 342 3296 mutatio
356 3237 524 3298 cultoribus.
555 3237 608 3298 aed
619 3248 712 3299 utrum
723 3237 859 3300 Araviaci
873 3240 902 3298 in
913 3237 1088 3298 Pannoniam

89 3325 123 3387 ab
135 3323 200 3386 oo·
218 3315 434 3395 {Germanorum
448 3321 577 3399 natione}
599 3322 695 3384 au0ei
707 3321 744 3383 eb
755 3322 906 3383 Araviecie
921 3321 951 3380 in
967 3320 1085 3382 Germe·
1098 3339 1123 3383 ιι

91 3409 159 3472 uiam
178 3406 446 3485 commigraverint,
470 3424 534 3468 cutm
560 3408 663 3468 ecdem
685 3405 776 3467 adhuc
800 3421 936 3466 sermone
951 3403 1088 3463 institutio
