2440 3886
117 113 157 176 ³0
360 120 858 180 ,eonuuurrnnorurnuunmum

118 281 265 344 subiectus
278 280 396 340 servitio
408 279 507 338 uxoris
520 285 617 337 uterus
629 275 803 337 vaecordem
816 275 950 353 agebant,
962 276 1113 340 uolitabat·

51 359 57 370 ’
92 383 174 445 sque
191 381 244 444 per
259 362 444 445 Cheruscos,
466 379 543 422 arma
564 361 592 420 in
616 361 787 439 Segestem,
810 378 887 420 erma
907 361 934 420 in
957 357 1113 422 Gaesarem

117 465 253 528 poscens.
285 465 381 527 neque
396 445 512 526 probris
529 443 724 523 temperabat:
742 443 891 523 egregium
907 453 1034 523 patrem,
1046 465 1111 521 ma·

115 549 201 612 gnum
223 533 443 610 imperatorem,
474 529 579 589 iortem
600 529 774 603 exercitum,
805 545 926 605 quornm
947 537 990 588 tot
1015 547 1114 590 manus

115 634 198 677 unam
213 614 412 677 mulierculam
427 613 586 675 evexerint.
611 611 666 674 sibi
686 621 745 673 tres
765 611 916 690 legiones,
937 612 1056 674 totidem
1072 614 1114 674 le·

116 710 199 780 gatos
214 699 424 780 procubuisse;
441 715 498 758 non
521 697 594 758 enim
617 715 650 756 se
672 696 834 775 proditione
856 714 952 775 neque
974 697 1114 759 adversus

82 785 235 852 pleminas
254 783 406 863 gravidas,
429 782 481 845 sed
504 781 597 860 palam
620 781 760 842 adversus
781 790 906 842 armatos
928 780 1034 842 bellum
1056 790 1114 842 tra·

116 877 206 930 ctare.
234 867 315 928 cerni
331 866 424 927 adhue
440 864 644 928 Germanorum
659 866 686 924 in
702 864 774 926 lucis
786 865 868 943 signa
880 864 1019 942 Romana,
1039 883 1115 945 quae

116 952 158 1014 dis
177 953 277 1032 patriis
294 951 488 1031 suspenderit,
520 949 633 1010 coleret
649 949 791 1027 Segestes
808 949 913 1010 vietam
929 950 1030 1029 ripam,
1048 950 1114 1012 red·

115 1036 199 1097 tieret
216 1034 275 1098 lilio
300 1035 494 1096 sacerdotium
515 1034 672 1095 hominum:
693 1032 852 1094 Germanos
871 1052 1021 1114 numquam
1044 1033 1115 1094 satis

116 1129 317 1197 excusaturos,
334 1119 411 1198 quod
427 1119 502 1179 inter
517 1117 613 1178 Albim
632 1127 661 1178 et
676 1116 806 1178 Rhenum
822 1117 919 1196 virgas
941 1127 970 1176 et
992 1136 1116 1178 secures

82 1227 106 1267 u
117 1214 146 1266 et
160 1213 258 1282 togam
278 1203 411 1264 viderint.
441 1201 505 1262 aliis
528 1201 663 1280 gentibus
684 1203 845 1279 ignorantia
868 1203 970 1282 imperi
994 1201 1116 1264 Romani

115 1289 267 1368 inexperta
284 1304 352 1349 esse
367 1285 524 1365 supplicia,
545 1286 646 1347 nescia
658 1285 778 1357 tributa;
799 1303 874 1364 quae
894 1287 1027 1366 quoniam
1044 1303 1112 1348 enu-

116 1373 190 1434 erint
211 1372 371 1451 inritusque
394 1371 565 1432 diseesserit
586 1369 638 1430 ille
657 1370 730 1430 inter
751 1370 863 1430 numina
885 1370 995 1431 dicatus
1016 1370 1115 1448 Angu-

116 1465 186 1535 stus,
203 1455 255 1518 ille
271 1455 403 1516 delectus
421 1453 616 1531 Tiberioque
632 1453 784 1533 inperitum
802 1454 1059 1532 adulescentulum,
1076 1473 1114 1516 ue

116 1540 283 1602 seditiosum
299 1539 456 1600 exereitum
472 1547 675 1618 pavescerent.
707 1537 732 1598 si
752 1539 872 1618 patriam
891 1545 1028 1619 parentes
1044 1541 1115 1600 anti·

81 1642 171 1704 aequa
187 1624 304 1686 mallent
320 1641 403 1703 mam
420 1622 551 1689 dominos
571 1631 600 1683 et
615 1622 745 1683 colonias
761 1639 870 1699 novas,
892 1622 1046 1684 Arminium
1062 1640 1116 1704 po·

115 1709 169 1769 tius
187 1708 299 1787 gloriae
320 1726 356 1768 ae
374 1706 518 1768 libertatis
540 1725 624 1786 quam
639 1708 793 1785 Segestem
809 1705 970 1784 flagitiosae
993 1709 1115 1768 servitu·

114 1792 150 1850 tis
167 1791 268 1853 dueem
282 1799 483 1869 sequerentur.

178 1876 227 1938 60.
250 1872 363 1936 Conciti
379 1892 433 1954 per
445 1874 519 1936 baec
535 1892 592 1936 non
603 1876 689 1936 modo
703 1876 843 1938 Cherusci
855 1877 906 1937 sel
919 1877 1116 1940 conterminae

115 1969 234 2039 gentes,
266 1967 433 2038 tractusque
458 1959 485 2019 in
509 1959 597 2038 partis
617 1958 816 2038 lnguiomerus
837 1961 956 2020 Arminii
984 1970 1116 2040 patruus,

114 2053 215 2104 vetere
225 2041 302 2120 apud
309 2041 455 2103 llornanos
473 2044 659 2115 auetoritate;
677 2045 751 2106 unde
769 2045 860 2106 maior
876 2043 996 2106 Caesari
1012 2054 1116 2106 metus.

75 2132 77 2137 ’
117 2137 145 2189 et
160 2146 198 2188 ue
212 2126 320 2189 bellum
336 2126 414 2188 molo
429 2145 484 2188 una
499 2128 658 2206 ingrueret,
675 2127 830 2191 Caecinam
848 2148 909 2190 eum
926 2129 1116 2208 quadraginta

91 2235 102 2275 a
118 2211 286 2273 cohortibus
300 2210 437 2271 Romanis
454 2210 639 2273 distrahendo
659 2213 736 2274 lrosti
756 2232 811 2292 per
829 2213 986 2274 Bructeros
1007 2214 1042 2274 ad
1063 2213 1108 2274 llu

114 2313 179 2357 men
194 2296 330 2356 Amisiam
344 2295 438 2371 mittit,
455 2296 580 2376 equitem
596 2295 676 2357 Pedo
693 2298 862 2378 praelectus
883 2297 985 2359 linibus
1007 2296 1113 2358 Frisio-

114 2398 175 2441 rum
193 2379 279 2441 duoit.
300 2380 377 2459 vipse
392 2379 533 2460 inpositas
548 2380 667 2441 navibus
689 2390 823 2462 quattuor
844 2381 977 2461 legiones
1001 2399 1052 2460 per
1072 2381 1112 2440 la·
1218 2385 1219 2411 ³

115 2464 280 2538 eosvenit:
312 2464 453 2543 simulque
476 2464 569 2544 pedes
594 2483 685 2544 eques
707 2467 809 2527 classis
836 2467 912 2547 apud
937 2464 1113 2546 praedictum

113 2565 224 2610 amnem
238 2564 413 2630 convenere.
443 2546 552 2612 Gbauei
565 2567 629 2611 eum
642 2552 747 2612 auxilia
759 2551 979 2630 pollicerentur,
997 2551 1027 2632 iq
1037 2566 1114 2610 eom·

80 2653 104 2695 ιο
113 2633 241 2694 militium
262 2631 365 2694 adsciti
384 2642 458 2693 runt.
500 2633 657 2695 Bructeros
680 2653 730 2696 sua
753 2637 862 2696 urentis
890 2635 1025 2714 expedita
1050 2651 1115 2694 cum

112 2735 195 2779 manu
210 2715 240 2776 ln.
256 2717 409 2777 Stertinius
425 2718 514 2778 missu
529 2717 689 2780 Germanioi
703 2719 789 2790 iudit;
804 2721 938 2799 interque
953 2718 1073 2780 eaedem
1086 2727 1115 2778 et
1217 2765 1218 2774 ,

114 2801 250 2880 praedam
264 2802 395 2881 repperit
409 2802 662 2864 undevicensimae
677 2805 801 2883 legionis
819 2805 943 2883 aquilam
960 2820 1024 2863 cum
1035 2801 1114 2863 Varo
1217 2815 1218 2850 t

113 2886 255 2946 amissam.
289 2886 402 2947 ductum
418 2886 485 2948 iude
500 2905 603 2966 agmen
619 2888 654 2949 ad
666 2889 782 2950 ultimos
792 2888 1007 2964 Bructerorum,
1025 2905 1114 2968 quan·
1217 2929 1218 2935 κ

113 2979 228 3048 tumque
244 2969 379 3030 Amisiam
394 2980 423 3032 et
438 2970 555 3052 Lupiam
570 2989 668 3034 amnes
685 2974 760 3034 inter
772 2982 929 3051 vastatum,
951 2971 1026 3032 haud
1047 2989 1115 3050 pro·

82 3073 104 3115 u
115 3053 162 3114 cul
177 3052 420 3132 Teutoburgiensi
436 3055 521 3133 saltu,
537 3057 566 3116 in
583 3074 640 3136 quo
660 3057 801 3138 reliquiae
816 3058 887 3118 Vari
907 3057 1114 3136 legionumque

113 3137 276 3217 insepultae
292 3137 471 3200 dicebantur.

176 3222 225 3282 61.
254 3218 345 3300 lgitu'r
372 3223 476 3303 cupido
502 3223 658 3286 Caesarem
678 3225 790 3286 vinuadit
816 3224 949 3286 solvendi
964 3242 1114 3306 ‚suprema

112 3304 247 3365 militibus
264 3306 405 3384 ducique,
428 3317 560 3386 permoto
578 3309 614 3370 etl
628 3311 842 3371 miserationem
857 3310 932 3370 omni
948 3309 997 3389 qui
1012 3308 1113 3370 aderat

113 3389 243 3449 exercitu
261 3389 298 3448 ob
314 3391 505 3472 propinquos,
523 3395 642 3473 amieos,
661 3393 785 3473 (lenique
805 3393 843 3457 ob
870 3413 954 3457 casus
969 3391 1114 3454 bellorum
