2568 3870
190 203 231 264 92
418 209 971 261 connumruncrnrmsucnmnuu

146 417 149 422 .
188 388 253 432 mae
269 368 394 447 legionis
411 376 617 430 conuenerant.
646 365 708 428 illic
728 369 878 445 agitavere
894 366 1065 446 placeretne
1085 367 1196 430 obstrui

190 455 354 517 Pannoniae
371 453 484 532 Alpes,
511 451 605 514 donec
623 470 640 512 a
662 460 747 529 tergo
764 451 843 511 vires
864 453 1018 513 uniuersae
1035 469 1196 532 consurge·

168 549 265 615 erent,
280 556 317 599 an
334 540 378 598 ire
395 538 554 599 comminus
569 546 598 597 et
613 545 728 596 certare
744 553 798 615 pro
814 534 896 597 ltalia
913 537 1093 597 constantius
1108 537 1197 598 foret.

191 621 294 704 quibus
310 623 442 702 opperiri
464 622 569 682 auxilia
587 628 616 680 et
638 619 755 681 trahere
770 619 878 680 bellum
892 619 1060 696 videbatur,
1080 621 1198 682 Germa·

190 709 318 768 nicarum
340 705 488 784 legionum
510 707 567 765 vim
589 704 752 783 famamque
776 702 969 782 extollebant,
992 712 1021 764 et
1040 704 1200 766 advenisse

191 811 260 854 mox
274 810 339 852 cum
360 789 482 853 Vitellio
495 789 651 852 Britannici
667 789 815 849 exercitus
834 787 958 850 robora:
976 789 1049 867 ipsis
1070 807 1128 851 nec
1150 809 1201 850 nu-

191 894 299 936 merum
316 893 416 956 parem
431 876 578 956 pulsamm
592 891 685 953 nuper
699 873 864 950 legionum,
884 881 913 933 at
927 890 1100 952 quamquam
1121 883 1201 935 atro-

156 989 181 1028 20
191 963 264 1021 citer
279 960 485 1039 loquerentur,
500 961 641 1019 minorem
657 975 724 1017 esse
736 956 812 1037 apud
825 958 920 1017 victos
931 957 1064 1018 animum.
1087 958 1144 1018 sed
1161 962 1200 1019 iu·

189 1046 281 1104 sessis
302 1045 414 1104 interim
435 1042 560 1122 Alpibus
574 1051 725 1102 venturum
748 1057 811 1101 cum
835 1042 931 1121 copiis
952 1043 1073 1102 orientis
1089 1041 1199 1103 blucia-

189 1146 269 1198 num;
294 1145 452 1208 superesse
466 1127 652 1206 Vespasiano
668 1144 758 1202 mare,
776 1123 905 1203 classes,
922 1125 1015 1186 studia
1032 1127 1198 1206 provincia-

189 1230 266 1289 rum,
285 1229 338 1290 per
361 1228 432 1291 quas
454 1211 535 1272 velut
555 1210 675 1270 alterius
691 1209 762 1272 belli
779 1209 886 1271 molem
901 1210 1003 1272 cieret.
1031 1212 1072 1272 ita
1088 1210 1198 1272 salubri

188 1313 271 1356 mora
286 1312 379 1356 novas
393 1297 472 1356 vires
487 1294 604 1370 adfore,
627 1311 666 1354 ex
689 1295 895 1373 praesentibus
918 1291 988 1352 nihil
1012 1295 1180 1370 periturum.

251 1379 281 1441 2.
314 1378 360 1440 hd
376 1397 410 1438 ea
422 1379 565 1440 Antonius
577 1378 689 1438 Primus
700 1379 743 1457 (is
758 1378 917 1438 acerrimus
931 1374 1002 1437 belli
1015 1377 1192 1454 concitator]

188 1465 402 1524 festinationem
416 1464 489 1544 ipsis
504 1462 619 1538 utilem,
643 1461 764 1522 Vitellio
781 1461 936 1522 exitiosam
951 1461 1098 1521 disseruit.
1130 1461 1194 1540 plus

188 1546 344 1609 socordiae
366 1565 451 1625 quam
473 1546 595 1609 fiduciae
619 1546 783 1607 accessisse
800 1545 974 1617 victoribus;
1003 1563 1100 1624 neque
1123 1547 1194 1606 euim

188 1633 217 1690 in
232 1632 385 1709 procinctu
409 1640 438 1692 et
454 1633 558 1692 castris
578 1629 711 1692 habitos:
733 1648 787 1710 per
808 1631 903 1691 omnia
918 1628 1018 1690 ltaliae
1040 1630 1196 1710 municipia

163 1714 323 1791 udesides,
341 1723 449 1775 tantum
463 1713 628 1792 hospitibus
643 1714 830 1792 metuendos,
851 1722 959 1792 quanto
982 1713 1114 1774 ferocius
1132 1723 1198 1776 ante

188 1817 221 1860 ee
238 1800 364 1875 egerint,
381 1806 461 1858 tanto
478 1797 609 1876 cupidius
625 1797 758 1858 insolitas
769 1796 938 1876 voluptates
949 1796 1094 1858 hausisse.
1116 1799 1196 1859 circo

189 1898 305 1960 quoque
327 1899 364 1941 ac
380 1879 500 1942 theatris
522 1890 551 1940 et
571 1881 746 1943 amoenitate
760 1880 841 1942 urbis
859 1882 1005 1943 emollitos
1021 1889 1069 1942 aut
1085 1882 1196 1943 valetu·
1268 1873 1275 1919 t

187 1964 303 2025 dinibus
316 1965 431 2026 fessos:
453 1963 507 2025 aed
527 1964 624 2026 addito
639 1967 735 2044 spatio
750 1966 907 2026 rediturum
923 1975 952 2026 et
966 1965 1017 2026 his
1028 1965 1121 2026 robur
1138 1984 1198 2026 me·
1270 1987 1274 1996 ·

80 2101 84 2105 .
186 2049 327 2124 ditatione
343 2047 429 2118 belli;
451 2067 507 2111 nec
532 2049 635 2129 procul
650 2048 846 2127 Germaniam,
873 2050 949 2111 unde
966 2051 1058 2120 uires;
1084 2048 1198 2112 Britan-

153 2135 262 2196 scuiam
282 2132 359 2193 freto
382 2133 492 2212 dirimi,
514 2134 594 2194 iuxta
611 2132 720 2194 Gallias
739 2133 971 2213 Hispaniasque,
992 2134 1140 2214 utrimque
1154 2137 1198 2194 vi-

185 2235 247 2292 ros,
263 2233 366 2294 equos,
382 2217 503 2293 tributa,
519 2219 672 2296 ipsamque
689 2215 801 2278 ltaliam
816 2227 845 2277 at
862 2234 937 2296 opes
953 2216 1049 2286 urbis:
1065 2235 1102 2277 ac
1116 2219 1144 2278 si
1158 2219 1197 2277 in·

185 2300 265 2360 ferre
287 2317 366 2361 arum
385 2301 461 2361 ultro
483 2301 591 2378 velint,
615 2300 686 2360 duas
709 2299 823 2361 classes
843 2319 1023 2382 vacuumque
1045 2301 1197 2377 illyricum
1272 2309 1273 2324 ¹

184 2402 274 2444 mare.
305 2383 373 2462 quid
395 2393 453 2444 tum
476 2383 601 2444 claustra
620 2385 759 2444 montium
781 2383 953 2463 profutura?
983 2384 1052 2466 qnid
1073 2394 1197 2446 tractum

185 2469 214 2527 in
238 2475 378 2528 aestatem
400 2467 485 2528 aliam
508 2465 639 2529 bellum?
669 2467 746 2528 unde
768 2470 882 2529 interim
903 2471 1055 2550 pecuniam
1070 2478 1101 2529 et
1117 2487 1196 2530 com·

152 2571 174 2610 ss
185 2549 318 2610 meatus?
340 2553 408 2630 quin
425 2551 523 2630 potius
539 2569 576 2612 eo
590 2553 656 2631 ipso
671 2560 839 2630 uterentur,
856 2553 934 2631 quod
949 2553 1138 2615 Pannonicae
1156 2554 1196 2614 le·

185 2634 289 2711 giones
311 2634 456 2714 deceptae
477 2637 570 2714 magis
591 2653 675 2715 quam
696 2637 792 2696 victae
819 2654 978 2715 resurgere
1003 2639 1032 2697 in
1056 2636 1197 2698 ultionem

186 2727 357 2796 properent,
373 2717 497 2780 bloesici
510 2721 658 2780 exercitus
673 2720 805 2798 integras
820 2721 899 2780 vires
917 2721 1073 2782 attulerint.
1106 2722 1133 2782 si
1146 2738 1195 2782 nu·
1270 2721 1271 2724 ’

184 2818 281 2860 merus
298 2802 418 2863 militum
438 2803 537 2880 potius
559 2820 643 2882 quam
658 2803 806 2881 legionum
822 2813 954 2883 putetur,
981 2805 1046 2885 plus
1063 2804 1134 2866 hinc
1149 2823 1196 2865 ro·

184 2883 279 2963 boris,
301 2884 371 2946 nihil
395 2884 559 2956 libidinum;
581 2895 612 2946 et
633 2887 782 2966 profuisse
798 2887 971 2967 disciplinae
993 2892 1088 2970 ipsum
1102 2887 1195 2970 pudo·

149 2983 175 3022 ao
185 2986 262 3029 rem:
290 2969 403 3048 equites
420 2985 494 3030 vero
507 2989 544 3031 ne
562 2979 622 3031 tuna
637 2971 752 3050 quidem
769 2975 880 3051 victos,
896 2973 951 3034 sed
961 2979 1137 3053 ‘quamquam
1150 2991 1195 3033 re-

184 3051 238 3112 bus
252 3052 386 3114 adversis
400 3053 550 3116 disiectam
565 3054 676 3116 Vitellii
692 3057 795 3117 aciem.
825 3056 913 3118 ‘duae
927 3066 995 3118 tunc
1008 3057 1194 3118 Pannonicae
1262 3063 1269 3096 ἵ

184 3153 219 3196 ac
237 3137 387 3200 hloesicae
411 3137 475 3198 alae
499 3156 664 3218 perrupere
684 3137 819 3202 hostem:
842 3159 919 3202 nunc
939 3141 1068 3202 sedecim
1085 3141 1193 3203 alarum

186 3222 339 3281 coniuncta
355 3223 440 3300 signa
455 3221 540 3300 pulsu
558 3224 714 3302 sonituque
731 3233 761 3284 et
776 3224 852 3286 nube
869 3227 934 3305 ipsa
946 3226 1083 3306 operient
1097 3243 1134 3286 ac
1148 3243 1191 3284 sn·

184 3304 360 3379 perfundant
381 3305 489 3366 oblitos
511 3306 689 3386 proeliorum
711 3310 826 3388 equites
849 3326 1011 3389 equosque.
1049 3310 1105 3369 nisi
1128 3308 1192 3388 quis
1260 3373 1268 3384 Α

149 3399 175 3438 cs
184 3387 304 3464 retinet,
322 3389 397 3449 idem
416 3406 518 3450 suasor
533 3399 693 3469 auctorque
708 3392 822 3454 consilii
833 3409 895 3454 erc.
926 3411 998 3471 vos,
1016 3393 1121 3472 quibus
1133 3392 1189 3452 for·

184 3471 251 3525 tuna
272 3470 301 3527 in
318 3472 433 3549 integro
457 3482 520 3544 est,
540 3473 675 3551 legiones
696 3478 861 3539 continete:
881 3477 950 3538 mihi
968 3476 1124 3557 expeditae
1142 3493 1187 3536 co·
