2510 3864
190 134 253 198 268
423 143 650 192 nacrmmau.
667 138 950 190 nnonnnonmus

191 320 334 378 russum,
352 299 442 362 dicam
460 308 573 376 tamen,
592 298 641 358 vel
658 297 725 358 ideo
742 305 775 355 nt
792 296 897 356 ridear.
928 305 1067 376 quantum
1084 298 1215 360 humili·

192 387 260 446 tatis
283 394 414 463 putamus
437 384 625 462 eloquentiae
648 380 782 442 attulisse
809 379 951 459 paenulas
974 383 1069 460 istas,
1091 381 1233 461 quibns3

190 467 322 530 adstricti
341 477 370 528 et
387 467 469 528 velut
487 466 591 527 inclusi
607 483 671 526 onnr
687 464 830 526 iudicibus
845 463 1028 526 fabulamur?
1061 477 1213 544 qnantum
1232 465 1233 544 3

168 555 294 622 uirium
308 553 472 613 detruxisse
490 550 614 611 orationi
630 548 772 610 auditoria
787 555 818 610 et
829 546 970 608 tabularia
984 549 1170 628 credimus,
1187 553 1213 610 in

192 636 296 716 quibus
315 637 370 696 iam
385 636 451 696 lere
466 633 606 712 plurimae
622 650 727 694 causae
746 629 949 711 explicentur?
979 650 1045 692 nam
1061 651 1131 712 quo
1153 653 1212 693 mo
1232 633 1233 714 3

192 719 230 780 do
248 719 365 780 nobiles
387 735 480 797 equos
501 736 603 778 cursus
626 725 657 777 et
679 718 772 795 spatia
787 715 931 795 probant,
952 717 995 776 sic
1015 725 1067 776 est
1096 717 1233 796 aliquis

193 812 341 864 oratorum
363 820 495 882 campus,
516 818 676 880 perquem
698 802 754 861 nisi
777 799 864 860 liberi
891 809 922 871 et
943 799 1033 859 soluti
1053 801 1233 877 ferantur,

192 885 362 946 debilitatur
379 904 413 946 ao
428 886 572 964 frangitur
590 885 766 962 eloquentia.
799 885 892 961 ipsam
909 884 977 960 quin
992 884 1087 966 immo
1107 903 1212 944 euram

161 977 224 1030 roet
235 969 383 1046 diligentis
396 969 454 1030 stili
468 970 644 1030 anxietatem
656 969 827 1028 coutmriam
838 968 1016 1045 experimur,
1024 969 1101 1045 quia
1114 986 1211 1046 saepe

192 1053 358 1130 interrogat
371 1053 476 1129 index,
492 1052 606 1130 qnando
624 1052 760 1130 incipias,
778 1060 808 1111 et
825 1069 863 1110 ex
877 1052 1126 1128 interrogatione
1145 1055 1207 1111 eius

192 1135 387 1213 incipiendum
402 1144 455 1195 est.
488 1136 662 1213 frequenter
675 1134 897 1213 probationibus
915 1142 945 1192 et
963 1134 1102 1198 testibus
1118 1136 1203 1196 silen-

192 1219 299 1286 tium†
320 1228 459 1297 patronus
480 1219 588 1279 indicit.
628 1237 700 1278 nnus
723 1221 799 1278 inter
822 1217 895 1278 baec
917 1217 1028 1277 dicenti
1051 1227 1107 1280 ant
1121 1218 1195 1277 alter

193 1302 324 1380 adsistit,
343 1310 374 1363 et
389 1322 438 1364 res
453 1303 535 1364 velut
551 1303 581 1362 in
596 1301 753 1363 solitudine
769 1304 871 1379 agitur.
899 1302 1010 1363 oratori
1028 1311 1131 1362 autem
1141 1299 1182 1359 clu-

160 1403 275 1452 rumore
295 1386 456 1466 plausuque
479 1404 552 1465 opns
579 1396 625 1448 est
647 1395 678 1447 et
698 1385 778 1446 velut
797 1386 919 1464 quodam
942 1383 1082 1455 theatro;
1109 1384 1186 1466 quala

193 1470 302 1532 cotidie
317 1473 441 1549 antiquis
465 1471 630 1531 oratoribus
647 1470 871 1547 contingebant,
891 1486 954 1528 cnm
970 1477 1018 1528 tot
1037 1471 1193 1548 pariterue

193 1562 250 1614 mm
264 1554 380 1616 nobiles
396 1555 491 1614 lorum
506 1562 687 1630 coartarent,
711 1571 774 1613 cnm
790 1553 945 1638 clientelae
962 1570 1086 1632 quoque
1102 1571 1139 1614 ac
1156 1552 1196 1611 tri·

193 1637 248 1698 bus
261 1657 295 1698 ao
307 1639 529 1716 municipiorum
544 1638 630 1698 etiam
644 1636 809 1714 legationes
827 1654 860 1696 ac
875 1654 942 1715 pars
957 1635 1062 1696 ltaliae
1083 1637 1199 1715 pericli·

193 1721 322 1782 tentibus
337 1721 513 1796 adsisteret,
529 1739 592 1782 cum
607 1722 637 1781 in
654 1719 804 1800 plerisque
820 1721 933 1780 iudiciis
950 1721 1093 1780 crederet
1109 1739 1202 1800 popu·

159 1828 185 1868 uc
195 1805 240 1865 lus
255 1803 402 1865 Romanus
418 1823 469 1864 sua
483 1807 632 1866 interesse
646 1803 714 1882 qnid
729 1805 914 1864 iudicaretur.
942 1804 1013 1863 satis
1030 1813 1156 1864 constat
1172 1803 1200 1862 G.
1232 1827 1233 1844 ἢ

195 1887 363 1948 Cornelium
379 1897 410 1949 et
425 1887 462 1948 bl
479 1889 617 1948 Scaurum
632 1897 663 1949 et
679 1887 711 1948 Τ.
728 1886 866 1948 Milonem
882 1897 912 1948 et
925 1885 956 1947 L.
971 1886 1105 1947 Bestiam
1121 1898 1157 1948 et
1172 1888 1201 1947 P.

194 1971 341 2032 Vatinium
362 1989 505 2034 concursu
527 1973 617 2032 totius
632 1973 757 2032 civitatis
773 1980 803 2031 et
823 1979 975 2032 accusatos
993 1977 1024 2030 et
1041 1970 1200 2048 defensos,

193 2065 225 2115 ut
242 2055 446 2133 frigidissimos
466 2074 582 2135 quoqne
598 2064 733 2116 oratores
750 2057 813 2134 ipsa
829 2055 969 2115 certantis
983 2054 1088 2133 populi
1106 2057 1200 2115 studia

195 2141 325 2200 excitare
348 2149 378 2200 et
399 2140 557 2201 incendere
580 2141 736 2217 potuerint.
771 2141 870 2216 itaque
892 2137 1011 2199 hercule
1034 2139 1101 2199 eius
1122 2140 1199 2199 modi

158 2244 184 2284 as
194 2223 260 2284 libri
278 2232 394 2301 extant,
413 2233 443 2283 ut
459 2225 516 2302 ipsi
532 2240 648 2301 quoque
664 2225 712 2301 qui
729 2231 853 2300 egerunt
868 2239 926 2282 non
942 2220 1006 2282 aliis
1024 2223 1121 2300 magis
1137 2241 1196 2282 ora-

194 2308 321 2367 tionibus
337 2315 519 2368 censeantur.
611 2311 613 2314 '
941 2347 942 2350 κ

256 2395 306 2465 40.
327 2391 385 2450 lam
406 2409 479 2451 vero
498 2393 652 2452 contiones
675 2391 808 2452 assiduae
825 2399 857 2451 et
874 2391 969 2451 datum
986 2391 1031 2450 ius
1054 2393 1191 2469 potentis·

194 2477 295 2536 simum
322 2492 467 2553 quemque
495 2475 619 2536 vexandi
650 2483 738 2554 atque
765 2472 830 2553 ipsa
851 2475 1064 2542 inimicitiarum
1093 2476 1187 2554 gloria,

194 2578 258 2620 cum
273 2577 306 2618 se
325 2557 440 2636 plurimi
456 2558 638 2619 disertorum·
648 2578 686 2618 ne
704 2577 721 2618 a
738 2558 842 2618 Publio
860 2557 975 2637 quidem
990 2557 1134 2638 Scipione
1146 2564 1182 2616 aut

193 2641 229 2703 L.
251 2640 332 2701 Sulla
353 2651 402 2701 aut
424 2640 475 2703 Gn.
502 2641 643 2721 Pompeio
668 2643 865 2721 abstinerent,
887 2651 918 2702 et
945 2642 979 2703 ad
1004 2641 1182 2706 incessendos
1232 2653 1233 2680 t

167 2726 341 2804 aprincipes
358 2727 455 2804 viros,
475 2734 507 2786 ut
518 2735 573 2798 ‚est
586 2734 687 2786 natura
704 2726 847 2804 invidiae,
872 2727 973 2805 populi
991 2733 1098 2806 pronis
1114 2740 1141 2790 ut
1153 2729 1192 2788 bi·

188 2812 317 2868 strioues
334 2809 451 2869 auribus
467 2818 637 2885 uterentur,
660 2818 794 2887 quantum
812 2796 946 2871 ardorem
964 2812 1193 2889 ingeniis,'quas

188 2893 353 2952 oratoribus
384 2894 465 2952 faces
494 2891 702 2954 admovebant!
752 2911 812 2953 non
842 2894 879 2953 de
909 2896 1005 2966 otiosa
1039 2901 1074 2955 'et
1100 2897 1193 2972 quieta

186 2995 221 3036 re
237 2975 381 3053 loquimur
397 2984 427 3035 et
448 2995 522 3054 quae
537 2978 686 3056 probitate
703 2984 732 3038 et
744 2977 887 3036 modestia
908 2977 1051 3056 gaudeat,
1076 2978 1126 3038 sed
1149 2988 1195 3038 est

188 3078 292 3138 magua
313 3059 362 3119 illa
384 3068 415 3120 et
437 3061 575 3122 notabilis
604 3061 773 3139 eloquentia
797 3059 908 3120 alumna
929 3061 1083 3139 licentiae,
1117 3081 1196 3140 quam

155 3164 181 3204 ao
195 3145 275 3202 stulti
302 3143 468 3204 libertatem
494 3152 612 3221 vocant,
643 3162 742 3204 eomes
767 3145 958 3222 seditionum,
986 3145 1120 3206 effrenati
1147 3165 1196 3225 po·

189 3228 249 3304 puli
269 3229 499 3305 incitamentum,
521 3231 583 3288 sine
600 3228 763 3306 obsequio,
785 3230 848 3289 sine
868 3230 1012 3306 veritate,
1032 3237 1195 3306 contumax,

189 3312 360 3387 temeraria,
376 3312 536 3388 adrogans,
554 3330 628 3389 qnae
647 3313 676 3371 in
691 3312 769 3372 bene
782 3315 949 3372 constitutis
960 3313 1126 3372 civitatibus
1139 3332 1196 3374 non

190 3394 301 3476 oritur..
327 3409 412 3470 quem
427 3397 666 3465 euimoratorem
683 3395 960 3476 lacedaemonium,
976 3413 1060 3475 quem
1075 3393 1195 3457 Creten·
