2596 3872
178 157 244 219 aot
453 167 616 217 coeunuu
632 169 748 218 unsrun
761 169 943 220 snusurnu

182 323 287 384 crebro
303 323 392 403 ipsius
405 341 538 383 sermone
553 323 629 385 iacta
645 324 731 402 fides,
749 325 909 404 promptius
924 326 977 386 iam
995 325 1030 386 de
1047 334 1183 408 temporo
1285 313 1286 406 }

146 425 216 474 enac
237 406 305 467 lo'co
328 406 426 468 caedis
448 407 604 484 agitabant.
635 417 664 469 et
689 411 804 488 cepisse
828 412 963 487 impetum
979 409 1098 472 Subrius
1115 411 1183 471 Fla·
1285 475 1286 492 ,

181 509 233 550 vus
249 490 397 551 ferebatur
412 492 439 550 in
459 509 565 551 scaena
584 502 733 552 canentem
747 491 893 554 Neronem
909 493 1110 572 adgrediendi,
1134 505 1185 554 aut

180 593 244 634 cum
266 574 386 635 ardente
411 575 495 634 domo
519 595 573 654 per
593 587 709 637 noctem
731 577 785 638 huc
806 579 874 638 illu'c
895 586 1028 637 cursaret
1050 580 1180 638 incusto-

180 657 267 718 ditus.
307 657 354 718 hic
372 660 487 720 occasio
504 660 687 740 solitudinis,
704 661 744 722 ibi
763 663 827 742 ipsa
848 662 1013 739 frequentia
1029 663 1100 721 tanti
1127 662 1181 722 de·
1285 665 1286 700 ἵ

179 743 258 803 coris
277 743 362 802 testis
380 742 574 822 pulcherrima
595 747 717 806 animum
742 745 1020 824 exstimulaverant,
1045 746 1100 805 nisi
1127 747 1181 806 im·
1285 747 1286 788 Τ

146 828 318 904 aspunitatis
339 828 444 906 cupido
467 830 655 908 retinuisset,
683 831 794 908 maguis
816 847 934 909 semper
957 829 1109 890 conatibus
1131 829 1182 891 ad-

180 927 276 970 versa.

242 1007 293 1066 51.
315 1002 432 1065 interim
455 1001 653 1063 cunctantibus
671 998 940 1080 prolatantibusque
963 1015 1101 1078 spamae
1122 1017 1185 1059 me·

178 1097 238 1148 tum
259 1086 412 1166 Epicharis
433 1085 589 1164 quaedam,
618 1087 757 1148 incertum
779 1100 901 1162 quonam
921 1082 1007 1142 modo
1035 1083 1184 1143 sciscitata
1285 1115 1286 1146 r

182 1173 292 1250 (neque
307 1169 349 1229 illi
367 1178 431 1229 ante
446 1168 504 1228 ulla
523 1186 618 1229 rerum
634 1168 819 1228 honestarum
836 1183 904 1226 cura
926 1167 1054 1244 iuerat),
1076 1184 1184 1226 accen·

181 1253 251 1314 dere
266 1262 295 1314 et
306 1269 432 1331 urguere
449 1254 629 1331 coniuratos,
647 1268 681 1311 ac
696 1259 874 1330 postremum
889 1248 1066 1311 lentitudinis
1081 1267 1184 1312 eorum

153 1346 316 1418 sportaesa
338 1345 366 1396 et
386 1336 415 1395 iu
440 1333 595 1414 Campania
617 1352 708 1414 agens
730 1335 874 1414 primores
897 1333 1111 1394 classiariorum
1130 1333 1183 1394 lii·
1285 1393 1286 1414 ,

181 1420 345 1482 senensium
367 1419 535 1481 labefacere
557 1429 586 1480 et
607 1419 784 1480 conscientia
801 1418 923 1496 inligare
947 1417 1047 1478 conisa
1069 1425 1114 1478 est
1131 1417 1184 1478 tali

180 1505 271 1564 initio.
305 1513 367 1564 erat
382 1503 545 1564 navarchus
558 1505 587 1563 in
601 1521 637 1564 ea
653 1503 749 1564 classe
765 1502 904 1564 Volusius
920 1501 1078 1578 Proculus,
1103 1503 1184 1562 occi·

181 1587 293 1648 dendae
315 1589 413 1648 matris
434 1585 543 1647 Neroni
568 1589 648 1646 inter
674 1587 834 1664 ministros,
856 1601 914 1644 nou
936 1603 973 1644 ex
986 1585 1184 1662 magnitudine

181 1671 304 1731 sceleris
320 1679 488 1749 provectus,
506 1679 538 1731 ut
550 1669 676 1730 rebatur.
708 1671 734 1729 is
749 1669 860 1729 mulieri
876 1668 944 1730 olim
960 1670 1108 1746 cognitus,
1129 1687 1184 1730 seu

146 1771 285 1814 aorecens
300 1763 364 1814 orta
377 1753 511 1830 amicitia,
537 1753 603 1814 dum
618 1754 719 1812 merita
734 1771 806 1831 erga
820 1751 968 1813 Neronem
983 1761 1079 1813 suaet
1096 1770 1182 1831 quam
1285 1797 1286 1818 ἶ

181 1839 209 1896 iu
228 1837 340 1895 inritum
358 1835 533 1896 cecidissent
552 1837 647 1916 aperit
664 1835 808 1916 adicitque
827 1844 947 1916 questus
969 1845 998 1897 et
1014 1835 1180 1897 destinatio·
1285 1833 1286 1884 i

179 1937 245 1978 nem
258 1917 419 1996 vindictae,
437 1921 462 1980 si
476 1919 600 1980 incultas
615 1929 765 1997 oreretur,
785 1938 866 2000 spem
882 1919 959 1980 dedit
971 1937 1061 2000 posse
1078 1920 1184 1998 inpelli

180 2011 209 2061 et
227 2000 326 2080 plures
347 2002 520 2064 conciliare:
548 2021 603 2063 nec
624 2003 690 2064 leve
713 2004 847 2064 auxilium
872 2005 900 2062 iu
923 2002 1034 2082 classe,
1061 2003 1183 2064 crebras
1285 1991 1286 2048 ἕ

180 2085 369 2164 occasiones,
392 2088 456 2165 quia
468 2085 548 2147 Nero
563 2086 651 2146 multo
668 2086 744 2165 apud
759 2085 899 2148 Puteolos
917 2096 947 2147 et
966 2087 1106 2148 blisenum
1122 2105 1182 2148 ma·

144 2170 220 2228 saris
237 2186 290 2229 usu
312 2167 481 2230 laetabatur.
513 2188 586 2248 ergo
603 2169 757 2248 Epicharis
776 2170 858 2249 plura
898 2177 927 2230 et
950 2170 1043 2230 omnia
1065 2169 1182 2231 scelera

174 2253 314 2332 principis
328 2253 454 2320 orditur;
473 2269 567 2329 neque
576 2251 688 2311 senatui
699 2254 911 2328 aequepopatc
922 2251 1074 2328 quidquam
1087 2267 1187 2310 mane·

174 2355 218 2398 re.
246 2335 298 2396 sed
311 2337 457 2415 provisum
472 2352 595 2414 quonam
613 2336 699 2395 modo
713 2353 824 2414 poenas
843 2352 966 2395 eversae
986 2336 1030 2394 rei
1049 2333 1185 2412 publicae
1285 2399 1286 2402 ,

175 2420 274 2482 daret:
287 2420 490 2496 accingeretur
501 2418 586 2479 modo
596 2437 703 2480 navare
718 2436 836 2499 operam
852 2426 882 2479 et
893 2419 1012 2479 militum
1025 2419 1185 2478 acerrimos

175 2504 282 2566 ducere
288 2505 433 2584 inpones,
447 2519 480 2562 ac
487 2503 572 2580 digua
578 2505 672 2580 pretia
680 2512 877 2582 exspectaret:
888 2503 1001 2563 nomina
1008 2510 1103 2562 tamen
1115 2519 1186 2562 con·
1285 2527 1286 2574 1

133 2611 163 2652 ao
175 2589 332 2650 iuratorum
344 2588 470 2650 reticuit.
488 2586 563 2646 unde
577 2585 693 2647 Proculi
705 2587 839 2648 indicium
850 2589 964 2647 inritum
978 2587 1043 2662 iuit,
1054 2586 1185 2664 quamvis
1285 2583 1286 2654 ξ

179 2692 213 2734 ea
230 2691 303 2753 qnae
319 2673 447 2734 audierat
469 2672 506 2734 ad
522 2671 670 2734 Neronem
685 2671 845 2736 detulisset.
874 2670 968 2732 accita
986 2671 1095 2748 quippe
1109 2667 1182 2747 Epi·

179 2757 274 2817 charis
297 2765 326 2817 et
346 2757 520 2817 cnm-indice
535 2757 700 2837 composita
713 2754 802 2816 nullis
815 2753 939 2816 testibus
955 2753 1077 2814 innisum
1092 2751 1182 2812 iaculo
1285 2755 1286 2812 i

179 2839 346 2900 confutarit.
376 2839 429 2900 sed
444 2840 508 2919 ipsa
521 2841 550 2900 in
566 2839 696 2900 custodia
710 2843 823 2900 retenta
842 2846 903 2915 est,
919 2845 1106 2917 suspectante
1121 2835 1180 2895 Ne·

178 2940 251 2983 rone
266 2922 340 2984 baud
354 2923 429 2984 ialsa
445 2941 511 2985 esse
528 2924 612 2983 etiam
626 2941 701 3002 qnae
717 2940 788 2984 vera
802 2939 861 2982 non
878 2921 1085 3002 probabantur.

172 3057 177 3064 .
241 3006 293 3068 52.
318 3005 480 3068 coniurans
496 3015 591 3066 tamen
605 3014 682 3066 metu
701 3005 873 3084 proditionis
889 3005 1028 3084 permotis
1042 3003 1179 3084 placitum

178 3100 321 3152 maturare
343 3089 461 3151 caedem
482 3089 558 3170 apud
578 3087 663 3151 Naias
677 3089 706 3149 iu
721 3088 791 3149 villa
810 3089 940 3166 Pisonis,
959 3087 1040 3148 cuius
1055 3085 1181 3148 amoeni·

178 3183 238 3235 tate
261 3183 362 3254 captus
380 3172 489 3235 Caesar
512 3173 617 3235 crebro
639 3171 799 3234 ventitabat
823 3172 1001 3251 balneasque
1024 3179 1054 3230 et
1078 3171 1183 3250 epulas

178 3257 267 3318 inibat
288 3257 405 3318 omissis
427 3255 559 3318 excubiis
579 3265 608 3317 et
635 3255 767 3317 fortunae
793 3273 863 3317 suae
889 3255 978 3316 mole.
1010 3251 1062 3314 sed
1083 3252 1184 3313 abnuit

154 3339 265 3416 sPiso,
283 3340 417 3402 invidiam
431 3339 635 3420 praetendens,
651 3339 676 3401 si
692 3357 774 3401 sacra
788 3357 907 3402 mensas
919 3337 1005 3418 dique
1017 3335 1182 3415 hospitales

179 3422 271 3482 caede
300 3424 517 3505 qualiscumque
548 3425 687 3505 principis
710 3431 942 3485 cruentarentur:
972 3419 1074 3499 mellus
1102 3416 1184 3502 apud
