2540 3874
152 167 192 228 lb
398 174 562 226 connum
584 175 702 224 uacum
721 175 905 222 suasurum

152 342 228 394 stant
250 332 417 394 cedentibus
433 331 634 410 collectosque
650 332 677 391 iu
693 331 793 392 orbem
810 349 878 410 pars
896 332 1068 408 congressi,
1091 333 1152 410 qui·

119 434 142 477 ru
153 418 216 478 dam
238 419 348 478 eminus
368 415 548 496 proturbant.
584 414 774 476 Chariovalda
791 415 837 475 diu
854 423 1013 476 sustentata
1029 414 1152 475 bostium

152 501 289 579 saevitia,
315 501 445 562 hortatus
472 517 540 562 suos
567 509 598 560 ut
625 501 795 578 ingruentes
817 507 950 567 cateruas
970 497 1062 576 globo
1086 517 1152 578 per·

151 587 325 664 fringerent,
362 593 448 664 atque
481 587 545 664 ipse
577 583 764 644 densissimos
786 585 970 662 inrumpens,
1004 585 1153 662 congestis

151 669 218 730 telis
234 679 264 730 et
282 669 408 731 suffosso
424 685 501 746 equo
516 667 637 749 labitur,
659 686 694 728 ac
709 667 789 728 multi
802 666 941 728 nobilium
957 669 1051 730 circa:
1074 677 1153 728 oete·

151 772 201 816 rus
218 755 264 814 vis
285 771 336 814 sua
358 761 404 814 aut
420 755 532 832 equites
548 769 612 812 cum
628 753 765 812 Stertinio
782 751 965 832 Aemilioque
981 751 1155 811 subuenien-

118 859 141 899 1s
153 848 198 899 tes
216 837 348 917 periculo
367 854 514 898 exemere.

211 922 261 982 12.
289 920 398 982 Caesar
417 929 618 998 transgressus
639 921 787 997 Visurgim
805 919 912 980 indicio
933 919 1075 998 perfugae
1103 936 1153 979 eo-

151 1008 267 1084 gnoscit
290 1005 434 1065 delectum
453 1003 489 1064 ab
511 1004 641 1065 Arminio
664 1005 760 1065 locum
776 1019 907 1083 pugnae;
929 1004 1103 1063 conuenisse
1126 1011 1158 1064 et

101 1129 105 1142 ·
152 1089 223 1151 alias
243 1091 375 1150 nationes
389 1089 418 1148 in
439 1089 540 1150 siluam
559 1087 677 1148 Herculi
699 1105 811 1149 sacram
836 1103 1016 1166 ausurosque
1037 1095 1156 1148 noctur·

151 1192 216 1234 nam
230 1181 388 1234 castrorum
408 1174 664 1254 oppugnationem.
701 1171 797 1234 habita
816 1171 902 1232 indici
919 1171 990 1232 iides
1007 1181 1037 1231 et
1053 1189 1151 1232 cerne«

125 1280 137 1318 a
151 1258 255 1318 bantur
268 1258 369 1335 ignes,
385 1258 595 1336 suggressique
606 1257 728 1336 propius
742 1256 944 1334 speculatores
956 1254 1046 1316 audiri
1057 1255 1155 1315 iremi·

151 1351 209 1402 tum
230 1359 370 1420 equorum
392 1342 570 1420 inmensique
593 1349 622 1400 et
641 1339 778 1402 inconditi
798 1341 919 1419 agminis
936 1355 1069 1400 murmur*
1082 1348 1153 1400 attu-

151 1425 223 1486 lere.
263 1426 351 1503 igitur
373 1426 537 1504 propinquo
559 1443 685 1486 summae
707 1425 754 1485 rei
771 1424 933 1485 dlsorimine
956 1422 1156 1502 explorandos

150 1509 269 1571 militum
283 1511 394 1570 animos
404 1517 499 1587 ratus,
514 1527 637 1588 quonam
649 1509 678 1569 id
691 1508 777 1568 modo
789 1510 984 1590 incorruptum
998 1507 1092 1585 iuret,
1108 1526 1151 1568 se·

153 1606 217 1654 oum
228 1593 364 1671 agitabat.
383 1593 513 1655 tribunos
523 1601 552 1652 et
564 1596 748 1654 centuriones
759 1593 836 1654 laeta
846 1594 964 1672 saepius
976 1609 1061 1670 quam
1075 1609 1152 1652 eom·

117 1693 142 1734 so
152 1685 235 1757 perta
246 1679 397 1754 nuntiare,
411 1676 580 1738 libertorum
592 1677 710 1738 seruilia
721 1679 849 1756 ingenia,
865 1677 964 1737 amicis
976 1677 1073 1736 inesse
1087 1674 1154 1736 adu·

150 1762 302 1830 lationem
322 1762 346 1820 si
362 1763 459 1821 contio
474 1771 614 1838 vocetur,
629 1761 690 1822 illie
705 1777 821 1840 quoque
834 1779 908 1840 quae
920 1761 1005 1842 pauci
1017 1760 1156 1838 incipiant

150 1845 281 1923 reliquos
299 1843 478 1930 adstrepere.
509 1846 624 1924 penitus
639 1844 803 1906 noscendas
820 1854 949 1923 mentes,
965 1862 1030 1904 cum
1045 1845 1154 1904 secreti
1257 1847 1258 1860 ³

152 1937 181 1988 et
192 1927 356 1988 incustoditi
371 1929 445 1988 iuter
459 1928 588 1989 militaris
604 1928 687 1988 eibos
701 1947 784 2008 spem
797 1938 846 1988 aut
859 1937 963 1989 matum
975 1928 1153 2007 proferrent.

211 2011 262 2072 ¹13.
279 2009 376 2073 Nocte
392 2021 497 2090 coepta
512 2030 650 2089 egressus
666 2012 796 2090 augurali
811 2031 866 2092 per
881 2011 996 2073 occulta
1012 2021 1042 2072 et
1057 2011 1154 2088 uigili·

152 2095 205 2154 bus
220 2095 339 2172 ignara,
364 2097 468 2156 comite
483 2113 556 2175 uno,
577 2105 727 2157 contectus
742 2113 858 2157 umeros
873 2097 966 2157 ierina
983 2094 1077 2174 pelle,
1096 2095 1156 2156 adit
1257 2145 1258 2162 ,

106 2207 111 2214 ·
152 2188 313 2240 castrorum
325 2179 401 2256 vias,
417 2179 528 2240 adsistit
542 2179 735 2240 tabernaculis
749 2179 908 2260 fruiturque
924 2181 998 2241 lama
1015 2181 1073 2257 sui,
1083 2197 1153 2240 cum

151 2262 199 2323 bic
215 2262 394 2324 nobilitatem
409 2263 507 2341 ducis,
523 2263 659 2324 decorem
676 2263 891 2343 alius,·plurimi
906 2264 1153 2345 patientiam„co·

97 2417 101 2428 Ι
130 2346 294 2422 amitatem,
318 2364 373 2426 par
393 2348 452 2408 ser·
490 2367 545 2427 per
565 2351 650 2410 iocos
673 2347 794 2408 eundem
811 2351 931 2409 animum
947 2347 1077 2410 laudibus
1093 2347 1152 2408 ier-

150 2439 215 2510 rent
235 2429 430 2510 reddendamq
485 2434 607 2510 gratiam
628 2433 658 2492 in
678 2433 741 2493 acie
766 2431 940 2510 faterentur,
961 2429 1043 2492 simul
1063 2432 1150 2508 perii·
1257 2479 1258 2514 ,

130 2513 204 2580 .dos
216 2523 247 2574 et
260 2523 395 2594 ruptores
410 2516 491 2594 pacis
506 2516 606 2578 ultioni
619 2525 648 2576 et
658 2516 772 2594 gloriae
783 2516 962 2578 mactandos.
991 2516 1064 2575 iuter
1075 2531 1151 2592 quae

150 2615 222 2658 unus
239 2597 380 2675 bostium,
404 2599 521 2660 Latinae
542 2601 658 2677 liuguae
677 2597 876 2679 sciens,'acto
896 2601 931 2662 ad
948 2599 1054 2660 vallum
1075 2614 1152 2676 equo

149 2698 225 2743 uoce
237 2700 341 2760 magna
355 2683 497 2760 coniuges
510 2693 538 2745 et
550 2701 639 2762 agros
654 2694 682 2744 et
694 2684 829 2762 stipendii
842 2685 871 2746 in
886 2685 965 2762 dies,
984 2683 1079 2744 donec
1089 2680 1153 2742 bel-

117 2785 141 2826 ro
150 2766 271 2844 leretur,
293 2769 445 2828 sestertios
470 2777 625 2846 centenos,
654 2769 679 2828 si
702 2771 765 2847 quis
786 2769 1006 2848 transfugisset,
1030 2767 1153 2828 Arminii

149 2852 265 2910 nornine
279 2850 444 2930 pollicetur.
476 2853 602 2915 incendit
615 2871 650 2913 ea
666 2854 839 2914 contumelia
854 2853 1001 2932 legionum
1011 2851 1085 2922 iras:
1101 2869 1154 2910 ve·
1257 2847 1258 2858 ’

141 2935 225 2993 niret
245 2933 325 3012 dias,
347 2935 464 2996 daretur
477 2951 595 3016 ‘pugna;
618 2945 793 3015 sumpturum
813 2935 930 2998 militem
946 2935 1155 3000 Germanorum
1257 2993 1258 3010 ,

150 3035 260 3095 agros,
272 3027 429 3084 uncturum
444 3023 599 3099 coniuges:
622 3021 758 3100 accipere
774 3039 859 3082 omen
877 3029 906 3082 et
923 3021 1102 3081 matrimonia
1118 3037 1155 3079 ac

151 3102 290 3180 pecunias
305 3103 429 3169 hostiurn
444 3105 570 3182 praedae
587 3105 743 3166 destinare.
775 3107 860 3166 tertia
874 3105 966 3165 lorme
980 3102 1080 3182 uigilia
1102 3102 1153 3163 ad·
1257 3165 1258 3174 ,

117 3205 140 3248 u
150 3184 283 3247 saltatum
298 3195 342 3246 est
359 3191 461 3250 castris
477 3189 539 3248 siue
556 3189 688 3249 coniectu
703 3187 770 3265 t'ali,
789 3198 942 3269 postquam
959 3186 1077 3248 crebras
1094 3205 1155 3265 pro
1257 3185 1258 3196 *

150 3270 329 3332 munimentis
344 3271 482 3332 cobortes
498 3283 526 3334 et
540 3272 610 3333 nibil
624 3268 774 3335 remissum
790 3291 920 3334 sensere.
1257 3277 1258 3290 ¹

172 3355 173 3358 ’
213 3355 261 3415 14.
287 3353 356 3416 Nox
377 3355 477 3418 eadem
503 3357 608 3419 laetam
624 3356 795 3418 Germanico
818 3357 942 3436 quietem
965 3355 1045 3432 tulit,
1067 3354 1151 3416 vidit-

151 3453 207 3515 que
228 3455 262 3498 se
285 3449 433 3518 operatum
457 3451 485 3502 et
508 3443 646 3520 sanguine
663 3443 738 3503 sacri
753 3459 890 3522 respersa
914 3448 1065 3522 praetexta
1086 3438 1158 3517 pule
