2570 3878
151 139 213 206 168
412 151 579 203 cosanum
592 152 905 202 summasunmna

148 308 203 372 sub
219 325 278 387 quo
293 307 405 386 legioni
421 308 604 389 praefuerat,
621 308 782 388 periculum
795 309 932 388 facessit,
958 309 1037 390 quod
1059 305 1083 370 is
1104 312 1158 390 Se:

147 395 205 456 iani
227 391 314 454 hlium
333 409 475 470 generum
496 393 688 470 destinasset,
709 393 785 454 ultro
807 393 956 454 damnatur
975 403 1062 474 atque
1085 395 1160 456 urbo

149 478 285 556 exigitur.
302 527 305 536 .
318 476 485 540 Gaetulicus
499 495 535 538 ea
549 484 723 557 tempestate
739 478 900 556 superioris
921 477 1092 541 Germaniae
1115 480 1159 540 le-

149 564 256 643 moues
285 561 405 623 curabat
430 562 601 660 mirumque·
619 578 748 622 amorem
768 561 923 626 adsecutus
947 570 1025 641 erat,
1046 565 1160 625 chusae

114 674 140 717 ιο
151 648 339 724 clementiae,
354 645 487 707 modicus
503 645 661 707 severitate
675 654 704 705 et
718 646 853 725 proximo
874 663 991 728 quoque
1015 649 1159 708 exercitui

148 751 204 814 per
221 731 253 792 h.
270 729 433 810 Apronium
449 748 586 792 socerum
599 746 659 791 uon
673 731 813 807 ingratus.
841 731 917 791 unde
931 731 1008 792 iama
1020 741 1158 792 constane

149 833 249 880 ausum
263 818 378 876 mittere
393 815 429 876 ad
446 813 604 876 Gaesarem
619 813 735 891 literas,
751 813 926 875 adfinitatem
948 813 1003 875 sibi
1025 834 1089 876 curn
1103 817 1155 876 Se·

147 903 215 964 iano
228 899 304 962 haud
319 907 424 979 sponte
447 898 499 960 sed
520 898 644 960 consilio
667 897 777 960 'Piberii
801 907 952 978 coeptam;
979 900 1101 979 perinde
1124 917 1159 960 se

149 1003 235 1065 quam
251 984 397 1046 Tiberium
411 983 474 1044 falli
490 983 632 1062 potuisse,
648 999 744 1062 neque
758 999 888 1044 errorem
906 982 1027 1044 eundem
1038 984 1120 1044 illi
1095 1001 1159 1044 siue

115 1067 262 1146 sabauda,
281 1068 345 1128 aliis
360 1068 450 1128 exitio
464 1067 637 1128 habendum.
665 1066 722 1126 sibi
735 1066 821 1128 {idem
836 1067 979 1145 integram
995 1077 1038 1146 et,
1055 1069 1080 1129 si
1095 1067 1158 1128 nul·

148 1154 186 1215 lis
208 1151 318 1212 insidiis
339 1159 506 1231 peteretur,
535 1168 713 1221 mansuram
747 1168 952 1212 successorem
983 1169 1042 1212 nou
1073 1151 1160 1212 aliter
1276 1167 1277 1192 ³

149 1255 235 1317 quam
256 1235 392 1296 iudicium
412 1235 514 1295 mortis
536 1243 734 1313 accepturum.
771 1235 918 1296 firmarent
940 1231 1020 1297 velut
1042 1235 1159 1314 foedus,
1277 1285 1278 1290 ,

149 1339 208 1402 quo
228 1321 367 1399 princeps
388 1327 549 1380 ceterarum
569 1337 667 1380 rerum
692 1326 859 1399 poteretur,
887 1321 952 1399 ipse
977 1321 1160 1400 provinciam
1278 1367 1279 1376 ι

149 1406 300 1466 retineret.
337 1403 429 1480 haec,
453 1404 525 1464 mira
546 1421 732 1483 quamquam,
752 1402 842 1464 iidem
866 1421 904 1464 ex
932 1421 969 1464 eo
995 1403 1158 1482 trahebant,

113 1488 229 1569 eoquod
243 1505 316 1549 unus
334 1489 457 1548 omniurn
479 1487 578 1548 Seiani
597 1487 731 1548 adhuium
751 1487 904 1548 incolumis
923 1488 1071 1567 multaque
1090 1505 1159 1566 gra·

149 1577 188 1635 tia
203 1575 316 1650 mansit,
332 1579 486 1651 reputante
501 1571 620 1633 Tiberio
636 1571 783 1650 publicum
798 1571 853 1631 sibi
868 1571 980 1648 odium,
1001 1581 1158 1635 extremum
1280 1591 1281 1596 ¹

150 1666 275 1720 aetatem
288 1656 440 1734 magisque
456 1655 532 1716 farne
550 1671 635 1733 quam
649 1657 679 1716 vi
694 1663 773 1716 stare
790 1673 839 1715 res
854 1665 931 1717 suas.

212 1738 265 1812 31
289 1738 324 1801 G.
349 1737 449 1800 thestio
472 1739 512 1800 Μ.
533 1739 661 1800 Servilio
682 1738 852 1799 consulibus
872 1738 987 1800 nobiles
1008 1739 1139 1800 Parthi
1129 1759 1160 1800 ιιι

40 1823 48 1836 “
150 1824 251 1886 urbem
276 1841 403 1901 venera,
426 1825 529 1901 ignaro
551 1839 624 1922 rege
643 1815 804 1884 Artabaud'.
845 1825 870 1883 is
894 1831 972 1884 metu
996 1822 1159 1886 Germanica

150 1909 225 1970 hdua
243 1907 398 1983 Romanis,
418 1905 608 1986 aequabilis
599 1923 628 1966 ιιι
650 1923 737 1985 suos,
757 1924 827 1967 mox
848 1907 1049 1988 superbiam
1039 1926 1070 1968 ιιι
1094 1926 1159 1987 uos,
1195 1979 1200 1984 .

150 1992 302 2055 saevitiam
317 1992 346 2050 in
365 1991 524 2070 populares
538 1991 676 2070 sumpsit,
698 1991 791 2052 iretus
805 1990 891 2053 bellis
899 2009 1005 2072 ,quae
1029 1993 1160 2053 secunda

123 2077 304 2152 radversum
327 2075 527 2136 circumiectas
551 2077 684 2136 nationes
706 2085 897 2158 exercuerat,
927 2085 957 2135 et
978 2084 1160 2137 senectutem

151 2160 260 2224 'Piberii
276 2161 330 2220 ut'
321 2177 460 2220 ruermem
476 2159 642 2238 despiciens
663 2147 823 2239 avidusque
846 2158 1018 2238 Armeniae,
1041 2161 1087 2220 cui
1108 2161 1159 2221 de·

149 2247 251 2308 iuncto
271 2262 346 2322 rege
364 2243 485 2304 Artaxia
507 2243 641 2304 Arsacen
662 2243 821 2305 liberorum
844 2262 959 2306 suorum
974 2245 1160 2305 veterrimum

148 2329 291 2410 inposuit,
318 2327 414 2390 addita
438 2328 612 2389 contumelia
635 2337 664 2389 et
684 2328 781 2389 missis
803 2329 851 2408 qui
870 2345 974 2406 ganam
996 2346 1013 2390 a
1032 2329 1162 2390 Vonone

149 2413 311 2477 relictam·
300 2431 330 2472 rn
348 2412 432 2473 Suria
448 2411 609 2492 Ciliciaque
626 2421 840 2492 reposcerent·
857 2412 940 2474 simul
956 2422 1073 2474 vetares
1088 2413 1158 2474 Per

44 2509 47 2516 ⁴
114 2528 141 2571 10
150 2515 247 2561 sarum
269 2515 305 2558 ac
322 2496 514 2558 Macedonum
538 2497 692 2574 terminos,
714 2515 806 2576 seque
828 2498 993 2558 invasurum
1018 2513 1160 2576 possessa

151 2584 272 2664 primum
287 2579 366 2656 cyro
382 2590 411 2642 et
433 2591 502 2661 post
516 2581 686 2642 Alexandro
709 2599 763 2660 per
786 2581 1031 2660 vaniloquentiam
1051 2599 1087 2643 ac
1106 2583 1170 2642 mi·

149 2685 202 2728 nas
220 2665 355 2726 iaciebat.
387 2665 440 2727 sed
454 2664 567 2726 Parthis
582 2664 711 2726 mittendi
726 2673 859 2726 secretos
880 2667 996 2726 nuntios
1015 2665 1161 2726 validissi-

120 2815 123 2820 ,
148 2768 213 2812 mos
228 2758 329 2812 auctor
344 2748 397 2810 tuit
414 2750 570 2828 Sinnaces,
581 2749 698 2826 'insigni
712 2748 819 2810 familia
841 2768 876 2811 ac
897 2749 1020 2829 perinde
1041 2750 1160 2830 opibus,

150 2844 180 2898 et
196 2835 346 2915 proximus
360 2833 429 2894 huic
445 2833 547 2895 Abdus
562 2832 713 2911 ademptae
727 2833 878 2904 virilitatis.
912 2851 970 2896 non
987 2834 1158 2915 despectum

113 2939 141 2984 ss
151 2919 180 2981 id
200 2917 277 3000 apud
297 2917 440 2980 barbaros
467 2919 604 2997 ultroque
631 2919 789 2996 potentiam
813 2917 909 2980 habet.
946 2919 966 2979 ii
983 2916 1106 2981 adscitis
1127 2925 1156 2977 et

149 3005 216 3066 aliis
233 3002 435 3082 primoribus,
446 3004 511 3082 quia
533 3003 674 3062 neminem
695 3004 791 3079 gentis
804 3001 1011 3063 Arsacidarum
1030 3019 1158 3065 summae

148 3090 193 3150 rei
207 3088 350 3167 inponere
365 3096 515 3167 poterant,
536 3085 697 3150 interiectis
718 3085 755 3147 ab
768 3085 919 3148 Artabano
937 3085 1087 3167 plerisque
1111 3096 1161 3149 aut

148 3171 275 3234 noudum
290 3169 403 3249 adultis,
420 3169 563 3232 Phraaten
579 3171 659 3248 regis
674 3169 806 3232 Phraatis
827 3170 916 3232 hlium
935 3171 1028 3233 Roma
1051 3189 1161 3252 posce-

148 3256 234 3318 bant:
250 3255 365 3318 nomine
379 3263 488 3316 tantum
503 3264 532 3316 et
546 3263 667 3316 auctore
684 3271 770 3335 opus,
788 3264 819 3316 ut
832 3264 938 3335 sponte
955 3254 1091 3318 Caesaris
1104 3253 1162 3332 {ut}
1179 3265 1183 3273 ‘

113 3358 245 3419 aganus
260 3340 382 3401 Arsacis
394 3342 486 3420 ripam
503 3338 579 3419 apud
593 3337 751 3420 Euphratis
768 3349 948 3402 cerneretur.

154 3495 161 3506 ,Δ
173 3423 267 3488 mea.
288 3422 420 3505 Cupitum
440 3423 470 3486 id
485 3423 619 3485 Tiberio:
643 3432 727 3485 ornat
741 3423 884 3486 Phraaten
905 3424 1090 3504 accingitque
1104 3443 1156 3507 pa·
1197 3491 1200 3496 ,
