2570 3878
423 150 529 201 umus
542 155 587 203 vr.
606 153 683 204 car.
699 153 824 208 ra—tt.
1061 140 1121 202 161

121 300 264 381 virginum
279 308 370 376 aetas,
383 297 415 358 L.
432 297 582 379 (icosium,
597 301 636 363 tt.
655 303 798 363 Vinicium
818 303 901 382 legit.
933 304 1050 367 Vinicio
1071 325 1125 388 op-

123 386 256 466 pidanum
270 401 378 462 genus:
395 381 514 446 cuitus
528 395 620 464 ortus,
636 395 719 465 patre
735 395 821 465 atque
835 405 892 449 avo
912 389 1125 470 consularibus,

120 479 221 530 cetera
238 469 367 548 equestri
381 467 490 529 familia
504 478 582 548 erat,
603 472 678 531 mitis
696 472 814 548 ingenio
830 481 860 532 et
874 481 1009 553 comptae
1024 475 1151 538 neuma

117 555 194 616 diae.
228 551 348 614 Cassius
365 551 474 631 plebeii
492 555 605 616 Romae
618 556 754 633 generis,
777 573 878 618 verum
900 557 1009 638 antiqui
1029 559 1125 620 bono·

1 669 2 676 .
118 639 241 716 ratique,
257 645 287 697 et
301 654 406 697 severa
423 639 516 716 patris
529 637 684 718 disciplina
703 637 824 700 eductus
844 640 987 703 facilitate
1006 644 1125 724 saepius

0 747 2 760 =
119 739 205 801 quam
218 720 357 782 industria
379 722 641 784 commendabatur.
670 722 737 783 bule
754 722 928 804 Drusillam,
947 726 1064 788 Vinicio
1079 727 1126 790 lu·

117 807 186 868 liam
207 804 379 867 Germanico
400 807 514 882 genitas
540 807 691 885 coniungit
715 825 862 889 superque
893 827 929 872 ea
954 827 987 872 re
1014 810 1127 873 senatui

118 889 238 967 scribit,
262 888 406 950 leticum
429 888 706 952 bonoreiureuum.
737 891 805 953 dein
829 894 949 955 redditis
974 892 1125 961 absentiae
1135 905 1162 948 tt

119 975 217 1036 nands
238 972 390 1034 admodum
410 976 496 1052 vagis
516 975 599 1036 tlexit
618 975 655 1036 ad
675 978 813 1054 graviora
835 987 865 1038 et
885 979 1062 1040 offensiones
1084 977 1124 1040 ob

117 1075 181 1120 rem
199 1057 344 1137 publicam
359 1066 496 1137 coeptae,
514 1067 602 1138 ntqne
621 1058 723 1121 blacro
748 1061 916 1141 praelectus
935 1061 1125 1124 tribunorum·
1163 1089 1170 1102 ·

119 1151 222 1222 quaet
237 1142 436 1218 centurionum
451 1143 537 1222 pauci
554 1161 654 1204 seeum
670 1145 838 1224 introirent,
859 1146 994 1225 quotiens
1016 1148 1126 1208 curiam

118 1224 332 1304 ingrederetur,
349 1227 463 1305 petivit.
491 1226 632 1307 laetoque
649 1228 734 1306 large
753 1237 784 1289 et
806 1231 870 1290 sine
891 1231 1126 1310 praescriptione

119 1311 240 1389 generis
253 1318 301 1370 aut
319 1310 430 1370 numeri
453 1320 570 1372 senatus
591 1311 726 1373 consulto
746 1331 784 1373 ne
802 1322 880 1375 tecta
899 1313 1016 1393 quidem
1032 1315 1123 1393 urbis,
1135 1325 1161 1369 ¹⁶

118 1395 195 1455 adeo
211 1393 358 1475 publicum
379 1395 531 1455 consilium
552 1413 705 1474 numquam
729 1395 813 1475 adiit,
837 1396 932 1458 deviis
955 1398 1126 1479 plerumque

118 1477 271 1542 itineribus
286 1476 416 1554 ambiens
430 1480 551 1558 patriam
569 1488 599 1540 et
612 1479 772 1541 declinans.

183 1562 236 1626 16.
257 1562 372 1642 Interea
393 1579 498 1640 magna
520 1565 566 1624 ris
587 1562 787 1625 accusatorium
807 1565 836 1624 iu
859 1581 911 1625 eos
930 1567 1054 1645 inrupit,
1075 1567 1124 1644 qui

119 1649 261 1728 pecunias
274 1647 395 1708 laeuone
411 1647 587 1708 auctitabant
601 1647 753 1708 adversum
773 1648 872 1726 legem
887 1647 1037 1711 dictatoris
1053 1647 1125 1710 Cae

118 1733 206 1807 saris,
222 1747 278 1811 qua
293 1730 330 1791 de
344 1728 431 1792 modo
447 1731 585 1793 credendi
600 1731 828 1812 possidendique
847 1733 921 1793 intra
942 1733 1053 1794 ltaliam
1079 1751 1127 1795 cu·

119 1825 215 1894 retur,
230 1816 364 1876 omissam
379 1814 459 1893 olim,
475 1817 542 1894 quia
558 1819 672 1895 privato
686 1817 748 1876 usui
765 1816 871 1878 bonum
885 1816 1031 1897 publicum
1043 1826 1125 1898 post·

118 1903 245 1983 ponitur.
277 1916 347 1960 saue
362 1906 447 1960 vetus
460 1899 525 1960 urbi
542 1899 682 1961 faenebre
698 1900 803 1962 mulum
823 1909 852 1962 et
874 1901 1047 1963 seditionum
1067 1900 1151 1962 dis-⁸

1 2005 2 2014 ¹
120 1984 342 2063 eordlarumque
361 1983 539 2064 creberrima
555 2002 659 2060 causa,
681 2000 778 2065 eoque
793 1984 985 2047 cohibebatur
1002 1985 1126 2065 antiquis

119 2085 237 2150 quoqne
259 2076 288 2128 et
308 2067 568 2148 minue·corruptis
590 2067 729 2128 moribus.
771 2087 836 2130 nam
859 2070 951 2148 primo
975 2067 1127 2130 duodecim

65 2149 69 2156 ’
118 2152 226 2214 tabulis
240 2159 386 2227 sanctam,
401 2154 518 2230 nequis
533 2154 662 2214 unciario
677 2152 799 2213 faenore
814 2153 937 2232 amplius
958 2161 1126 2230 exerceret,

121 2255 186 2300 cnm
201 2244 286 2297 autea
303 2252 341 2296 ex
356 2235 476 2297 libidine
491 2236 683 2316 locupletium
697 2239 872 2314 agitaretum
892 2237 958 2299 dein
972 2238 1127 2315 rogatione

118 2320 273 2382 tribunicia
289 2318 326 2380 ad
347 2320 509 2381 semuncias
527 2321 690 2398 redactum,
713 2329 863 2400 postremo
883 2322 1162 2382 recitaveramus

119 2405 274 2484 multisque
290 2402 387 2484 plebis
403 2405 484 2465 scitis
505 2404 621 2466 obviam
640 2407 710 2465 itum
731 2403 897 2484 fraudibus,
921 2423 997 2485 qnae
1018 2404 1128 2465 totiens

120 2506 279 2570 repressae
312 2490 401 2549 miras
436 2506 489 2569 per
517 2499 596 2550 artes
622 2505 736 2548 rursum
766 2488 943 2550 oriebantur.
987 2488 1042 2550 sed
1069 2498 1128 2549 tum

120 2572 270 2635 llmcolrus
285 2575 415 2651 praetor,
431 2574 476 2632 cni
491 2590 527 2634 ea
542 2575 676 2651 quaestio
691 2581 840 2652 evenerat,
854 2572 1035 2634 multitudine
1049 2574 1127 2654 peri·

119 2657 278 2720 clitautinm
300 2654 437 2717 subactus
460 2656 570 2717 rettulit
599 2656 635 2717 ad
661 2665 807 2735 senatum,
836 2656 1000 2737 trepidique
1027 2666 1128 2737 patres

120 2741 324 2822 (nequeenim
339 2740 489 2820 quisquam
502 2739 553 2801 tali
568 2740 654 2821 eulpa
675 2740 800 2818 vacuus)
824 2759 936 2822 seuram
955 2759 972 2800 a
995 2743 1127 2821 principe
1136 2754 1163 2796 ts

119 2827 271 2904 petivere;
293 2832 324 2885 et
344 2823 525 2885 concedente
547 2841 637 2885 annus
657 2825 856 2903 inposterum
876 2839 988 2904 sexque
1011 2843 1128 2886 meuses

0 2962 1 2965 ,
118 2909 198 2986 dati,
220 2909 284 2987 quis
307 2908 463 2970 secundum
484 2909 563 2970 iussa
583 2908 660 2987 legis
683 2909 811 2969 rationes
830 2909 988 2971 familiares
1004 2910 1127 2990 quisque

119 3002 341 3072 componerent.

184 3071 236 3136 lt.
257 3074 333 3137 lliuc
349 3077 446 3155 inopia
462 3077 505 3136 rei
524 3078 715 3154 nummariae,
738 3086 883 3138 commoto
902 3077 986 3139 simul
1001 3078 1126 3138 omnium

117 3179 191 3223 aere
205 3159 318 3238 alieno,
341 3162 451 3239 atquin
466 3168 510 3222 tut
525 3159 664 3222 damnatis
687 3160 830 3241 bonisque
852 3179 953 3224 eorum
973 3161 1127 3224 divenditis

117 3247 263 3323 signatum
284 3253 435 3323 argeutum
455 3245 529 3305 fisco
556 3245 604 3305 rel
632 3246 745 3306 ceramo
774 3245 957 3308 attinebatur.
999 3245 1035 3304 ad
1068 3242 1128 3303 lroc

1 3361 8 3381 r
119 3337 239 3390 senatus
254 3329 496 3408 praescripserat,
512 3328 583 3388 dnas
599 3331 721 3408 quisque
740 3329 868 3390 faenoris
883 3338 983 3409 partes
998 3321 1033 3386 'in
1046 3326 1127 3402 agris

120 3431 175 3491 per
193 3410 306 3473 ltaliam
329 3413 508 3473 conlocaret.
544 3412 597 3472 sed
618 3413 779 3474 creditores
801 3414 830 3472 in
852 3411 977 3472 solidum
996 3406 1157 3489 appella-s

118 3519 120 3528 ⁴
162 3516 251 3555 rncmr
273 3515 343 3556 rans
370 3509 388 3552 1.
650 3523 662 3530 e
936 3495 972 3553 11
