2568 3870
424 147 531 236 umas
548 188 585 236 11.
610 187 687 236 ona.
704 186 825 243 92—97·
1089 178 1130 240 87
1149 187 1151 196 ’

130 345 214 408 iussi:
237 345 302 423 ipse
317 341 381 402 sola
396 341 537 422 perdendi
559 360 626 402 eura
641 341 753 403 stabula
768 344 877 422 aurigis
901 352 1053 423 extruere,
1076 349 1129 407 cir·
1141 368 1168 408 rs

130 448 193 490 cum
213 426 402 508 gladiatorum
422 425 607 504 ferarumque
629 426 804 505 spectaculis
830 427 967 506 opplere,
989 436 1130 508 tamquam

129 516 158 572 in
175 530 279 573 summa
293 509 466 574 abundantia
482 511 624 588 pecuniae
642 509 783 571 inludere.

191 596 240 658 95.
272 595 345 674 Quin
369 603 399 654 et
423 593 548 657 natalem
570 593 681 654 Vitellii
712 593 786 653 diem
810 594 937 656 Gaeoina
965 613 1000 655 ac
1022 596 1130 656 Valens

130 679 215 742 editis
235 686 295 740 tota
315 677 387 738 urbe
411 677 524 740 uicatim
549 675 760 754 gladiatoribus
787 678 995 756 celebravere,
1021 680 1131 759 ingenti

129 772 231 844 paratu
249 771 277 823 et
292 772 358 823 ante
373 760 452 821 illum
465 761 540 822 diem
555 760 683 821 insolito.
713 761 820 822 lactum
837 760 1006 822 foedissimo
1027 766 1131 844 cuique

127 846 205 927 apud
228 845 322 906 bonos
343 843 468 905 invidiae
492 845 562 920 iuit,
591 845 668 923 quod
691 849 830 907 extructis
850 848 879 905 in
901 863 1004 926 campo
1026 847 1130 913 Martio

127 932 187 991 aris
202 929 320 988 inierias
338 926 448 988 Neroni
465 928 594 988 lecisset.
624 927 729 990 caesae
743 929 858 1009 publice
870 932 1005 991 victimae
1021 950 1151 995 crema-s

127 1024 250 1092 tneque3
272 1012 365 1072 iacem
384 1011 560 1090 Augustales
575 1011 746 1091 subdidere,
764 1015 842 1093 quod
865 1015 1076 1094 sacerdotium,
1101 1025 1132 1076 ut

127 1095 267 1158 Romulus
284 1095 365 1156 'latio
380 1097 454 1176 regi,
471 1097 509 1158 ita
524 1095 634 1157 Caesar
643 1097 777 1158 Tiberius
792 1098 883 1160 Iuliae
897 1101 978 1178 genti
993 1101 1130 1169 sacravit.

126 1180 252 1240 nondum
274 1190 391 1259 quartus
413 1181 567 1240 aviotoria
584 1183 707 1260 mensis,
730 1191 759 1242 et
779 1183 902 1243 libertus
918 1183 1030 1244 Vitellii
1046 1183 1130 1244 Asia·

125 1267 203 1325 tious
218 1263 380 1340 Polyclitos
394 1264 549 1325 Patrobios
570 1273 599 1324 et
615 1273 719 1326 vetera
742 1266 872 1328 odiorum
892 1270 1006 1327 nomina
1024 1285 1130 1346 aequa·

125 1350 186 1410 bat.
219 1366 304 1410 nemo
318 1350 347 1408 in
363 1349 412 1409 illa
431 1349 494 1410 aula
513 1348 658 1430 probitate
674 1358 722 1411 ant
735 1350 872 1411 industria
889 1353 1027 1412 certavit:
1045 1371 1129 1412 unum
1140 1370 1165 1410 tc

124 1433 164 1493 ad
179 1433 335 1514 potentiam
348 1433 414 1508 iter,
432 1431 563 1513 prodigis
576 1432 670 1510 epulis
688 1442 717 1493 et
732 1443 845 1515 sumptu
857 1451 1010 1514 ganeaque
1023 1437 1130 1495 satiare

125 1515 321 1595 inexplebiles
331 1517 442 1578 Vitellii
461 1515 606 1578 libidines.
637 1516 701 1595 ipse
718 1516 830 1577 abunde
844 1527 933 1594 ratus,
950 1519 976 1576 si
991 1537 1129 1599 praesen·

125 1601 203 1660 tibus
224 1600 384 1677 frueretur,
408 1619 463 1661 nec
483 1603 511 1660 in
533 1600 650 1678 longios
666 1601 850 1680 consultans,
872 1603 996 1661 noricos
1016 1602 1130 1663 miliens

119 1683 289 1744 sestertium
302 1683 483 1763 paucissimis
499 1682 647 1744 mensibus
659 1685 860 1746 intervertisse
873 1686 1000 1747 creditur
1019 1687 1128 1764 sagina.

123 1775 154 1827 at
177 1770 281 1827 misera
304 1769 421 1845 ciuitas,
450 1767 554 1827 eodem
577 1784 651 1826 anno
675 1764 833 1842 Othonem,
854 1764 1006 1829 Vitellium
1029 1787 1164 1848 passam

124 1855 200 1912 inter
218 1851 321 1912 Vinios
336 1851 445 1912 Fabios
465 1851 563 1912 Icelos
586 1849 733 1912 Asiaticos
750 1853 829 1914 varia
852 1862 881 1915 et
896 1853 1029 1934 pudenda
1048 1863 1129 1930 sorta

125 1935 249 2014 agebat,
273 1935 368 1996 donec
395 1953 568 1996 successere
588 1935 736 1996 Mucianus
758 1946 788 1996 et
808 1937 965 2001 Marcellos
987 1947 1016 1998 et
1035 1939 1128 2015 magis

125 2017 175 2079 alii
189 2019 321 2094 homines
337 2035 420 2098 quam
437 2019 485 2080 alii
502 2037 609 2080 mores.

188 2103 238 2164 96.
272 2102 366 2163 Prima
392 2102 512 2162 Vitellio
539 2103 642 2164 tertiae
666 2103 793 2180 legionis
819 2103 947 2166 deiectio
974 2103 1127 2182 nuntiatur,

124 2185 219 2246 missis
242 2185 277 2246 ab
299 2186 415 2266 Aponio
440 2187 593 2248 Saturnino
614 2187 763 2265 epistolis,
789 2195 940 2265 antequam
964 2187 989 2245 is
1011 2204 1129 2266 quoqne

125 2271 299 2350 Vespasiani
314 2271 444 2350 partibus
465 2270 693 2348 adgregantur:
716 2270 768 2330 sed
792 2287 888 2348 neque
908 2270 1043 2350 Aponius
1061 2288 1128 2331 oon·

125 2364 183 2431 cta,
199 2363 230 2414 ut
250 2354 397 2434 trepidans
418 2373 451 2414 re
472 2354 583 2430 subita,
606 2354 837 2434 perscripserat,
860 2361 890 2412 et
910 2354 993 2414 amici
1011 2353 1128 2414 adolan-

125 2448 170 2498 tes
192 2437 306 2498 mollius
320 2439 599 2518 interpretabantur:
623 2439 704 2498 nnius
722 2438 847 2515 legionis
863 2454 924 2496 eam
941 2436 1125 2515 seditionem,
1139 2455 1151 2493 s

126 2522 234 2583 ceteris
248 2522 425 2584 exercitibus
441 2531 576 2583 constare
589 2520 684 2582 iidem.
710 2524 739 2581 in
754 2521 831 2584 buno
845 2520 959 2580 modum
974 2522 1059 2580 etiam
1077 2523 1127 2581 Vi·

123 2605 222 2668 tellius
238 2606 314 2687 apud
330 2605 435 2667 milites
453 2606 606 2685 disseruit,
625 2608 828 2686 praetorianos
844 2622 938 2685 nuper
955 2614 1128 2668 exauctora-

124 2701 169 2752 tos
184 2692 359 2768 inseotatus,
386 2709 402 2760 a
419 2690 523 2778 quibus
545 2690 637 2750 falsos
652 2708 784 2767 rumores
800 2689 946 2770 dispergi,
967 2706 1023 2750 nec
1039 2689 1127 2749 ullum

124 2775 217 2836 civilis
236 2774 307 2835 belli
328 2784 433 2836 motum
453 2773 663 2853 adseverabat,
694 2792 855 2855 suppresso
876 2773 1052 2854 Vespasiani
1075 2791 1127 2834 no·

123 2861 216 2936 mine,
233 2867 263 2920 et
277 2861 359 2938 vagis
376 2877 430 2940 per
444 2858 543 2921 orbem
558 2858 694 2924 militibus
705 2860 753 2938 qui
767 2875 918 2919 sermones
929 2857 1030 2944 populi
1041 2876 1123 2920 coer·
1137 2875 1163 2916 ro

123 2951 233 3004 cerent.
264 2941 295 3004 id
308 2946 495 3026 praecipuum
513 2943 675 3004 alimentum
690 2943 783 3004 lamae
802 2952 874 3004 erat.

106 3071 110 3074 -
184 3027 236 3088 97.
257 3025 371 3088 Auxilia
388 3037 483 3088 tamen
505 3047 521 3088 a
543 3025 695 3089 Germania
710 3025 915 3106 Britanniaque
936 3035 965 3086 et
979 3025 1126 3105 Hispaniis

124 3109 242 3186 excivit,
257 3112 387 3187 segniter
402 3121 431 3172 et
448 3113 653 3173 necessitatem
669 3111 861 3173 dissimulans.
891 3109 1013 3192 perinde
1034 3109 1125 3187 legati

125 3191 353 3273 provinciaeque
375 3196 595 3274 cunctabantur,
621 3194 805 3256 Hordeonius
827 3195 952 3256 Flaccus
978 3193 1126 3271 suspectis

123 3281 179 3338 iam
191 3275 308 3337 batavis
323 3279 423 3338 anxius
442 3282 562 3359 proprio
578 3280 684 3357 ballo,
698 3280 813 3343 Vettius
828 3279 955 3342 Bolanus
971 3295 1125 3358 numquam

119 3363 194 3423 satis
209 3360 306 3441 quieta
320 3360 482 3440 Britannia,
501 3372 530 3424 et
543 3373 665 3443 uterque
681 3363 817 3442 ambigui.
850 3381 945 3442 neque
967 3382 1005 3422 ex
1017 3361 1147 3440 Hispa-s

118 3446 176 3507 aiis
197 3444 428 3528 properabatur,
449 3447 528 3508 nullo
552 3458 610 3508 tum
632 3449 671 3508 ibi
693 3448 854 3509 consulari:
878 3447 962 3507 trium
977 3445 1124 3522 legionum
