2570 3878
145 160 209 222 230
331 241 334 248 Α
396 166 565 216 conuann
583 165 701 213 uncum
722 165 908 214 nuuncrcu

146 347 183 388 ne
198 324 360 389 senioribus
378 322 492 404 quidem
511 322 650 402 principis
665 322 765 383 amicis
783 320 1019 401 adversantibus,
1035 321 1150 384 mulier·

148 412 213 472 cula
234 410 313 471 nulla
339 411 507 488 cuiusquam
529 407 630 467 iniuria
656 405 805 488 cupidines
832 407 973 487 principis
1001 407 1151 487 explente,

146 494 261 577 quando
276 510 370 555 uxore
383 492 419 553 ab
438 491 570 570 Octavia,
585 489 677 551 nobili
694 490 809 570 quidem
821 487 850 551 et
866 491 1020 571 probitatis
1035 501 1151 572 specta·

113 590 210 659 rotae,
234 579 294 640 fato
317 576 458 658 quodam,
481 594 517 637 an
539 577 605 655 quia
628 575 938 656 praevalentinlicita,
960 575 1151 644 abhorrebat:

113 721 120 739 ,
145 665 383 742 metuebaturque
404 680 441 722 ne
467 663 496 722 in
523 671 623 741 stupra
646 661 815 722 feminarum
839 660 998 721 inlustrium
1020 678 1151 740 prorum-

146 759 242 832 peret,
260 749 285 808 si
301 747 351 808 illa
365 745 484 808 libidine
500 744 715 826 prohiberetur.

206 834 256 896 13.
271 831 344 912 ¹Sed
367 830 532 912 Agrippina
557 828 690 891 libertam
713 830 865 908 aemulam,
891 847 991 890 nurum
1018 829 1153 892 ancillam

146 919 260 998 aliaque
282 917 404 977 eundem
420 917 448 976 in
468 914 584 976 modum
604 914 784 977 muliebriter
807 916 949 990 fremere,
973 932 1068 994 neque
1083 931 1153 994 pae-

146 1003 295 1063 nitentium
310 1001 360 1060 lilii
379 1009 426 1061 ant
442 1001 606 1061 satietatem
621 1001 763 1080 opperiri,
779 1009 946 1080 quantoque
955 998 1089 1060 foediora
1102 1017 1152 1060 ex·

146 1085 314 1168 probrabat,
330 1086 426 1146 aerius
442 1082 620 1162 accendere,
638 1083 733 1146 donec
748 1087 777 1146 vi
792 1086 898 1146 amoris
914 1083 1049 1145 subactus
1065 1101 1153 1144 exue·
1188 1129 1196 1141 .

122 1181 191 1239 rret
207 1169 377 1250 obsequium
393 1170 422 1228 in
433 1167 552 1228 matrem
564 1186 657 1248 seque
668 1169 802 1231 Senecae
813 1171 1004 1250 permitteret,
1021 1169 1153 1228 exonios

146 1254 334 1318 familiaribus
360 1253 498 1314 Annaeus
520 1253 649 1315 Serenus
675 1254 856 1316 simulatione
878 1255 985 1316 amoris
1012 1252 1153 1314 adversus

147 1339 268 1402 eandem
298 1338 431 1399 libertam
464 1338 570 1418 primas
603 1338 799 1400 adulescentis
823 1338 977 1418 cupidines
1002 1337 1154 1398 velaverat

145 1423 379 1506 praebueratque
404 1440 525 1500 nomen,
549 1433 579 1482 ut
600 1442 674 1502 quae
691 1425 830 1504 princeps
846 1425 942 1493 furtim
964 1421 1153 1485 mulierculae

145 1507 305 1584 tribuebat,
330 1508 382 1568 ille
400 1507 494 1586 palam
515 1507 680 1585 largiretur.
714 1517 772 1570 tum
788 1507 953 1588 Agrippina
969 1507 1063 1568 versis
1086 1507 1151 1566 arti·

111 1594 200 1658 robus
216 1612 268 1673 per
289 1591 484 1653 blandimenta
506 1587 639 1664 iuvenem
660 1592 798 1672 adgredi,
824 1611 904 1653 snum
925 1593 1021 1672 potius
1038 1590 1152 1652 eubicu-

144 1680 202 1740 lum
218 1696 253 1738 ae
271 1677 361 1737 sinum
377 1677 485 1736 offerre
501 1675 695 1755 contegendis
710 1695 785 1757 quae
800 1679 892 1758 prima
906 1685 988 1740 aetas
1001 1684 1031 1737 et
1045 1693 1154 1737 summa

143 1764 261 1824 fortuna
284 1769 473 1840 expeterent:
498 1760 566 1840 quin
582 1770 612 1821 et
633 1761 778 1823 fatebatur
792 1763 1024 1841 intempestivam
1042 1760 1152 1821 severi·

145 1857 233 1909 tatem
245 1854 274 1906 et
286 1862 400 1904 suarum
413 1861 510 1923 opum,
527 1862 601 1924 quae
613 1845 688 1906 lraud
700 1846 804 1926 procul
817 1847 1011 1926 imperatoriis
1023 1844 1154 1921 aberant,

146 1932 248 2010 copias
260 1928 413 2005 tradebat,
438 1936 467 1988 ut
487 1930 573 1990 nimia
588 1947 681 2009 nuper
700 1930 867 1992 coercendo
887 1930 963 2008 lilio,
984 1931 1024 1991 ita
1041 1946 1154 1991 rursum

112 2034 136 2076 rs
146 2017 372 2094 intemperanter
388 2011 522 2074 demissa.
543 2032 618 2093 quae
631 2016 749 2076 mutatio
765 2033 861 2096 neque
876 2014 1024 2076 Neronem
1036 2011 1153 2090 fefellit,

146 2109 175 2162 et
191 2099 315 2180 proximi
341 2099 498 2160 amicorum
520 2097 685 2166 metuebant
706 2100 886 2180 orabantque
905 2117 1010 2162 cavere
1033 2097 1154 2159 insidias

144 2184 273 2245 mulieris
299 2201 415 2262 semper
436 2185 562 2260 anoeis,
593 2192 653 2244 tum
679 2193 709 2244 et
731 2185 841 2246 falsae·
865 2185 943 2246 forte
963 2183 1021 2244 illis
1050 2181 1153 2243 diebus

146 2268 256 2331 Caesar
271 2268 406 2347 inspecto
424 2276 537 2345 ornatu,
558 2285 616 2346 quo
634 2269 796 2349 principum
808 2271 952 2348 coniuges
967 2286 1002 2329 ac
1015 2275 1154 2348 parentes

146 2350 441 2429 effulserant,'deligit
461 2361 574 2412 vestem
593 2359 622 2414 et
639 2370 768 2431 gemmas
791 2355 926 2434 misitque
948 2353 1055 2422 donum
1070 2350 1154 2412 matri
1233 2378 1236 2383 ·

107 2457 134 2497 ao
145 2436 224 2499 nulla
238 2436 422 2516 parsimonia,
438 2454 502 2496 cum
514 2438 674 2518 praecipua
686 2448 716 2498 et
729 2439 826 2519 cupita
843 2439 907 2500 aliis
921 2439 1002 2519 prior
1014 2437 1153 2498 deferret.

145 2521 197 2583 sed
212 2519 377 2600 Agrippina
394 2536 453 2579 non
468 2519 513 2581 bis
529 2522 631 2582 instrui
647 2523 740 2583 cultus
756 2541 843 2602 suos,
863 2522 916 2584 sed
935 2524 1042 2583 ceteris
1056 2521 1153 2582 areeri

145 2605 306 2687 proclamat
322 2613 351 2664 et
366 2603 497 2666 dividere
514 2605 612 2684 lilium,
629 2625 705 2687 qnae
724 2617 828 2668 cuneta
844 2626 882 2668 ex
896 2605 1108 2686 ipsalraberet.

209 2691 258 2750 14.
281 2686 346 2748 Nee
369 2687 489 2749 defuere
512 2691 609 2769 quiin
633 2691 938 2759 deteriusreferrent.
966 2699 996 2752 et
1010 2690 1091 2753 Nero
1111 2689 1153 2750 in·

143 2776 244 2835 feneus
269 2774 321 2850 iis,
347 2771 452 2852 quibus
474 2774 612 2854 superbia
632 2775 782 2837 muliebris
805 2776 994 2852 innitebatur,
1017 2776 1157 2840 demovet

144 2857 302 2920 Pallantem
324 2874 524 2937 cumrerum,
548 2861 612 2939 quis
635 2859 788 2923 aclaudio
811 2861 961 2942 impositus
976 2861 1056 2922 velut
1077 2857 1154 2920 arbi-

143 2943 228 3003 trium
244 2943 328 3020 regni
344 2941 467 3020 agebat;
483 2942 691 3026 ferebaturque
707 2944 900 3025 degrediente
915 2963 953 3006 eo
964 2961 1070 3024 magna
1083 2961 1140 3023 pro

120 3028 325 3110 rsequentium
345 3025 525 3090 multitudine
549 3047 608 3091 uon
629 3029 755 3091 absurdo
778 3030 902 3109 dixisse,
926 3030 969 3090 ire
994 3029 1155 3091 Pallantem

142 3122 173 3174 nt
191 3112 325 3175 eiuraret.
358 3129 429 3172 sane
446 3113 604 3191 pepigerat
618 3114 714 3177 Pallas
729 3132 766 3175 ne
782 3115 863 3176 cuius
880 3113 950 3177 facti
966 3114 996 3175 in
1011 3115 1153 3196 praeteri-

141 3207 201 3258 tum
215 3199 447 3274 interrogaretur
462 3212 608 3278 paresque
625 3201 754 3261 rationes
770 3217 834 3260 cum
845 3217 878 3259 re
891 3197 1008 3278 publica
1018 3199 1153 3260 haberet.

144 3299 289 3362 praeceps
304 3279 429 3359 posthac
444 3277 609 3362 Agrippina
623 3302 710 3345 ruere
724 3284 760 3348 ad
775 3292 919 3345 terrorem
936 3292 966 3343 et
980 3286 1086 3363 minas,
1102 3301 1153 3343 ne·

144 3382 200 3441 que
222 3359 363 3443 principis
379 3363 496 3424 auribus
520 3366 666 3430 abstinere
687 3385 744 3450 quo
769 3370 862 3444 minus
878 3369 1050 3447 testaretur,
1072 3367 1153 3430 adul·

110 3454 203 3506 actum
217 3449 273 3508 iam
291 3465 359 3510 esse
374 3447 587 3531 Britannicum,
610 3471 709 3516 veram
722 3453 900 3536 dignamque
918 3455 1038 3536 stirpem
1059 3453 1154 3514 susci-
