2536 3870
181 147 245 210 2⁰8
424 155 943 206 ooaaumrrsorrrsnarrunrsn

182 323 212 376 ut
235 324 329 374 ament
352 321 546 391 amenturre,
574 314 601 371 in
626 311 803 372 altitudinem
827 309 970 389 quandam
992 317 1021 367 et
1043 317 1195 368 terrorem

181 397 285 460 edituri
301 396 377 456 bella
394 397 519 475 aornpti,
537 404 567 454 ut
583 395 707 455 hostiurn
723 393 819 453 oeulis
838 400 1003 452 ornantur..

243 483 293 544 39.
320 482 541 552 Vetustissimos
561 495 594 538 se
615 476 871 554 nobilissimosque
885 476 1050 536 Sueborum
1067 477 1195 537 Semno-

179 585 233 627 nes
257 573 430 631 memorant:
459 563 531 623 iudas
556 553 731 640 antiquitatis
755 560 901 637 religione
930 559 1069 620 firmatur.
1115 569 1198 622 stato

179 659 313 729 tempure
336 649 365 706 in
385 646 486 708 siluam
511 644 639 723 auguriis
659 653 771 724 patrum
792 652 823 703 et
847 644 945 723 prisea
967 642 1127 704 formidine
1151 665 1193 705 sa·

182 751 258 794 oram
288 748 388 791 omnes
413 731 542 791 eiusdem
564 728 712 806 sanguinis
732 727 833 807 populi
858 726 1054 803 legationibus
1082 738 1199 788 ooeunt

158 833 329 894 seaesoque
349 813 466 894 publice
490 814 607 874 bomine
631 810 781 871 celebrant
803 809 920 870 barbari
946 811 1018 870 ritus
1039 809 1198 871 horrenda

182 898 346 981 primordia.
374 907 419 958 est
439 907 468 957 et
487 898 543 958 alia
560 896 629 956 luoo
643 895 825 955 reverentia:
846 909 930 953 nemo
948 895 1004 953 nisi
1019 893 1145 954 vineulo
1163 895 1198 954 li·
1257 939 1258 1006 l

181 993 266 1062 gatus
282 982 457 1059 ingreditur,
475 990 506 1040 ut
519 981 612 1040 minor
634 985 664 1038 et
677 986 853 1058 potestatem
868 978 990 1036 numinis
1006 992 1082 1055 prae
1097 997 1138 1037 :se
1154 979 1198 1038 ie·
1257 1007 1258 1010 ι

181 1084 258 1126 rens.
278 1066 302 1124 si
315 1065 394 1125 iorte
407 1064 564 1144 prolapsus
580 1071 636 1140 est,
652 1061 745 1122 attolli
760 1069 789 1121 et
802 1063 955 1138 insurgere
970 1059 1046 1120 baud
1064 1061 1196 1122 linitum:

182 1167 236 1229 per
258 1149 373 1208 humum
399 1148 581 1208 evolvuntur.
615 1163 711 1224 eoque
739 1143 832 1204 omnis
858 1145 1028 1224 superstitio
1055 1147 1194 1226 respiait,

148 1257 172 1298 uo
182 1243 323 1310 tamquam
339 1230 406 1290 inde
420 1233 499 1291 initia
515 1232 627 1310 gentis,
642 1228 682 1289 ibi
697 1237 838 1306 regnator
852 1228 975 1288 omniurn
991 1227 1076 1306 deus,
1093 1238 1190 1290 uetera

182 1316 314 1380 subiecta
330 1317 577 1395 atque-parantia.
615 1313 705 1374 adioit‘
717 1312 919 1372 auctoritatam
936 1311 1052 1371 iortnna
1070 1313 1183 1373 Semno-

180 1419 260 1462 num:
286 1409 400 1459 eentum
416 1399 498 1478 pagis
519 1398 664 1474 habitant,
688 1401 852 1475 magnoque
868 1412 997 1476 corpora
1013 1395 1146 1456 eilioitnr
1161 1403 1190 1454 nt

181 1503 214 1544 se
228 1482 389 1544 Sueborum
405 1492 492 1562 eaput
510 1481 638 1543 eredunt.

242 1568 293 1626 40.
321 1565 429 1626 Contra
445 1565 655 1643 Langobardos
676 1564 808 1644 prauitas
827 1562 976 1624 nobilitet:
1001 1564 1139 1644 plurimis
1161 1579 1191 1624 aa

183 1651 388 1710 valentissimis
403 1649 567 1709 nationibus
584 1649 671 1708 cinoti
684 1665 742 1708 non
756 1666 811 1728 per
828 1648 1017 1727 obsequium,
1034 1648 1089 1708 sed
1104 1667 1193 1728 proe-

183 1735 230 1794 liis
247 1741 275 1791 et
294 1731 487 1810 periclitando
507 1734 560 1792 tuti
574 1740 649 1790 sunt.
680 1731 824 1808 Reudigni
842 1730 947 1792 deinde
964 1740 995 1791 et
1009 1730 1148 1792 Aviones
1167 1741 1195 1790 et

182 1815 283 1892 Anglii
305 1823 334 1874 et
349 1816 449 1875 Varini
466 1823 496 1874 et
510 1815 646 1875 Eudoses
668 1823 697 1874 et
713 1813 880 1875 Suardoues
896 1823 926 1874 et
939 1813 1085 1875 Nuitones
1100 1814 1195 1874 dumi-

160 1898 267 1968 suibus
286 1901 333 1957 aut
348 1898 429 1957 silvis
445 1901 614 1958 muniuntur.
637 1915 693 1958 nea
708 1900 860 1978 quiequam
875 1897 1006 1959 notabile
1016 1899 1045 1957 in
1057 1899 1198 1976 singulis,

182 1981 237 2042 nisi
260 1981 336 2060 quod
353 1983 381 2040 in
397 1999 547 2042 commune
561 1981 716 2059 Nerthum,
738 1980 767 2040 id
786 1989 846 2057 est,
865 1981 985 2042 Terram
999 1990 1123 2042 matrem
1143 2000 1196 2043 oo-

183 2067 244 2126 lunt
264 2083 386 2144 eamque
409 2066 586 2126 intervenire
602 2064 692 2126 rebus
714 2065 875 2142 bominum,
897 2064 994 2125 invebi
1010 2064 1133 2145 populis
1148 2082 1196 2125 ar-

182 2149 333 2209 bitrantur.
361 2157 406 2208 est
423 2149 560 2210 ininsula
576 2148 686 2210 Oeeani
702 2157 811 2209 eastum
828 2165 944 2227 nemus,
963 2148 1150 2228 dirutumque
1165 2149 1198 2208 in

184 2250 221 2293 eo
238 2232 418 2309 rehioulum,
436 2242 520 2293 reste
538 2241 716 2304 uenientum
733 2233 879 2310 attingere
894 2234 943 2292 nni
957 2230 1105 2293 saeerdoti
1122 2249 1197 2294 oon·

150 2331 174 2373 ro
186 2333 312 2377 sessum.
342 2317 367 2374 is
392 2317 498 2377 adesse
514 2314 657 2396 penetrali
678 2316 761 2377 deam
781 2316 929 2394 intellegit
948 2324 1122 2396 reatamque
1140 2314 1196 2375 bu-

183 2399 239 2459 bus
258 2399 372 2458 leminis
395 2401 481 2460 multa
505 2417 568 2460 onrn
586 2402 775 2462 veneratione
793 2401 989 2480 prosequitur.
1029 2399 1101 2460 laeti
1122 2409 1196 2460 tune

117 2525 122 2536 .
184 2483 262 2561 dies,
282 2485 359 2543 iusta
375 2482 462 2560 looa,
485 2501 684 2562 quaecumque
699 2483 825 2545 adventa
840 2484 1027 2564 hospitioque
1044 2482 1192 2560 dignatur.

183 2585 241 2626 non
260 2566 337 2626 bella
358 2567 471 2643 ineunt,
495 2585 553 2627 non
568 2582 646 2628 arma
663 2575 790 2637 sumunt;
816 2567 943 2628 elausum
963 2583 1048 2626 omne
1062 2567 1192 2634 ierrum;

185 2667 244 2730 pax
259 2658 289 2710 ot
302 2653 385 2722 quies
401 2661 586 2711 taratantara
602 2655 725 2725 inmota,
743 2659 812 2710 tuno
832 2659 939 2712 mutum
963 2658 1071 2726 amata,
1094 2650 1193 2712 donee

150 2756 174 2798 aa
183 2731 258 2793 idem
275 2733 415 2794 saoerdos
429 2735 560 2794 satiatam
572 2733 795 2795 conversatione
805 2735 969 2795 mortalium
980 2734 1063 2794 deam
1076 2735 1191 2813 templa

183 2816 295 2877 reddat.
324 2833 393 2877 mox
409 2817 572 2878 vehiculum
588 2825 617 2878 et
627 2825 727 2878 vestes
743 2826 788 2895 et,
805 2819 832 2877 si
843 2819 966 2878 eredere
982 2818 1066 2895 velis,
1083 2835 1191 2878 numen
1257 2861 1258 2870 .

183 2901 278 2980 ipsum
301 2911 418 2979 seoretp
443 2901 509 2964 latu
531 2900 663 2963 abluitur.
702 2903 781 2961 sarri
798 2903 972 2978 ministrant,
999 2903 1191 2981 quos-statim
1257 2897 1258 2900 ’

183 2983 260 3045 idem
275 2985 355 3045 lanus
370 2985 474 3046 baurit.
503 3003 626 3048 areanae
640 2985 708 3044 hine
728 2993 825 3045 terror
840 2995 999 3066 sanataque
1012 2986 1189 3062 ignorantia,
1257 3041 1258 3060 ,

184 3067 253 3148 quid
270 3069 306 3128 sit
321 3067 391 3130 illud
407 3069 484 3148 quod
500 3077 608 3130 tanturn
624 3069 743 3147 perituri
757 3069 866 3130 uident.
1257 3077 1258 3092 ¹

246 3153 297 3212 41.
320 3151 358 3212 let
379 3153 453 3214 haee
476 3153 591 3232 quidem
612 3170 682 3233 pars
703 3151 865 3213 Sueborum
886 3154 915 3213 in
935 3149 1097 3213 secretiora
1117 3150 1187 3214 ller-

185 3235 297 3294 maniae
318 3237 492 3315 porrigitur:
517 3239 657 3317 propior,
676 3245 707 3296 ut
730 3254 787 3315 quo
804 3236 892 3297 modo
915 3237 1003 3316 paulo
1025 3243 1093 3296 ante
1110 3234 1186 3304 llbe-

185 3335 267 3391 num‚
295 3320 338 3378 sle
360 3337 436 3381 nuno
456 3320 615 3380 Danuvium
638 3337 759 3400 sequar,
785 3319 1047 3381 Hermundurorum
1072 3321 1182 3394 airitus,

186 3398 241 3458 lida
256 3399 407 3474 Romania
427 3421 523 3483 eoque
539 3405 611 3466 solis
629 3403 833 3467 Germanorum
849 3413 911 3466 non‘
921 3406 950 3464 in
964 3405 1029 3484 ¹ripn
1045 3419 1183 3463 oommer-
