2536 3870
468 171 543 219 cae.
558 169 690 222 sa-to.
1014 157 1076 222 2³5

75 325 198 404 augurio
219 325 354 402 rotisque
372 323 448 402 apud
462 333 577 386 nostras
594 326 672 386 auris
687 323 883 400 amicabatur,
905 324 943 385 ita
958 325 1077 385 iastius·

74 421 123 469 tae
145 409 245 469 mortis
268 407 378 486 grande
402 407 543 469 solacium
570 409 634 469 tulit
654 409 786 470 erasisse
810 417 986 487 postremum
1007 406 1077 468 illud

74 503 200 572 tempus,
215 509 273 571 quo
284 491 462 552 Domitianus
477 510 535 553 non
548 494 603 553 iam
619 511 672 572 per
686 492 839 554 intervalla
850 509 886 553 ac
901 492 1077 571 spiramenta

74 573 253 655 temporum,
274 573 326 635 sed
341 577 477 637 continuo
493 586 523 637 et
538 577 618 637 uelut
638 593 694 637 uno
711 577 770 637 ictu
786 595 847 637 rem
868 575 1012 656 publicam
1026 593 1075 634 es-

74 659 180 719 bausit.
1084 671 1112 712 aa

137 744 188 806 45.
208 741 275 804 Non
291 742 362 803 vidit
381 742 522 821 Agricola
538 743 690 805 obsessam
711 743 817 804 curiam
835 752 865 804 et
886 743 1012 804 clausum
1032 761 1077 804 ar·

1 831 2 878 ἓ
72 831 126 888 mis
141 836 271 888 senatum
287 835 317 887 ct
331 826 432 886 eadem
448 837 547 904 strage
563 836 605 888 tot
620 827 813 888 consularium
828 826 953 905 caedes,
969 835 1012 887 tot
1025 843 1077 886 no·

1 951 2 990 ,
73 912 276 972 bilissimarum
296 909 464 970 laminarum
488 911 574 972 exilia
592 919 621 972 et
641 913 736 989 fugas.
766 930 821 972 una
841 910 934 972 adbuc
953 910 1078 971 victoria

1 1063 2 1066 Ἴ
76 994 170 1055 Carus
187 992 293 1053 blotias
314 991 504 1069 censebatur,
527 1003 557 1054 et
572 995 646 1057 intra
662 994 804 1056 Albanam
820 1013 918 1057 arcem
934 995 1078 1057 sententia

74 1075 223 1140 Messalini
243 1075 407 1156 strepebat,
430 1086 460 1137 et
474 1076 570 1138 llassa
585 1077 711 1139 Baebius
730 1079 810 1159 [iam]
827 1087 885 1139 tum
906 1097 974 1140 reus
997 1086 1103 1139 eratzs

73 1179 142 1221 mox
159 1168 277 1221 rosnae
293 1158 403 1220 duxere
415 1159 577 1222 Helvidium
593 1163 621 1222 in
638 1179 786 1223 annuerem
799 1179 913 1232 manus;
928 1180 983 1222 nos
998 1161 1077 1223 blaa·

74 1245 128 1306 rici
143 1243 314 1323 Rusticique
332 1244 427 1323 maus,
447 1262 501 1306 uos
516 1247 664 1307 innocenti
678 1247 818 1324 sauguine
836 1247 963 1306 Senecio
979 1245 1076 1326 pariu-

75 1329 126 1388 dit.
161 1326 241 1387 Nero
256 1335 352 1387 tamea
367 1326 508 1388 subtraxit
519 1328 622 1388 oculos
637 1346 707 1389 suos
721 1330 862 1406 iussitque
877 1328 1004 1404 scelera,
1019 1345 1078 1386 non

74 1411 235 1489 spectavit:
253 1411 412 1488 praecipua
431 1409 484 1470 sub
498 1411 661 1472 Domitiano
678 1413 856 1472 miseriarum
874 1429 942 1490 pars
958 1419 1021 1470 erat
1037 1411 1077 1469 ri·

1 1495 2 1560 }
75 1494 146 1555 dere
163 1500 193 1552 et
206 1493 317 1571 aspici,
337 1511 400 1553 cum
414 1495 536 1572 suspiria
552 1503 651 1556 nostra
665 1493 932 1572 subscriberem,
949 1511 1013 1554 cum
1027 1491 1076 1552 de·
1086 1507 1113 1549 m

1 1577 2 1644 j
74 1575 207 1638 notandis
227 1583 272 1636 tot
286 1576 431 1636 homiuum
447 1576 608 1657 palloribus
624 1579 773 1639 suiliceret
794 1595 900 1638 saevus
915 1577 965 1638 ille
980 1576 1078 1637 voltus

1 1659 3 1666 ’
76 1670 106 1720 et
120 1659 226 1736 rubor,
248 1677 305 1740 qao
322 1679 356 1722 se
371 1672 476 1723 contra
489 1661 629 1742 pudorem
644 1661 799 1722 muniebat.

1 1801 3 1813 ,
141 1743 184 1804 l'u
199 1761 271 1804 raro
292 1744 380 1822 ialin,
400 1745 557 1824 Agricola,
578 1764 637 1811 non
653 1747 731 1806 vitae
751 1755 857 1806 tantum
879 1745 1011 1806 claritate
1025 1741 1079 1802 sed

1 1823 2 1834 ¹
74 1830 159 1890 etiam
174 1830 389 1908 opportunitate
403 1831 516 1891 mortis.
545 1838 576 1890 ut
589 1829 744 1910 perbibent
759 1829 807 1908 qui
821 1829 1012 1890 interfuerunt
1025 1844 1076 1888 no·

1 1909 4 1987 ζ
73 1914 200 1973 cissimis
214 1913 397 1975 sermonibus
414 1915 487 1991 tuis,
509 1924 645 1974 constans
660 1923 690 1975 et
709 1913 803 1974 libens
818 1913 906 1972 iatum
921 1912 1074 1992 excepisti,
1087 1925 1113 1966 ra

74 2005 218 2073 tamquam
243 2013 297 2074 pro
319 1997 396 2058 virili
417 2000 552 2076 portione
575 1999 769 2058 innocentiam
795 1995 919 2075 principi
940 1994 1075 2055 donares.

75 2077 128 2139 sed
150 2076 218 2137 mibi
238 2079 375 2159 filiaeque
401 2082 463 2140 eius
489 2089 606 2160 praeter
628 2079 815 2141 acerbitatem
835 2079 963 2157 parentis
982 2079 1077 2156 erepti

74 2169 164 2237 auget
179 2162 365 2241 maestitiam,
383 2162 462 2242 quod
476 2163 611 2224 adsidere
625 2162 798 2238 valetudini,
818 2162 922 2223 lovere
940 2160 1076 2221 delicien-

74 2254 149 2323 tem,
168 2243 268 2305 satiari
284 2246 365 2306 voltu
387 2246 599 2325 complexuque
618 2265 676 2307 non
691 2245 829 2327 'contigit
859 2246 1077 2325 excepissemus

75 2337 159 2390 certe
173 2328 305 2391 mandata
319 2347 484 2408 vocesque,
501 2348 573 2409 quas
586 2331 701 2410 penitus
716 2329 811 2390 auimo
829 2329 994 2406 digeremus.
1023 2345 1075 2389 no·
1084 2341 1113 2382 2⁰

1 2455 2 2488 3
74 2421 137 2472 ster
154 2411 201 2472 bic
216 2410 314 2491 dolor,
335 2421 464 2473 nostram
479 2414 600 2490 uolnus,
621 2413 707 2474 nobis
726 2422 782 2473 tam
802 2412 911 2489 longae
927 2410 1078 2473 abseudae
1117 2449 1119 2453 -

1 2499 3 2513 '
75 2494 249 2556 condicione
264 2505 330 2557 ante
347 2496 564 2575 quadriennium
576 2499 697 2558 amissus
713 2505 766 2556 est.
793 2497 886 2556 omnia
902 2497 965 2556 siue
979 2493 1078 2572 dubio,

0 2575 1 2578 ’
75 2579 186 2660 optima
203 2589 371 2659 parentum,
400 2579 551 2642 adsidente
571 2581 762 2642 amantissima
787 2597 880 2640 uxore
906 2578 1079 2658 superfuere

73 2663 181 2724 honori
202 2671 269 2724 tuo:
292 2663 477 2744 paucioribus
497 2673 593 2726 tamen
613 2665 739 2727 lacrimis
761 2663 960 2742 comploratus
980 2680 1028 2739 es,
1049 2669 1079 2722 et

74 2747 231 2807 norissima
247 2747 276 2806 iu
291 2748 357 2808 luce
373 2747 581 2809 desideravere
598 2748 706 2828 aliquid
720 2749 798 2808 oculi
814 2748 863 2807 tui.
1086 2765 1113 2805 aa

136 2830 188 2892 46.
224 2831 344 2910 Siquis
372 2834 484 2912 piorum
504 2832 633 2893 manibus
654 2833 753 2910 locas,
779 2833 817 2909 si,
847 2838 877 2891 ut
898 2829 1079 2909 sapientibus

75 2914 189 2994 placet,
210 2933 270 2976 nou
291 2934 354 2977 cum
370 2934 496 2996 corpore
512 2917 714 2994 extinguuntur
728 2933 852 2992 magnae
868 2915 995 2987 animae,
1017 2913 1077 2992 pla·

76 2997 141 3058 cide
163 3000 315 3078 quiescas,
336 3017 449 3079 nosque
465 3000 578 3061 marum
598 3010 674 3061 tuam
696 2999 732 3061 ab
752 2999 864 3060 intirmo
881 2997 1026 3058 desiderio
1049 3004 1079 3056 et

1 3151 2 3158 ,
76 3081 266 3141 muliebribus
289 3082 422 3144 lamentis
447 3083 483 3143 ad
510 3084 782 3163 contemplationem
807 3082 942 3142 virtutum
966 3089 1077 3141 tuarum

1 3165 2 3240 ζ
77 3184 181 3242 rocos,
193 3183 264 3243 quas
277 3182 373 3242 neque
383 3165 479 3242 lugeri
490 3184 586 3243 neque
592 3165 691 3245 plangi
707 3166 751 3225 ias
763 3172 819 3228 est.
849 3165 1040 3224 admiratroue
1052 3169 1106 3220 tes

1 3256 2 3322 ξ
77 3253 176 3332 potius
189 3255 220 3308 et
231 3248 440 3310 immortalibus
452 3247 585 3309 laudibus
594 3258 635 3326 et,
648 3251 672 3310 si
680 3256 780 3308 natura
792 3246 972 3326 suppeditet,
986 3242 1085 3304 simill-

1 3369 2 3390 2
77 3330 361 3395 tudiuocolamustis
395 3347 482 3391 verus
504 3330 614 3407 bonos,
637 3348 672 3391 ea
694 3329 917 3390 coniunctissimi
939 3329 1079 3405 caiusque

1 3443 2 3500 p
77 3419 181 3501 pietas.
216 3413 246 3476 ld
266 3413 342 3475 tiliae
363 3431 477 3495 quoque
497 3414 641 3496 uxorique
668 3414 886 3494 praeceperim,
913 3413 956 3472 sic
975 3409 1079 3490 patris,
