2596 3872
174 129 235 195 288
423 141 590 191 oonnnnu
611 139 730 192 uncum
751 139 936 190 ιιιιιιιιιιι

175 299 277 380 eisqui
297 296 488 360 barbarorum
509 298 630 376 propius
653 293 930 374 suffodiebantur,
955 293 1081 360 donee
1073 295 1184 374 ignium

175 388 251 446 iaetu
270 382 536 444 eiroumveuiretur
566 380 732 480 peditum
707 399 732 440 sn
750 381 815 460 quis
836 379 950 458 integer
971 381 1130 461 longinqua
1153 389 1185 442 et

176 471 257 548 avia,
281 466 423 528 vulnerati
446 474 542 526 eastra
555 465 739 546 repetivere,
762 466 896 524 uirtutem
913 467 1010 544 regis,
1032 466 1184 528 saevitiam

117 579 121 586 ·
177 563 206 615 et
223 552 326 631 copias
342 551 482 629 gentium,
500 557 604 612 ouuota
619 558 698 610 metu
714 548 899 627 extollentes,
915 549 995 611 iaoili
1012 549 1184 612 credulitate

142 657 168 701 ro
178 655 277 699 eorum
295 637 343 716 qui
366 635 468 696 eadem
484 632 639 714 pavebant.
669 652 706 694 ne
724 632 782 694 dux
797 631 911 714 quidem
928 633 1018 696 obniti
1039 634 1183 711 adversis,

177 720 230 784 sed
251 729 355 784 eunota
373 719 490 781 militiae
511 719 605 780 munia
621 719 806 797 deseruerat,
826 719 921 780 missis
941 720 1043 782 iterum
1059 718 1097 780 ad
1113 717 1182 780 Gor·

50 846 65 866 .
176 806 315 869 bulonem
331 804 485 884 precibus,
506 805 623 866 ‘veniret
638 821 785 883 propere,
809 804 892 881 signa
906 811 938 864 et
956 803 1071 884 aquilas
1087 812 1117 864 et
1130 819 1180 864 uo·

120 899 137 924 ·
176 908 243 952 men
261 889 404 968 reliquum
424 888 550 949 infoliois
568 887 716 948 exercitus
736 895 879 948 tueretur:
903 905 936 948 se
957 887 1043 948 fidem
1061 888 1184 966 interim,

178 976 273 1037 donee
290 975 347 1035 vita
362 971 537 1052 subpeditet,
553 980 729 1034 retenturos

241 1059 291 1120 12.
314 1055 369 1118 llle
386 1057 533 1120 interritus
549 1065 579 1118 et
593 1065 677 1136 parte
693 1058 843 1156 eopiarum
854 1055 932 1137 apud
944 1058 1057 1119 Suriam
1070 1057 1185 1157 relicta,

177 1152 208 1204 ut
221 1142 393 1220 munimenta
409 1139 549 1220 Euphrati
565 1141 692 1220 inposita
707 1141 918 1220 retinerentur,
943 1159 999 1221 qua
1022 1143 1185 1221 proximum
1286 1193 1287 1224 ,

179 1237 208 1289 et
222 1211 429 1288 oommeatibus
444 1242 503 1286 uon
518 1242 658 1304 egenum,
674 1226 826 1303 regionem
838 1223 1084 1305 Commagenam,
1107 1227 1185 1287 enim

180 1310 416 1392 Cappadociam,
435 1309 501 1372 iude
524 1309 680 1370 Armenios
703 1309 814 1390 petivit.
847 1311 1056 1374 comitabantur
1071 1311 1185 1372 exerei-

156 1406 239 1458 stum
262 1404 379 1476 praeter
404 1393 459 1456 alia
481 1404 564 1456 sueta
585 1393 665 1454 bello
683 1411 788 1473 magua
811 1395 857 1456 via
880 1395 1056 1456 camelorum
1081 1404 1185 1458 ennete

178 1482 329 1558 irumeuti,
353 1489 384 1542 ut
404 1479 487 1540 simul
508 1479 623 1540 hostem
643 1478 806 1559 famemque
822 1479 997 1560 depelleret.
1031 1478 1152 1559 primum
1169 1497 1186 1539 e

180 1564 324 1645 peroulsis
352 1563 487 1624 Paooium
510 1563 593 1642 primi
626 1563 677 1642 pili
707 1565 903 1626 eenturiouem
931 1563 1048 1626 obuium
1074 1562 1185 1640 habuit,
1286 1575 1287 1602 ³

180 1649 246 1710 dein
266 1647 425 1727 plerosque
439 1646 581 1716 ‘militum;
605 1664 678 1726 quoa
700 1647 831 1710 diversas
853 1647 940 1726 fugae
962 1665 1065 1710 causas
1082 1645 1185 1708 obten-

180 1732 283 1792 dentes
298 1729 394 1790 redire
410 1729 487 1790 ad'
463 1747 546 1807 signa
561 1739 590 1790 et
602 1731 783 1792 elementiam
795 1731 876 1794 Paeti
888 1733 1017 1811 experiri
1009 1730 1185 1793 monebat.
1286 1753 1287 1818 }

145 1832 213 1876 rose
233 1814 288 1873 uisi
309 1811 468 1874 victoribus
491 1814 627 1874 immitem
640 1832 718 1876 esse
750 1815 835 1876 simul
856 1833 924 1877 suas
944 1816 1078 1894 legiones
1093 1815 1188 1896 adire,
1286 1851 1287 1862 ι

179 1898 306 1997 hortari,
329 1897 455 1976 priorum
476 1889 660 1978 admonere,
669 1916 775 1960 novam
789 1900 914 1978 gloriam
932 1899 1098 1962 ostendere
1127 1918 1188 1963 non
1286 1899 1287 1938 3

179 1983 264 2042 vieos
280 1989 327 2041 aut
344 1980 453 2060 oppida
469 1981 687 2061 Armeniorum,
710 1984 763 2044 sed
785 1993 881 2056 eastra
902 1985 1033 2048 Romana
1055 1983 1188 2064 duasque

180 2065 261 2125 iniis
283 2064 418 2143 legiones
443 2065 567 2144 pretium
587 2065 698 2128 laboris
716 2068 785 2148 peti.
818 2069 844 2129 si
863 2069 985 2147 singulis
1000 2068 1187 2149 manipulari·
1286 2119 1287 2126 ,

180 2150 235 2210 bus
250 2151 411 2229 praecipua
426 2151 542 2211 servati
564 2151 635 2210 oiris
652 2167 760 2212 eoroua
775 2152 962 2231 imperatoria
977 2170 1062 2213 mauu
1077 2151 1187 2214 tribue·
1286 2169 1287 2220 ι

147 2256 172 2298 ιι
182 2243 278 2310 retur,
300 2233 378 2312 quod
398 2233 469 2294 illud
491 2243 520 2294 et
536 2243 670 2313 quantum
685 2233 784 2316 deors,
799 2234 849 2296 ubl
864 2254 918 2316 par
933 2253 1033 2298 eorum
1050 2255 1188 2298 uumerus

180 2323 380 2400 apisceretur,
400 2319 447 2398 qui
470 2318 639 2380 adtulissent
655 2319 824 2380 salutemet
846 2321 894 2401 qui
915 2321 1117 2400 aooepisseutl
1140 2320 1189 2382 bis

182 2412 268 2482 atque
288 2401 392 2462 talibus
414 2403 443 2462 in
468 2413 616 2464 commune
642 2403 757 2464 alaores
784 2405 833 2483 (et
852 2413 935 2465 erant
956 2421 1030 2484 quos
1055 2405 1189 2485 perieula

180 2486 299 2547 iratrum
315 2495 364 2547 out
381 2489 608 2566 propinquorum
622 2487 749 2567 propriis
767 2487 888 2550 stimulis
900 2489 1106 2567 incenderent)
1115 2505 1187 2551 oon

181 2572 288 2630 tinuum
304 2571 352 2631 diu
367 2580 514 2650 noctuque
528 2573 584 2632 iter
598 2569 806 2651 properabant.

248 2654 296 2714 13.
314 2653 419 2734 quue
435 2656 570 2716 intentius
586 2654 758 2734 Vologeses
775 2674 910 2735 premere
925 2657 1082 2738 obsessos,
1095 2639 1188 2720 modo
1286 2707 1287 2746 ,

183 2737 288 2799 vallum
303 2737 461 2816 legionum,
476 2739 563 2799 modo
578 2739 745 2819 castellum,
769 2757 827 2822 quo
849 2740 967 2804 inbellis
982 2752 1063 2805 aetas
1085 2742 1187 2804 deien-
1286 2749 1287 2756 ³

182 2820 303 2882 debatur
310 2821 513 2902 ,adpugnare
529 2824 651 2903 propius
673 2819 813 2886 incedens
828 2844 913 2906 quana
930 2843 993 2888 mos
1001 2827 1138 2904 iunia,
1162 2830 1187 2888 si

182 2924 218 2966 ea
234 2867 397 2967 temeritate
410 2906 551 2968 bostem
543 2925 571 2966 ιιι
586 2907 729 2986 proelium
746 2908 879 2972 elieeret.
915 2921 944 2974 at
962 2911 1003 2972 illi
1021 2912 1070 2972 vir
1083 2921 1181 2973 ooutu
1286 2931 1287 2990 g

158 2989 291 3051 oberniis
313 2993 451 3069 extracti,
478 3009 534 3052 nee
555 2991 632 3052 aliud
653 3010 737 3072 quam
757 2997 931 3056 munimenta
953 2995 1287 3076 propugnabant„

182 3092 251 3156 pars
269 3076 348 3136 iussu
363 3074 459 3153 duois,
477 3084 506 3136 et
520 3075 568 3138 alti
587 3077 708 3156 propria
724 3077 841 3155 ignaria
853 3087 904 3140 eut
920 3076 1117 3142 corbulonem
1133 3097 1186 3158 op·

182 3161 342 3239 parientes,
359 3178 393 3222 ao
413 3161 457 3220 ria
472 3161 503 3222 ei
516 3161 677 3240 ingrueret,
694 3164 821 3241 prouisis
838 3163 983 3243 exemplis
997 3163 1099 3228 eladis
1111 3162 1186 3225 Gau-

182 3243 266 3306 dinue
283 3243 544 3325 Numantinaeque;
566 3263 662 3348 neque
683 3244 805 3308 eandem
825 3248 1066 3310 vimSamuitibus
1080 3248 1187 3310 ltalieo

183 3328 295 3406 populo
312 3346 347 3389 ao
361 3329 482 3408 Parthis,
498 3330 645 3392 Romani
636 3331 750 3432 rmperir
743 3325 895 3394 aemulis.
927 3333 1050 3396 validam
1065 3349 1187 3412 quoque

150 3429 175 3471 ιο
184 3417 213 3468 et
225 3410 364 3472 laudatam
380 3416 588 3494 antiquitatem,
604 3417 738 3500 quotiens
753 3416 867 3480 fortuna
881 3427 981 3480 eontra
992 3417 1084 3498 daret,
1099 3417 1186 3480 saluti
1286 3465 1287 3510 ι
