2440 3886
17 141 18 234 J
120 157 157 206 ιι
536 155 737 224 ιιιιιιιιιιο.

17 337 18 384 3
119 320 187 364 non
208 301 337 364 tantum
360 258 621 364 emendationum
645 300 792 364 auctores
816 299 883 364 suis
907 293 1087 385 quibusque
1111 301 1162 365 lo·

17 421 18 444 2
120 388 166 452 cis
186 387 406 472 indicavimus,
425 387 481 452 sed
499 387 597 451 etiam
615 386 773 452 delectum
791 387 1054 473 coniecturarum,
1073 411 1160 473 quae

17 559 18 562 Ἴ
119 496 187 541 non
209 475 425 541 admittendae
441 473 642 559 videbantur,
665 476 894 560 congessimus,
915 497 984 540 non
1001 497 1064 561 quo
1089 499 1159 540 om·

17 563 18 572 ’
119 585 178 629 nes
192 565 325 650 cognitu
344 564 458 650 dignas
471 567 667 647 putaremus,
685 563 742 628 sed
759 567 796 628 ut
813 564 868 648 qui
887 563 1025 629 editione
1043 567 1160 632 nostra

17 705 18 713 ,
120 655 250 718 utentur
281 653 316 717 in
343 653 423 717 locis
453 652 612 734 corruptis
640 653 697 715 aut
723 651 878 736 suspectis
905 652 1051 717 viderent
1077 653 1159 737 quid

63 747 66 756 “
121 762 247 826 quoque
268 741 341 806 loco
362 740 429 804 iam
452 741 493 805 ab
521 740 593 804 aliis
616 739 735 805 criticis
761 742 922 804 tentatum
950 744 1043 804 esset.
1087 740 1160 806 Nec

120 830 292 914 quisquam
313 831 440 893 tantam
461 828 585 913 ingenii
608 828 709 892 aciem
732 831 789 892 aut
809 827 924 907 iudicii.
942 828 1159 894 subtilitatem

17 935 18 960 ³
121 917 183 982 sibi
204 916 386 1002 adrogauit,
407 918 453 998 ut,
476 937 549 982 cum
571 917 607 980 in
628 915 733 980 Taciti
755 917 847 980 libris
869 917 920 982 tot¹
940 917 1004 982 loci
1027 917 1160 982 obscuri

120 1007 174 1068 aut
196 1005 339 1088 corrupti
313 1005 438 1068 ttsin
423 1004 596 1088 t,ubique
626 1025 739 1068 verum
770 1008 828 1070 aut
855 1004 940 1089 quod
972 1004 1013 1069 ad
1043 1026 1160 1071 verum

118 1093 265 1177 proxime
295 1092 418 1156 accedit
441 1054 523 1157 bano
549 1091 667 1158 iudicio
696 1113 765 1158 sese
792 1093 909 1157 vidisse
938 1098 994 1158 aut
1020 1093 1159 1178 elegisse

120 1180 275 1261 adfirmet.
320 1179 369 1244 De
396 1180 492 1245 rebus
515 1183 623 1246 autem
650 1180 908 1266 orthographicis
931 1203 1011 1266 quas
1037 1187 1162 1283 vocant

119 1290 175 1334 eas
203 1267 363 1334 scribendi
390 1267 525 1352 formas,
548 1268 687 1353 quaein
708 1267 851 1334 Mediceo
881 1269 999 1352 primo,
1020 1269 1076 1352 qui
1098 1291 1161 1336 sex
1201 1301 1202 1304 ¹

118 1357 220 1422 libros
238 1357 362 1441 priores
376 1357 542 1422 amelium
559 1355 667 1439 habet,
684 1357 785 1420 tradit
770 1359 823 1420 tae
842 1361 926 1440 sunt,
943 1378 1001 1440 per
1013 1357 1160 1459 reliquos

119 1467 246 1531 quoque
272 1445 373 1510 libros
396 1444 569 1510 servandas
597 1465 667 1508 esse
693 1444 959 1530 existimavimus3
985 1445 1040 1509 ille
1067 1447 1161 1512 enim

119 1534 219 1598 codex
237 1537 271 1599 et
289 1533 532 1618 antiquissimus
551 1535 651 1597 estet
671 1553 725 1598 eas
743 1532 779 1596 in
796 1533 848 1598 his
864 1533 960 1598 rebus
979 1534 1161 1617 scripturae

120 1621 262 1705 exhibet,
286 1643 366 1706 quas
389 1621 476 1705 apud
494 1621 659 1686 Romanos
681 1621 717 1686 in
739 1642 800 1686 usu
821 1620 922 1686 fuisse
945 1622 1040 1686 certis
1062 1624 1160 1686 testi-

118 1710 236 1775 moniis
257 1710 325 1774 iam
346 1708 413 1773 fere
436 1708 680 1792 comprobatum
702 1711 761 1772 est

207 1831 246 1896 D.
268 1828 434 1898 Monachii
456 1851 566 1895 mense
588 1828 738 1916 Augusto
762 1851 789 1894 a.
812 1807 1042 1897 luDCOOLVI.

206 2026 247 2091 In
278 2024 382 2090 Taciti
407 2024 499 2089 libris
530 2025 648 2092 iterum
678 2024 945 2111 recognoscendis
976 2024 1160 2094 familiares

119 2113 278 2182 Onnonus
292 2112 457 2179 Hunnnus
475 2116 509 2177 et
525 2111 718 2180 Euunuous
732 2113 988 2180 Wonunrmuus
1002 2136 1037 2180 re
1056 2118 1160 2201 atque

119 2203 262 2304 consiliis
275 2222 327 2266 me
341 2201 467 2286 egregie
482 2202 680 2287 adiuverunt,
698 2202 814 2286 quibus
833 2203 955 2288 gratias
973 2223 1035 2288 ago
1055 2224 1159 2288 quam

117 2312 283 2356 mammas.

205 2411 370 2478 Monacbii
391 2433 501 2480 mense
523 2411 680 2480 Januario
703 2435 731 2478 a.
753 2411 1044 2478 MDOOOLXXHI.

793 2621 942 2704 ¹Carolus
964 2621 1084 2690 Halm.
