2570 3878
166 141 229 234 208
419 180 584 228 conuentu
600 180 717 230 rncrur
736 182 921 232 nunnurnu

144 336 242 418 equod
259 344 288 396 et
308 353 433 416 pugnam
447 353 531 396 manu
539 335 698 414 capessivit
709 346 739 398 et
761 355 887 417 corpore
910 337 1035 399 adverso
1052 337 1171 402 uulnera
1216 379 1219 386 ,

167 421 293 500 excepit.
325 429 452 482 ceterum
468 419 503 480 ad
519 419 643 482 classem
658 421 686 479 in
704 419 837 482 Danuvio
853 421 1055 501 opperientem
1075 424 1169 500 perlu-

166 507 223 583 git;
245 506 337 564 secuti
358 522 427 566 mox
443 504 565 566 clientes
586 513 616 564 et
633 505 763 582 acceptis
784 505 863 584 egris
878 506 906 566 ia
921 504 1068 568 Pannonia
1085 503 1171 570 iocati

166 596 240 649 sunt.
269 606 390 667 regnum
402 590 518 666 Vangio
531 606 569 649 ac
581 588 652 649 Sido
667 589 742 648 iuter
757 589 968 667 sepertinere,
986 590 1108 666 egregia
1123 589 1170 651 ad·
1278 645 1279 650 ,

165 691 269 732 versus
291 689 346 733 nos
371 672 442 749 inde,
465 672 620 750 subiectis,
648 688 741 732 suone
760 689 797 732 an
818 672 930 732 servitii
949 671 1086 751 ingenio,
1108 672 1177 747 dum,

133 773 156 814 ro
167 755 399 836 adipiscerentur
414 756 633 834 dominationis,
659 756 746 817 multa
763 756 900 834 caritate,
922 764 951 816 et
966 757 1075 819 maiore
1091 757 1171 835 odio,

166 848 320 920 postquam
336 839 433 919 adepti
449 849 522 902 sunt.
1278 897 1279 928 ἦ

231 925 282 986 31.
304 923 344 983 At
366 926 393 983 in
414 924 614 984 Britannia-P.
637 924 782 985 Ostorium
803 942 857 1003 pro
883 933 1019 1002 praetore
1042 924 1171 987 turbidae
1194 929 1201 939 “
1278 961 1279 990 r

165 1025 214 1067 res
231 1025 396 1085 excepere,
420 1008 518 1068 effusis
535 1010 562 1067 in
577 1026 678 1086 agrum
697 1009 843 1069 sociorum
858 1005 992 1068 hostibus
1007 1025 1045 1072 eo
1061 1008 1171 1070 violen·
1278 1015 1279 1066 i

166 1092 239 1167 tius,
271 1091 348 1170 quod
367 1108 472 1152 novum
494 1091 596 1152 ducem
616 1094 747 1152 exercitu
773 1093 874 1170 ignoto
898 1101 928 1152 et
951 1100 1056 1170 coepta
1076 1091 1171 1152 hieme
1278 1091 1279 1108 ³

165 1177 268 1236 iturum
290 1174 404 1235 obviam
426 1193 483 1234 non
507 1175 652 1236 rebantur.
692 1175 743 1238 ille
766 1191 874 1253 gnarus
896 1177 995 1254 primis
1020 1176 1171 1237 eventibus

144 1267 272 1320 emetum
284 1267 332 1320 ant
348 1258 479 1320 fiduciam
493 1259 591 1338 gigni,
614 1262 685 1320 citas
701 1259 841 1321 cohortes
854 1260 947 1338 rapit,
966 1268 996 1320 et
1011 1261 1105 1320 eaesis
1124 1261 1171 1338 qui

166 1344 351 1422 restiterant,
374 1342 512 1404 disiectos
525 1352 728 1418 consectatus,
750 1362 787 1404 ne
808 1361 907 1404 rursus
924 1341 1172 1422 conglobarentur
1278 1349 1279 1352 ’

166 1427 335 1505 infensaque
357 1437 385 1488 et
405 1426 491 1488 inirda
514 1445 571 1507 pax
592 1444 649 1488 non
669 1427 751 1506 duci,
772 1444 830 1488 non
851 1427 932 1488 militi
954 1427 1084 1507 requiem
1107 1427 1171 1506 pei·

166 1513 308 1588 mitteret,
336 1510 489 1572 detrahere
510 1530 586 1572 arma
617 1513 761 1591 suspectis
784 1519 945 1589 cunctaque
968 1513 1070 1572 eastris
1092 1511 1171 1570 Aro-

167 1612 232 1656 nam
257 1594 336 1655 inter
358 1604 388 1656 et
408 1595 557 1656 Sabrinam
575 1595 679 1656 duvios
702 1595 841 1659 cohibere
856 1603 955 1674 parat.¹
992 1593 1069 1672 guod
1088 1595 1171 1672 primi

133 1677 246 1744 rolueni
262 1678 405 1756 abnuere,
428 1678 524 1739 valida
538 1697 611 1757 gens
627 1696 684 1740 nec
699 1677 821 1758 proeliis
837 1679 967 1757 contusi,
995 1677 1060 1756 guia
1077 1678 1171 1738 socie·

112 1785 115 1790 ·
168 1771 254 1822 tatem
278 1771 405 1834 nostram
421 1761 556 1823 volentes
575 1773 773 1824 accesserant.
802 1763 906 1840 bisque
927 1760 1093 1823 auctoribus
1117 1761 1171 1821 cir-

169 1846 327 1906 cumiectae
343 1846 476 1906 nationes
491 1844 587 1905 iocum
602 1863 717 1924 pugnae
732 1839 890 1924 delegere,
914 1855 1046 1924 saeptum
1061 1845 1172 1922 agresti

168 1947 280 2007 aggere
301 1938 331 1988 et
351 1928 428 1989 aditu
448 1938 588 2007 angusto,
610 1946 646 1990 ne
670 1932 788 2009 pervius
802 1930 892 2008 equiti
906 1929 995 1990 foret.
1033 1946 1068 1990 ea
1082 1929 1175 1988 muni-

167 2021 262 2074 menta
284 2012 341 2072 dux
360 2013 522 2091 Romanus,
549 2030 717 2093 quamquam
739 2014 801 2074 sine
822 2011 931 2073 robore
953 2012 1101 2090 legionum
1124 2030 1171 2072 so·

134 2096 259 2158 rasiales
280 2097 383 2176 copias
404 2096 544 2173 ducebat,
567 2113 755 2176 perrumpere
777 2096 946 2174 adgreditur
968 2094 1173 2158 etdistributis

169 2179 337 2241 cohortibus
359 2190 465 2242 turmas
487 2197 603 2259 quoque
624 2180 749 2258 pediturn
769 2181 804 2242 ad
820 2183 913 2241 munia
935 2181 1071 2258 accingit.
1104 2183 1173 2240 tunc

168 2264 234 2325 dato
256 2266 341 2342 signo
364 2264 544 2344 perfringunt
565 2281 705 2341 aggerem
725 2267 844 2344 suisque
866 2264 999 2326 claustris
1017 2263 1172 2345 impeditos

167 2348 291 2409 turbant.
320 2356 408 2427 atque
420 2348 462 2408 illi
474 2349 654 2408 conscientia
664 2347 836 2412 rebellionis
849 2357 880 2408 et
891 2347 1042 2427 obsaeptis
1054 2347 1172 2424 effugiis

167 2431 253 2492 multa
275 2441 304 2492 et
326 2432 404 2493 clara
429 2433 558 2493 facinora
579 2431 697 2509 iecere,
728 2449 790 2511 qua·
806 2449 903 2512 pugna
923 2432 998 2495 tilius
1022 2431 1111 2508 iegati
1131 2429 1170 2493 bl.

133 2538 159 2580 ao
169 2515 301 2586 Ostorius
316 2517 422 2578 servati
437 2516 510 2576 cinis
523 2514 613 2576 decus
630 2517 740 2576 meruit.

231 2597 282 2662 32.
306 2597 441 2660 (leterum
462 2598 544 2660 clade
557 2598 710 2660 Icenorum
732 2601 958 2679 compositioni
975 2598 1081 2660 bellum
1095 2598 1173 2656 inter
1261 2597 1279 2644 Ἴ

168 2692 197 2744 et
215 2701 318 2763 pacem
333 2682 514 2753 dubitabant;
537 2691 566 2743 et
588 2681 690 2744 ductus
711 2685 740 2744 in
755 2684 914 2762 Decangos
936 2683 1092 2744 exercitus.
1121 2700 1172 2742 va·

168 2767 235 2829 stati
251 2769 331 2844 agri,
354 2766 481 2847 praedae
502 2768 609 2846 passim
623 2777 723 2845 actae,
749 2768 899 2830 nonensis
919 2769 1011 2828 aciem
1026 2762 1172 2842 hostibus,

168 2851 216 2912 vel
240 2851 264 2910 si
285 2871 323 2912 ex
344 2851 462 2913 occuito
485 2869 607 2930 carpere
627 2865 734 2929 agmen
753 2860 944 2932 temptarent,
966 2850 1066 2930 punito
1091 2848 1171 2910 dolo.

145 2936 283 3012 uiamque
303 2944 417 2996 ventum
440 2935 515 2998 baud
540 2935 643 3015 procul
671 2939 741 2998 mari
765 2935 842 3015 quod
864 2935 1029 2996 Hiberniam
1049 2932 1174 2994 insulam

170 3025 318 3096 aspectat,
338 3038 401 3080 cum
417 3028 498 3080 ortae
514 3019 590 3097 apud
605 3019 758 3097 Brigantas
773 3019 936 3081 discordiae
952 3026 1106 3080 retraxere
1121 3017 1171 3077 du·

100 3179 104 3188 .
170 3119 248 3177 cem,
272 3101 470 3164 destinationis
487 3111 610 3179 certum,
633 3120 670 3162 ne
693 3120 767 3164 nova
788 3103 938 3164 moliretur
954 3102 1009 3162 nisi
1023 3101 1174 3180 prioribus
1278 3099 1279 3126 ¹

169 3186 296 3246 firmatis.
329 3196 358 3247 et
377 3187 530 3266 brigantes
552 3186 683 3264 quidem,
707 3187 807 3264 paucis
829 3189 877 3266 qui
901 3205 978 3248 arma
995 3184 1173 3264 coeptabant
1278 3199 1279 3240 i

124 3295 126 3300 ·
169 3270 344 3346 interiectis,
366 3273 394 3330 in
415 3271 545 3348 reliquos
566 3269 632 3331 duta
651 3272 750 3348 uenia,
771 3271 927 3332 resedere:
951 3270 1074 3330 Silurum
1095 3286 1173 3345 gens

137 3366 226 3411 ronon
241 3355 410 3430 atrocitate,
432 3372 489 3414 non
512 3354 662 3414 clementia
678 3354 853 3430 mutabatur,
875 3355 943 3434 quin
960 3352 1067 3416 bellum
1084 3369 1170 3410 exer·
1191 3364 1193 3366 ·

171 3444 251 3496 ceret
266 3437 424 3518 castrisque
440 3437 588 3515 legionum
604 3439 759 3519 premenda
774 3441 862 3500 foret.
892 3438 919 3499 id
935 3455 992 3518 gno
1007 3435 1172 3516 promptius
