<?xml version="1.0" encoding="UTF-8"?>
<!DOCTYPE html PUBLIC "-//W3C//DTD XHTML 1.0 Transitional//EN"
    "http://www.w3.org/TR/xhtml1/DTD/xhtml1-transitional.dtd">
<html xmlns="http://www.w3.org/1999/xhtml" xml:lang="en" lang="en">
 <head>
  <title>
</title>
<meta http-equiv="Content-Type" content="text/html;charset=utf-8" />
  <meta name='ocr-system' content='tesseract 3.04.00' />
  <meta name='ocr-capabilities' content='ocr_page ocr_carea ocr_par ocr_line ocrx_word'/>
</head>
<body>
  <div class='ocr_page' id='page_1' title='image "./lta-2000/libriquisupersu02tacigoog/libriquisupersu02tacigoog_0629.png"; bbox 0 0 2536 3870; ppageno 0'>
   <div class='ocr_carea' id='block_1_1' title="bbox 176 115 1146 224">
    <p class='ocr_par' dir='ltr' id='par_1_1' title="bbox 176 115 1146 224">
     <span class='ocr_line' id='line_1_1' title="bbox 176 115 1146 224; baseline -0.009 -17"><span class='ocrx_word' id='word_1_1' title='bbox 176 143 239 207; x_wconf 78' lang='grc'><strong>184</strong></span> <span class='ocrx_word' id='word_1_2' title='bbox 414 154 579 204; x_wconf 75' lang='lat' dir='ltr'><strong>cocuntur</strong></span> <span class='ocrx_word' id='word_1_3' title='bbox 596 152 715 202; x_wconf 79' lang='lat' dir='ltr'><strong>oneror</strong></span> <span class='ocrx_word' id='word_1_4' title='bbox 729 149 973 202; x_wconf 71' lang='lat' dir='ltr'><strong>maronianum</strong></span> <span class='ocrx_word' id='word_1_5' title='bbox 1000 123 1002 127; x_wconf 72' lang='grc'><strong>’</strong></span> <span class='ocrx_word' id='word_1_6' title='bbox 1057 125 1082 224; x_wconf 80' lang='grc' dir='ltr'><strong> </strong></span> <span class='ocrx_word' id='word_1_7' title='bbox 1141 115 1146 124; x_wconf 69' lang='grc'><strong>’</strong></span> 
     </span>
    </p>
   </div>
   <div class='ocr_carea' id='block_1_2' title="bbox 136 304 1243 3494">
    <p class='ocr_par' dir='ltr' id='par_1_2' title="bbox 136 304 1241 1396">
     <span class='ocr_line' id='line_1_2' title="bbox 175 304 1193 386; baseline -0.01 -12"><span class='ocrx_word' id='word_1_8' title='bbox 175 314 269 374; x_wconf 86' lang='lat' dir='ltr'><strong>dacos</strong></span> <span class='ocrx_word' id='word_1_9' title='bbox 286 307 320 372; x_wconf 80' lang='lat'><strong>0.</strong></span> <span class='ocrx_word' id='word_1_10' title='bbox 337 310 441 370; x_wconf 81' lang='lat' dir='ltr'><strong>Sosim</strong></span> <span class='ocrx_word' id='word_1_11' title='bbox 460 308 586 386; x_wconf 68' lang='lat' dir='ltr'><strong>subegit.</strong></span> <span class='ocrx_word' id='word_1_12' title='bbox 616 325 739 386; x_wconf 74' lang='lat' dir='ltr'><strong>reguum</strong></span> <span class='ocrx_word' id='word_1_13' title='bbox 759 305 796 368; x_wconf 84' lang='lat' dir='ltr'><strong>ab</strong></span> <span class='ocrx_word' id='word_1_14' title='bbox 813 307 942 368; x_wconf 77' lang='lat' dir='ltr'><strong>Antonio</strong></span> <span class='ocrx_word' id='word_1_15' title='bbox 955 305 1067 368; x_wconf 83' lang='lat' dir='ltr'><strong>Herodi</strong></span> <span class='ocrx_word' id='word_1_16' title='bbox 1088 304 1193 366; x_wconf 84' lang='lat' dir='ltr'><strong>datum</strong></span> 
     </span>
     <span class='ocr_line' id='line_1_3' title="bbox 177 388 1194 471; baseline -0.007 -15"><span class='ocrx_word' id='word_1_17' title='bbox 177 399 272 456; x_wconf 84' lang='lat' dir='ltr'><strong>victor</strong></span> <span class='ocrx_word' id='word_1_18' title='bbox 283 393 432 470; x_wconf 76' lang='lat' dir='ltr'><strong>Augustus</strong></span> <span class='ocrx_word' id='word_1_19' title='bbox 448 393 536 452; x_wconf 84' lang='lat' dir='ltr'><strong>auxit.</strong></span> <span class='ocrx_word' id='word_1_20' title='bbox 561 399 629 471; x_wconf 90' lang='lat' dir='ltr'><strong>post</strong></span> <span class='ocrx_word' id='word_1_21' title='bbox 639 400 761 452; x_wconf 89' lang='lat' dir='ltr'><strong>mortem</strong></span> <span class='ocrx_word' id='word_1_22' title='bbox 771 388 907 469; x_wconf 83' lang='lat' dir='ltr'><strong>Herodis,</strong></span> <span class='ocrx_word' id='word_1_23' title='bbox 923 389 993 451; x_wconf 87' lang='lat' dir='ltr'><strong>nihil</strong></span> <span class='ocrx_word' id='word_1_24' title='bbox 1007 398 1194 469; x_wconf 79' lang='lat' dir='ltr'><strong>exspectato</strong></span> 
     </span>
     <span class='ocr_line' id='line_1_4' title="bbox 136 473 1196 554; baseline -0.011 -10"><span class='ocrx_word' id='word_1_25' title='bbox 136 503 168 544; x_wconf 77' lang='lat' dir='ltr'><strong>ao</strong></span> <span class='ocrx_word' id='word_1_26' title='bbox 179 478 327 553; x_wconf 75' lang='lat' dir='ltr'><strong>(laesere,</strong></span> <span class='ocrx_word' id='word_1_27' title='bbox 342 477 422 537; x_wconf 87' lang='lat' dir='ltr'><strong>Simo</strong></span> <span class='ocrx_word' id='word_1_28' title='bbox 439 474 555 554; x_wconf 81' lang='lat' dir='ltr'><strong>qnidam</strong></span> <span class='ocrx_word' id='word_1_29' title='bbox 576 477 690 552; x_wconf 80' lang='lat' dir='ltr'><strong>regium</strong></span> <span class='ocrx_word' id='word_1_30' title='bbox 701 492 812 536; x_wconf 88' lang='lat' dir='ltr'><strong>nomen</strong></span> <span class='ocrx_word' id='word_1_31' title='bbox 832 477 989 539; x_wconf 82' lang='lat' dir='ltr'><strong>invaserat.</strong></span> <span class='ocrx_word' id='word_1_32' title='bbox 1021 475 1046 534; x_wconf 89' lang='lat' dir='ltr'><strong>is</strong></span> <span class='ocrx_word' id='word_1_33' title='bbox 1061 491 1079 533; x_wconf 84' lang='lat' dir='ltr'><strong>a</strong></span> <span class='ocrx_word' id='word_1_34' title='bbox 1096 473 1196 550; x_wconf 78' lang='lat' dir='ltr'><strong>Quin·</strong></span> 
     </span>
     <span class='ocr_line' id='line_1_5' title="bbox 178 554 1240 640; baseline -0.008 -16"><span class='ocrx_word' id='word_1_35' title='bbox 178 563 241 624; x_wconf 89' lang='lat' dir='ltr'><strong>tilio</strong></span> <span class='ocrx_word' id='word_1_36' title='bbox 255 561 335 622; x_wconf 85' lang='lat' dir='ltr'><strong>Varo</strong></span> <span class='ocrx_word' id='word_1_37' title='bbox 351 561 500 639; x_wconf 73' lang='lat' dir='ltr'><strong>optinente</strong></span> <span class='ocrx_word' id='word_1_38' title='bbox 515 558 626 620; x_wconf 83' lang='lat' dir='ltr'><strong>Suriam</strong></span> <span class='ocrx_word' id='word_1_39' title='bbox 642 561 774 638; x_wconf 88' lang='lat' dir='ltr'><strong>punitus,</strong></span> <span class='ocrx_word' id='word_1_40' title='bbox 797 566 826 619; x_wconf 92' lang='lat' dir='ltr'><strong>et</strong></span> <span class='ocrx_word' id='word_1_41' title='bbox 841 567 958 637; x_wconf 77' lang='lat' dir='ltr'><strong>gentem</strong></span> <span class='ocrx_word' id='word_1_42' title='bbox 975 557 1143 619; x_wconf 77' lang='lat' dir='ltr'><strong>coercitam</strong></span> <span class='ocrx_word' id='word_1_43' title='bbox 1161 557 1196 616; x_wconf 90' lang='lat' dir='ltr'><strong>li·</strong></span> <span class='ocrx_word' id='word_1_44' title='bbox 1239 554 1240 640; x_wconf 70' lang='lat' dir='ltr'><strong>l</strong></span> 
     </span>
     <span class='ocr_line' id='line_1_6' title="bbox 177 640 1198 724; baseline -0.008 -16"><span class='ocrx_word' id='word_1_45' title='bbox 177 647 242 708; x_wconf 90' lang='lat' dir='ltr'><strong>beri</strong></span> <span class='ocrx_word' id='word_1_46' title='bbox 256 642 383 706; x_wconf 88' lang='lat' dir='ltr'><strong>llerodis</strong></span> <span class='ocrx_word' id='word_1_47' title='bbox 399 644 544 723; x_wconf 87' lang='lat' dir='ltr'><strong>tripertito</strong></span> <span class='ocrx_word' id='word_1_48' title='bbox 558 660 674 703; x_wconf 85' lang='lat' dir='ltr'><strong>rexere.</strong></span> <span class='ocrx_word' id='word_1_49' title='bbox 704 642 758 704; x_wconf 91' lang='lat' dir='ltr'><strong>sub</strong></span> <span class='ocrx_word' id='word_1_50' title='bbox 773 640 892 703; x_wconf 87' lang='lat' dir='ltr'><strong>&#39;liberio</strong></span> <span class='ocrx_word' id='word_1_51' title='bbox 907 642 999 724; x_wconf 89' lang='lat' dir='ltr'><strong>quies.</strong></span> <span class='ocrx_word' id='word_1_52' title='bbox 1029 641 1099 702; x_wconf 89' lang='lat' dir='ltr'><strong>dein</strong></span> <span class='ocrx_word' id='word_1_53' title='bbox 1116 643 1198 702; x_wconf 87' lang='lat' dir='ltr'><strong>iussi</strong></span> 
     </span>
     <span class='ocr_line' id='line_1_7' title="bbox 178 725 1198 807; baseline -0.008 -15"><span class='ocrx_word' id='word_1_54' title='bbox 178 750 195 792; x_wconf 88' lang='lat' dir='ltr'><strong>a</strong></span> <span class='ocrx_word' id='word_1_55' title='bbox 211 729 283 793; x_wconf 83' lang='lat' dir='ltr'><strong>Gaio</strong></span> <span class='ocrx_word' id='word_1_56' title='bbox 301 727 429 790; x_wconf 78' lang='lat' dir='ltr'><strong>Caesme</strong></span> <span class='ocrx_word' id='word_1_57' title='bbox 450 727 579 804; x_wconf 73' lang='lat' dir='ltr'><strong>effigiem</strong></span> <span class='ocrx_word' id='word_1_58' title='bbox 599 729 662 788; x_wconf 85' lang='lat' dir='ltr'><strong>eius</strong></span> <span class='ocrx_word' id='word_1_59' title='bbox 685 726 844 807; x_wconf 88' lang='lat' dir='ltr'><strong>intemplo</strong></span> <span class='ocrx_word' id='word_1_60' title='bbox 867 725 970 789; x_wconf 88' lang='lat' dir='ltr'><strong>locare</strong></span> <span class='ocrx_word' id='word_1_61' title='bbox 992 743 1072 787; x_wconf 74' lang='lat' dir='ltr'><strong>mma</strong></span> <span class='ocrx_word' id='word_1_62' title='bbox 1087 728 1198 806; x_wconf 91' lang='lat' dir='ltr'><strong>potius</strong></span> 
     </span>
     <span class='ocr_line' id='line_1_8' title="bbox 178 808 1195 892; baseline -0.004 -18"><span class='ocrx_word' id='word_1_63' title='bbox 178 831 349 892; x_wconf 88' lang='lat' dir='ltr'><strong>sumpsere,</strong></span> <span class='ocrx_word' id='word_1_64' title='bbox 373 829 458 891; x_wconf 88' lang='lat' dir='ltr'><strong>quern</strong></span> <span class='ocrx_word' id='word_1_65' title='bbox 480 819 588 872; x_wconf 87' lang='lat' dir='ltr'><strong>motum</strong></span> <span class='ocrx_word' id='word_1_66' title='bbox 609 809 744 872; x_wconf 74' lang='lat' dir='ltr'><strong>Caesaris</strong></span> <span class='ocrx_word' id='word_1_67' title='bbox 767 825 847 872; x_wconf 88' lang='lat' dir='ltr'><strong>mors</strong></span> <span class='ocrx_word' id='word_1_68' title='bbox 873 810 995 872; x_wconf 80' lang='lat' dir='ltr'><strong>diremit.</strong></span> <span class='ocrx_word' id='word_1_69' title='bbox 1034 808 1195 886; x_wconf 80' lang='lat' dir='ltr'><strong>claudius,</strong></span> 
     </span>
     <span class='ocr_line' id='line_1_9' title="bbox 142 893 1195 973; baseline -0.007 -14"><span class='ocrx_word' id='word_1_70' title='bbox 142 917 169 960; x_wconf 81' lang='lat' dir='ltr'><strong>rr</strong></span> <span class='ocrx_word' id='word_1_71' title='bbox 181 897 325 959; x_wconf 78' lang='lat' dir='ltr'><strong>defunctis</strong></span> <span class='ocrx_word' id='word_1_72' title='bbox 338 894 459 972; x_wconf 79' lang='lat' dir='ltr'><strong>regibus</strong></span> <span class='ocrx_word' id='word_1_73' title='bbox 480 903 528 956; x_wconf 88' lang='lat' dir='ltr'><strong>ant</strong></span> <span class='ocrx_word' id='word_1_74' title='bbox 544 895 580 956; x_wconf 92' lang='lat' dir='ltr'><strong>ad</strong></span> <span class='ocrx_word' id='word_1_75' title='bbox 594 894 738 956; x_wconf 88' lang='lat' dir='ltr'><strong>modicum</strong></span> <span class='ocrx_word' id='word_1_76' title='bbox 752 895 897 972; x_wconf 88' lang='lat' dir='ltr'><strong>redactis,</strong></span> <span class='ocrx_word' id='word_1_77' title='bbox 917 893 1053 956; x_wconf 87' lang='lat' dir='ltr'><strong>iudaeam</strong></span> <span class='ocrx_word' id='word_1_78' title='bbox 1068 895 1195 973; x_wconf 81' lang='lat' dir='ltr'><strong>provin·</strong></span> 
     </span>
     <span class='ocr_line' id='line_1_10' title="bbox 177 975 1195 1141; baseline -0.005 -15"><span class='ocrx_word' id='word_1_79' title='bbox 177 977 989 1141; x_wconf 58' lang='lat' dir='ltr'><strong>tmisttil&#39;tlt‘ilt‘illiti‘ettilo</strong></span> <span class='ocrx_word' id='word_1_80' title='bbox 1008 975 1195 1140; x_wconf 58' lang='lat' dir='ltr'><strong>illidi</strong></span> 
     </span>
     <span class='ocr_line' id='line_1_11' title="bbox 178 1145 1194 1226; baseline -0.002 -18"><span class='ocrx_word' id='word_1_81' title='bbox 178 1146 283 1226; x_wconf 76' lang='lat' dir='ltr'><strong>servili¹</strong></span> <span class='ocrx_word' id='word_1_82' title='bbox 295 1147 413 1223; x_wconf 79' lang='lat' dir='ltr'><strong>ingenio</strong></span> <span class='ocrx_word' id='word_1_83' title='bbox 429 1148 572 1223; x_wconf 81' lang='lat' dir='ltr'><strong>exercuit,</strong></span> <span class='ocrx_word' id='word_1_84' title='bbox 584 1145 712 1210; x_wconf 74' lang='lat' dir='ltr'><strong>Drusilla</strong></span> <span class='ocrx_word' id='word_1_85' title='bbox 728 1146 905 1226; x_wconf 78' lang='lat' dir='ltr'><strong>Cleopatrae</strong></span> <span class='ocrx_word' id='word_1_86' title='bbox 920 1155 950 1206; x_wconf 94' lang='lat' dir='ltr'><strong>et</strong></span> <span class='ocrx_word' id='word_1_87' title='bbox 959 1145 1081 1207; x_wconf 74' lang='lat' dir='ltr'><strong>Antonii</strong></span> <span class='ocrx_word' id='word_1_88' title='bbox 1099 1154 1194 1226; x_wconf 87' lang='lat' dir='ltr'><strong>nepte</strong></span> 
     </span>
     <span class='ocr_line' id='line_1_12' title="bbox 179 1227 1241 1310; baseline -0.001 -20"><span class='ocrx_word' id='word_1_89' title='bbox 179 1234 208 1292; x_wconf 91' lang='lat' dir='ltr'><strong>in</strong></span> <span class='ocrx_word' id='word_1_90' title='bbox 222 1231 432 1292; x_wconf 76' lang='lat' dir='ltr'><strong>matrimonium</strong></span> <span class='ocrx_word' id='word_1_91' title='bbox 447 1239 585 1310; x_wconf 85' lang='lat' dir='ltr'><strong>accepta,</strong></span> <span class='ocrx_word' id='word_1_92' title='bbox 600 1240 631 1291; x_wconf 92' lang='lat' dir='ltr'><strong>nt</strong></span> <span class='ocrx_word' id='word_1_93' title='bbox 649 1231 779 1294; x_wconf 89' lang='lat' dir='ltr'><strong>eiusdem</strong></span> <span class='ocrx_word' id='word_1_94' title='bbox 789 1230 909 1292; x_wconf 81' lang='lat' dir='ltr'><strong>Antonii</strong></span> <span class='ocrx_word' id='word_1_95' title='bbox 923 1227 1010 1292; x_wconf 81' lang='lat' dir='ltr'><strong>Felix</strong></span> <span class='ocrx_word' id='word_1_96' title='bbox 1024 1247 1186 1310; x_wconf 83' lang='lat' dir='ltr'><strong>progener,</strong></span> <span class='ocrx_word' id='word_1_97' title='bbox 1240 1235 1241 1242; x_wconf 75' lang='grc'>’</span> 
     </span>
     <span class='ocr_line' id='line_1_13' title="bbox 143 1313 538 1396; baseline -0.015 -16"><span class='ocrx_word' id='word_1_98' title='bbox 143 1338 176 1396; x_wconf 75' lang='lat' dir='ltr'><strong>ro</strong></span> <span class='ocrx_word' id='word_1_99' title='bbox 183 1313 321 1377; x_wconf 81' lang='lat' dir='ltr'><strong>Claudius</strong></span> <span class='ocrx_word' id='word_1_100' title='bbox 336 1331 431 1393; x_wconf 88' lang='lat' dir='ltr'><strong>nepos</strong></span> <span class='ocrx_word' id='word_1_101' title='bbox 448 1323 538 1375; x_wconf 90' lang='lat' dir='ltr'><strong>esset.</strong></span> 
     </span>
    </p>

    <p class='ocr_par' dir='ltr' id='par_1_3' title="bbox 180 1395 1242 1731">
     <span class='ocr_line' id='line_1_14' title="bbox 247 1395 1189 1478; baseline -0.005 -18"><span class='ocrx_word' id='word_1_102' title='bbox 247 1399 296 1460; x_wconf 88' lang='lat'><strong>10.</strong></span> <span class='ocrx_word' id='word_1_103' title='bbox 318 1397 441 1458; x_wconf 82' lang='lat' dir='ltr'><strong>Duravit</strong></span> <span class='ocrx_word' id='word_1_104' title='bbox 466 1407 561 1459; x_wconf 88' lang='lat' dir='ltr'><strong>tamen</strong></span> <span class='ocrx_word' id='word_1_105' title='bbox 582 1401 720 1478; x_wconf 89' lang='lat' dir='ltr'><strong>patientia</strong></span> <span class='ocrx_word' id='word_1_106' title='bbox 741 1398 856 1460; x_wconf 85' lang='lat' dir='ltr'><strong>ludaeis</strong></span> <span class='ocrx_word' id='word_1_107' title='bbox 878 1416 969 1478; x_wconf 89' lang='lat' dir='ltr'><strong>usque</strong></span> <span class='ocrx_word' id='word_1_108' title='bbox 993 1397 1030 1460; x_wconf 90' lang='lat' dir='ltr'><strong>ad</strong></span> <span class='ocrx_word' id='word_1_109' title='bbox 1053 1395 1189 1458; x_wconf 83' lang='lat' dir='ltr'><strong>Gessium</strong></span> 
     </span>
     <span class='ocr_line' id='line_1_15' title="bbox 180 1482 1190 1562; baseline -0.004 -18"><span class='ocrx_word' id='word_1_110' title='bbox 180 1484 300 1545; x_wconf 82' lang='lat' dir='ltr'><strong>Florum</strong></span> <span class='ocrx_word' id='word_1_111' title='bbox 313 1492 552 1562; x_wconf 69' lang='lat' dir='ltr'><strong>procuratorem:</strong></span> <span class='ocrx_word' id='word_1_112' title='bbox 568 1482 622 1544; x_wconf 91' lang='lat' dir='ltr'><strong>sub</strong></span> <span class='ocrx_word' id='word_1_113' title='bbox 638 1501 675 1544; x_wconf 93' lang='lat' dir='ltr'><strong>eo</strong></span> <span class='ocrx_word' id='word_1_114' title='bbox 690 1483 798 1544; x_wconf 90' lang='lat' dir='ltr'><strong>bellurn</strong></span> <span class='ocrx_word' id='word_1_115' title='bbox 814 1492 916 1543; x_wconf 87' lang='lat' dir='ltr'><strong>ortum.</strong></span> <span class='ocrx_word' id='word_1_116' title='bbox 947 1490 976 1544; x_wconf 86' lang='lat' dir='ltr'><strong>et</strong></span> <span class='ocrx_word' id='word_1_117' title='bbox 991 1483 1190 1560; x_wconf 80' lang='lat' dir='ltr'><strong>comprimere</strong></span> 
     </span>
     <span class='ocr_line' id='line_1_16' title="bbox 182 1564 1242 1646; baseline -0.008 -18"><span class='ocrx_word' id='word_1_118' title='bbox 182 1575 368 1646; x_wconf 77' lang='lat' dir='ltr'><strong>coeptantem</strong></span> <span class='ocrx_word' id='word_1_119' title='bbox 383 1564 511 1626; x_wconf 82' lang='lat' dir='ltr'><strong>Cestium</strong></span> <span class='ocrx_word' id='word_1_120' title='bbox 529 1565 641 1628; x_wconf 75' lang='lat' dir='ltr'><strong>(lullum</strong></span> <span class='ocrx_word' id='word_1_121' title='bbox 657 1569 759 1628; x_wconf 89' lang='lat' dir='ltr'><strong>Suriae</strong></span> <span class='ocrx_word' id='word_1_122' title='bbox 780 1567 910 1645; x_wconf 82' lang='lat' dir='ltr'><strong>legatum</strong></span> <span class='ocrx_word' id='word_1_123' title='bbox 928 1565 1008 1628; x_wconf 86' lang='lat' dir='ltr'><strong>varia</strong></span> <span class='ocrx_word' id='word_1_124' title='bbox 1024 1564 1144 1644; x_wconf 90' lang='lat' dir='ltr'><strong>proelia</strong></span> <span class='ocrx_word' id='word_1_125' title='bbox 1159 1583 1191 1625; x_wconf 89' lang='lat' dir='ltr'><strong>ac</strong></span> <span class='ocrx_word' id='word_1_126' title='bbox 1241 1573 1242 1620; x_wconf 62' lang='grc'><strong>1</strong></span> 
     </span>
     <span class='ocr_line' id='line_1_17' title="bbox 182 1648 1192 1731; baseline -0.004 -19"><span class='ocrx_word' id='word_1_127' title='bbox 182 1651 300 1730; x_wconf 81' lang='lat' dir='ltr'><strong>caepim</strong></span> <span class='ocrx_word' id='word_1_128' title='bbox 325 1648 450 1711; x_wconf 82' lang='lat' dir='ltr'><strong>adversa</strong></span> <span class='ocrx_word' id='word_1_129' title='bbox 471 1668 630 1729; x_wconf 82' lang='lat' dir='ltr'><strong>excepere.</strong></span> <span class='ocrx_word' id='word_1_130' title='bbox 670 1653 718 1731; x_wconf 80' lang='lat' dir='ltr'><strong>qui</strong></span> <span class='ocrx_word' id='word_1_131' title='bbox 738 1651 787 1711; x_wconf 90' lang='lat' dir='ltr'><strong>ubi</strong></span> <span class='ocrx_word' id='word_1_132' title='bbox 808 1652 869 1711; x_wconf 85' lang='lat' dir='ltr'><strong>into</strong></span> <span class='ocrx_word' id='word_1_133' title='bbox 886 1659 934 1710; x_wconf 90' lang='lat' dir='ltr'><strong>ant</strong></span> <span class='ocrx_word' id='word_1_134' title='bbox 952 1649 1050 1710; x_wconf 90' lang='lat' dir='ltr'><strong>taedio</strong></span> <span class='ocrx_word' id='word_1_135' title='bbox 1067 1649 1192 1726; x_wconf 85' lang='lat' dir='ltr'><strong>occidit,</strong></span> 
     </span>
    </p>

    <p class='ocr_par' dir='ltr' id='par_1_4' title="bbox 153 1733 1194 2152">
     <span class='ocr_line' id='line_1_18' title="bbox 153 1733 1194 1814; baseline -0.01 -13"><span class='ocrx_word' id='word_1_136' title='bbox 153 1737 270 1801; x_wconf 82' lang='lat' dir='ltr'><strong>amissu</strong></span> <span class='ocrx_word' id='word_1_137' title='bbox 291 1733 418 1794; x_wconf 86' lang='lat' dir='ltr'><strong>Neronis</strong></span> <span class='ocrx_word' id='word_1_138' title='bbox 443 1735 642 1812; x_wconf 84' lang='lat' dir='ltr'><strong>Vespasianus</strong></span> <span class='ocrx_word' id='word_1_139' title='bbox 660 1736 775 1796; x_wconf 81' lang='lat' dir='ltr'><strong>fortuna</strong></span> <span class='ocrx_word' id='word_1_140' title='bbox 790 1735 924 1814; x_wconf 75' lang='lat' dir='ltr'><strong>ternaque</strong></span> <span class='ocrx_word' id='word_1_141' title='bbox 943 1741 973 1793; x_wconf 92' lang='lat' dir='ltr'><strong>et</strong></span> <span class='ocrx_word' id='word_1_142' title='bbox 992 1733 1126 1812; x_wconf 75' lang='lat' dir='ltr'><strong>egregiis</strong></span> <span class='ocrx_word' id='word_1_143' title='bbox 1142 1735 1194 1810; x_wconf 74' lang='lat' dir='ltr'><strong>nni·</strong></span> 
     </span>
     <span class='ocr_line' id='line_1_19' title="bbox 181 1817 1192 1899; baseline -0.002 -21"><span class='ocrx_word' id='word_1_144' title='bbox 181 1819 280 1878; x_wconf 85' lang='lat' dir='ltr'><strong>cistris</strong></span> <span class='ocrx_word' id='word_1_145' title='bbox 293 1819 367 1877; x_wconf 87' lang='lat' dir='ltr'><strong>intra</strong></span> <span class='ocrx_word' id='word_1_146' title='bbox 383 1817 455 1879; x_wconf 85' lang='lat' dir='ltr'><strong>duas</strong></span> <span class='ocrx_word' id='word_1_147' title='bbox 478 1826 605 1880; x_wconf 71' lang='lat' dir='ltr'><strong>ansatos</strong></span> <span class='ocrx_word' id='word_1_148' title='bbox 626 1827 728 1880; x_wconf 89' lang='lat' dir='ltr'><strong>cuncta</strong></span> <span class='ocrx_word' id='word_1_149' title='bbox 746 1835 913 1897; x_wconf 89' lang='lat' dir='ltr'><strong>camporum</strong></span> <span class='ocrx_word' id='word_1_150' title='bbox 927 1835 1087 1899; x_wconf 89' lang='lat' dir='ltr'><strong>omnesque</strong></span> <span class='ocrx_word' id='word_1_151' title='bbox 1103 1833 1192 1895; x_wconf 89' lang='lat' dir='ltr'><strong>prae·</strong></span> 
     </span>
     <span class='ocr_line' id='line_1_20' title="bbox 181 1900 1192 1981; baseline -0.003 -19"><span class='ocrx_word' id='word_1_152' title='bbox 181 1911 227 1962; x_wconf 89' lang='lat' dir='ltr'><strong>ter</strong></span> <span class='ocrx_word' id='word_1_153' title='bbox 249 1900 455 1977; x_wconf 77' lang='lat' dir='ltr'><strong>Hierosolyma</strong></span> <span class='ocrx_word' id='word_1_154' title='bbox 479 1900 568 1963; x_wconf 90' lang='lat' dir='ltr'><strong>urbes</strong></span> <span class='ocrx_word' id='word_1_155' title='bbox 589 1904 702 1964; x_wconf 83' lang='lat' dir='ltr'><strong>victore</strong></span> <span class='ocrx_word' id='word_1_156' title='bbox 724 1905 857 1964; x_wconf 81' lang='lat' dir='ltr'><strong>exercitu</strong></span> <span class='ocrx_word' id='word_1_157' title='bbox 878 1900 1005 1963; x_wconf 89' lang='lat' dir='ltr'><strong>tenebat.</strong></span> <span class='ocrx_word' id='word_1_158' title='bbox 1036 1901 1192 1981; x_wconf 87' lang='lat' dir='ltr'><strong>proximus</strong></span> 
     </span>
     <span class='ocr_line' id='line_1_21' title="bbox 182 1983 1191 2067; baseline -0.004 -20"><span class='ocrx_word' id='word_1_159' title='bbox 182 2002 275 2047; x_wconf 86' lang='lat' dir='ltr'><strong>annus</strong></span> <span class='ocrx_word' id='word_1_160' title='bbox 294 1984 372 2045; x_wconf 83' lang='lat' dir='ltr'><strong>civili</strong></span> <span class='ocrx_word' id='word_1_161' title='bbox 398 1983 479 2046; x_wconf 89' lang='lat' dir='ltr'><strong>bello</strong></span> <span class='ocrx_word' id='word_1_162' title='bbox 508 1987 635 2048; x_wconf 87' lang='lat' dir='ltr'><strong>intentus</strong></span> <span class='ocrx_word' id='word_1_163' title='bbox 657 1997 792 2067; x_wconf 84' lang='lat' dir='ltr'><strong>quantum</strong></span> <span class='ocrx_word' id='word_1_164' title='bbox 814 1987 849 2047; x_wconf 91' lang='lat' dir='ltr'><strong>ad</strong></span> <span class='ocrx_word' id='word_1_165' title='bbox 870 1983 996 2047; x_wconf 89' lang='lat' dir='ltr'><strong>ludaeos</strong></span> <span class='ocrx_word' id='word_1_166' title='bbox 1020 2003 1075 2065; x_wconf 89' lang='lat' dir='ltr'><strong>per</strong></span> <span class='ocrx_word' id='word_1_167' title='bbox 1100 1986 1191 2045; x_wconf 88' lang='lat' dir='ltr'><strong>otium</strong></span> 
     </span>
     <span class='ocr_line' id='line_1_22' title="bbox 182 2068 1189 2152; baseline -0.002 -22"><span class='ocrx_word' id='word_1_168' title='bbox 182 2069 304 2130; x_wconf 88' lang='lat' dir='ltr'><strong>transiit.</strong></span> <span class='ocrx_word' id='word_1_169' title='bbox 343 2084 418 2146; x_wconf 85' lang='lat' dir='ltr'><strong>pace</strong></span> <span class='ocrx_word' id='word_1_170' title='bbox 441 2084 496 2146; x_wconf 89' lang='lat' dir='ltr'><strong>per</strong></span> <span class='ocrx_word' id='word_1_171' title='bbox 520 2072 632 2130; x_wconf 88' lang='lat' dir='ltr'><strong>ltaliam</strong></span> <span class='ocrx_word' id='word_1_172' title='bbox 655 2077 738 2152; x_wconf 71' lang='lat' dir='ltr'><strong>parta</strong></span> <span class='ocrx_word' id='word_1_173' title='bbox 765 2079 907 2131; x_wconf 87' lang='lat' dir='ltr'><strong>externae</strong></span> <span class='ocrx_word' id='word_1_174' title='bbox 935 2083 1023 2129; x_wconf 90' lang='lat' dir='ltr'><strong>curae</strong></span> <span class='ocrx_word' id='word_1_175' title='bbox 1053 2068 1189 2128; x_wconf 90' lang='lat' dir='ltr'><strong>rediere:</strong></span> 
     </span>
    </p>

    <p class='ocr_par' dir='ltr' id='par_1_5' title="bbox 147 2152 1192 2382">
     <span class='ocr_line' id='line_1_23' title="bbox 147 2152 1192 2232; baseline -0.002 -18"><span class='ocrx_word' id='word_1_176' title='bbox 147 2152 310 2230; x_wconf 76' lang='lat' dir='ltr'><strong>rcaugebat</strong></span> <span class='ocrx_word' id='word_1_177' title='bbox 324 2153 383 2212; x_wconf 85' lang='lat' dir='ltr'><strong>iras</strong></span> <span class='ocrx_word' id='word_1_178' title='bbox 399 2153 477 2232; x_wconf 89' lang='lat' dir='ltr'><strong>quod</strong></span> <span class='ocrx_word' id='word_1_179' title='bbox 501 2154 558 2214; x_wconf 84' lang='lat' dir='ltr'><strong>soli</strong></span> <span class='ocrx_word' id='word_1_180' title='bbox 573 2153 673 2216; x_wconf 90' lang='lat' dir='ltr'><strong>ludaei</strong></span> <span class='ocrx_word' id='word_1_181' title='bbox 688 2171 746 2214; x_wconf 93' lang='lat' dir='ltr'><strong>non</strong></span> <span class='ocrx_word' id='word_1_182' title='bbox 768 2156 942 2223; x_wconf 87' lang='lat' dir='ltr'><strong>cessissent;</strong></span> <span class='ocrx_word' id='word_1_183' title='bbox 965 2153 1048 2214; x_wconf 90' lang='lat' dir='ltr'><strong>sirnul</strong></span> <span class='ocrx_word' id='word_1_184' title='bbox 1069 2169 1192 2212; x_wconf 88' lang='lat' dir='ltr'><strong>manere</strong></span> 
     </span>
     <span class='ocr_line' id='line_1_24' title="bbox 183 2236 1190 2318; baseline 0.001 -21"><span class='ocrx_word' id='word_1_185' title='bbox 183 2236 261 2317; x_wconf 88' lang='lat' dir='ltr'><strong>apud</strong></span> <span class='ocrx_word' id='word_1_186' title='bbox 277 2239 425 2298; x_wconf 86' lang='lat' dir='ltr'><strong>exereitus</strong></span> <span class='ocrx_word' id='word_1_187' title='bbox 440 2237 542 2312; x_wconf 55' lang='lat' dir='ltr'><strong>Titum,</strong></span> <span class='ocrx_word' id='word_1_188' title='bbox 556 2237 591 2298; x_wconf 84' lang='lat' dir='ltr'><strong>ad</strong></span> <span class='ocrx_word' id='word_1_189' title='bbox 606 2256 707 2298; x_wconf 86' lang='lat' dir='ltr'><strong>ornnes</strong></span> <span class='ocrx_word' id='word_1_190' title='bbox 723 2240 900 2318; x_wconf 85' lang='lat' dir='ltr'><strong>principatus</strong></span> <span class='ocrx_word' id='word_1_191' title='bbox 918 2240 988 2299; x_wconf 89' lang='lat' dir='ltr'><strong>novi</strong></span> <span class='ocrx_word' id='word_1_192' title='bbox 1004 2245 1126 2300; x_wconf 84' lang='lat' dir='ltr'><strong>eventus</strong></span> <span class='ocrx_word' id='word_1_193' title='bbox 1144 2255 1190 2298; x_wconf 89' lang='lat' dir='ltr'><strong>ca·</strong></span> 
     </span>
     <span class='ocr_line' id='line_1_25' title="bbox 182 2319 534 2382; baseline -0.006 0"><span class='ocrx_word' id='word_1_194' title='bbox 182 2339 271 2382; x_wconf 88' lang='lat' dir='ltr'><strong>eusve</strong></span> <span class='ocrx_word' id='word_1_195' title='bbox 287 2319 357 2380; x_wconf 87' lang='lat' dir='ltr'><strong>utile</strong></span> <span class='ocrx_word' id='word_1_196' title='bbox 372 2320 534 2381; x_wconf 86' lang='lat' dir='ltr'><strong>videbatur.</strong></span> 
     </span>
    </p>

    <p class='ocr_par' dir='ltr' id='par_1_6' title="bbox 182 2402 1190 2739">
     <span class='ocr_line' id='line_1_26' title="bbox 248 2402 1190 2484; baseline 0 -20"><span class='ocrx_word' id='word_1_197' title='bbox 248 2405 297 2464; x_wconf 91' lang='grc'><strong>11.</strong></span> <span class='ocrx_word' id='word_1_198' title='bbox 319 2402 412 2482; x_wconf 73' lang='lat' dir='ltr'><strong>igitur</strong></span> <span class='ocrx_word' id='word_1_199' title='bbox 433 2406 553 2483; x_wconf 87' lang='lat' dir='ltr'><strong>castris,</strong></span> <span class='ocrx_word' id='word_1_200' title='bbox 573 2405 613 2466; x_wconf 86' lang='lat' dir='ltr'><strong>uti</strong></span> <span class='ocrx_word' id='word_1_201' title='bbox 634 2405 775 2484; x_wconf 84' lang='lat' dir='ltr'><strong>diximus,</strong></span> <span class='ocrx_word' id='word_1_202' title='bbox 796 2415 863 2466; x_wconf 87' lang='lat' dir='ltr'><strong>ante</strong></span> <span class='ocrx_word' id='word_1_203' title='bbox 885 2407 997 2468; x_wconf 89' lang='lat' dir='ltr'><strong>moenia</strong></span> <span class='ocrx_word' id='word_1_204' title='bbox 1017 2405 1190 2480; x_wconf 68' lang='lat' dir='ltr'><strong>Hierosoly·</strong></span> 
     </span>
     <span class='ocr_line' id='line_1_27' title="bbox 183 2487 1190 2567; baseline -0.002 -18"><span class='ocrx_word' id='word_1_205' title='bbox 183 2505 293 2550; x_wconf 89' lang='lat' dir='ltr'><strong>morum</strong></span> <span class='ocrx_word' id='word_1_206' title='bbox 309 2489 413 2567; x_wconf 87' lang='lat' dir='ltr'><strong>positis</strong></span> <span class='ocrx_word' id='word_1_207' title='bbox 428 2490 582 2549; x_wconf 78' lang='lat' dir='ltr'><strong>msuuctas</strong></span> <span class='ocrx_word' id='word_1_208' title='bbox 591 2489 728 2567; x_wconf 73' lang='lat' dir='ltr'><strong>legiones</strong></span> <span class='ocrx_word' id='word_1_209' title='bbox 740 2491 911 2552; x_wconf 74' lang='lat' dir='ltr'><strong>ostenmvit:</strong></span> <span class='ocrx_word' id='word_1_210' title='bbox 926 2487 1026 2552; x_wconf 89' lang='lat' dir='ltr'><strong>ludaei</strong></span> <span class='ocrx_word' id='word_1_211' title='bbox 1041 2488 1096 2550; x_wconf 88' lang='lat' dir='ltr'><strong>sub</strong></span> <span class='ocrx_word' id='word_1_212' title='bbox 1106 2490 1190 2567; x_wconf 88' lang='lat' dir='ltr'><strong>ipsos</strong></span> 
     </span>
     <span class='ocr_line' id='line_1_28' title="bbox 182 2572 1189 2653; baseline -0.001 -21"><span class='ocrx_word' id='word_1_213' title='bbox 182 2589 283 2632; x_wconf 87' lang='lat' dir='ltr'><strong>muros</strong></span> <span class='ocrx_word' id='word_1_214' title='bbox 301 2581 436 2632; x_wconf 82' lang='lat' dir='ltr'><strong>struxere</strong></span> <span class='ocrx_word' id='word_1_215' title='bbox 458 2574 566 2651; x_wconf 82' lang='lat' dir='ltr'><strong>aciem,</strong></span> <span class='ocrx_word' id='word_1_216' title='bbox 590 2572 678 2634; x_wconf 88' lang='lat' dir='ltr'><strong>rebus</strong></span> <span class='ocrx_word' id='word_1_217' title='bbox 699 2574 836 2635; x_wconf 89' lang='lat' dir='ltr'><strong>secundis</strong></span> <span class='ocrx_word' id='word_1_218' title='bbox 854 2575 971 2653; x_wconf 78' lang='lat' dir='ltr'><strong>longius</strong></span> <span class='ocrx_word' id='word_1_219' title='bbox 988 2575 1086 2635; x_wconf 87' lang='lat' dir='ltr'><strong>ausuri</strong></span> <span class='ocrx_word' id='word_1_220' title='bbox 1102 2581 1150 2650; x_wconf 87' lang='lat' dir='ltr'><strong>et,</strong></span> <span class='ocrx_word' id='word_1_221' title='bbox 1167 2574 1189 2632; x_wconf 89' lang='lat' dir='ltr'><strong>si</strong></span> 
     </span>
     <span class='ocr_line' id='line_1_29' title="bbox 184 2655 1189 2739; baseline 0.002 -23"><span class='ocrx_word' id='word_1_222' title='bbox 184 2655 383 2736; x_wconf 87' lang='lat' dir='ltr'><strong>pellerentur,</strong></span> <span class='ocrx_word' id='word_1_223' title='bbox 398 2667 501 2736; x_wconf 87' lang='lat' dir='ltr'><strong>parato</strong></span> <span class='ocrx_word' id='word_1_224' title='bbox 513 2657 662 2738; x_wconf 75' lang='lat' dir='ltr'><strong>perfugio.</strong></span> <span class='ocrx_word' id='word_1_225' title='bbox 685 2661 790 2720; x_wconf 86' lang='lat' dir='ltr'><strong>missus</strong></span> <span class='ocrx_word' id='word_1_226' title='bbox 805 2659 834 2718; x_wconf 90' lang='lat' dir='ltr'><strong>in</strong></span> <span class='ocrx_word' id='word_1_227' title='bbox 849 2677 901 2719; x_wconf 92' lang='lat' dir='ltr'><strong>eos</strong></span> <span class='ocrx_word' id='word_1_228' title='bbox 917 2676 1008 2739; x_wconf 84' lang='lat' dir='ltr'><strong>eques</strong></span> <span class='ocrx_word' id='word_1_229' title='bbox 1021 2675 1086 2718; x_wconf 88' lang='lat' dir='ltr'><strong>curn</strong></span> <span class='ocrx_word' id='word_1_230' title='bbox 1099 2676 1189 2737; x_wconf 85' lang='lat' dir='ltr'><strong>expe-</strong></span> 
     </span>
    </p>

    <p class='ocr_par' dir='ltr' id='par_1_7' title="bbox 159 2739 1243 3160">
     <span class='ocr_line' id='line_1_30' title="bbox 159 2739 1190 2820; baseline 0.002 -20"><span class='ocrx_word' id='word_1_231' title='bbox 159 2739 253 2800; x_wconf 88' lang='lat' dir='ltr'><strong>sditis</strong></span> <span class='ocrx_word' id='word_1_232' title='bbox 274 2740 442 2802; x_wconf 81' lang='lat' dir='ltr'><strong>cohortibus</strong></span> <span class='ocrx_word' id='word_1_233' title='bbox 466 2740 602 2820; x_wconf 79' lang='lat' dir='ltr'><strong>ambigue</strong></span> <span class='ocrx_word' id='word_1_234' title='bbox 623 2743 760 2812; x_wconf 82' lang='lat' dir='ltr'><strong>certarit;</strong></span> <span class='ocrx_word' id='word_1_235' title='bbox 789 2760 858 2803; x_wconf 86' lang='lat' dir='ltr'><strong>mox</strong></span> <span class='ocrx_word' id='word_1_236' title='bbox 882 2761 1002 2804; x_wconf 86' lang='lat' dir='ltr'><strong>cessere</strong></span> <span class='ocrx_word' id='word_1_237' title='bbox 1023 2741 1140 2818; x_wconf 88' lang='lat' dir='ltr'><strong>hostes,</strong></span> <span class='ocrx_word' id='word_1_238' title='bbox 1163 2751 1190 2802; x_wconf 89' lang='lat' dir='ltr'><strong>et</strong></span> 
     </span>
     <span class='ocr_line' id='line_1_31' title="bbox 185 2824 1190 2907; baseline 0.003 -24"><span class='ocrx_word' id='word_1_239' title='bbox 185 2824 374 2904; x_wconf 88' lang='lat' dir='ltr'><strong>sequentibus</strong></span> <span class='ocrx_word' id='word_1_240' title='bbox 390 2824 492 2887; x_wconf 90' lang='lat' dir='ltr'><strong>diebus</strong></span> <span class='ocrx_word' id='word_1_241' title='bbox 505 2826 609 2887; x_wconf 89' lang='lat' dir='ltr'><strong>crebra</strong></span> <span class='ocrx_word' id='word_1_242' title='bbox 623 2845 677 2907; x_wconf 93' lang='lat' dir='ltr'><strong>pro</strong></span> <span class='ocrx_word' id='word_1_243' title='bbox 692 2827 785 2906; x_wconf 89' lang='lat' dir='ltr'><strong>portis</strong></span> <span class='ocrx_word' id='word_1_244' title='bbox 797 2826 910 2905; x_wconf 88' lang='lat' dir='ltr'><strong>proelia</strong></span> <span class='ocrx_word' id='word_1_245' title='bbox 927 2825 1079 2904; x_wconf 86' lang='lat' dir='ltr'><strong>serebant,</strong></span> <span class='ocrx_word' id='word_1_246' title='bbox 1095 2825 1190 2886; x_wconf 90' lang='lat' dir='ltr'><strong>donee</strong></span> 
     </span>
     <span class='ocr_line' id='line_1_32' title="bbox 186 2907 1189 2990; baseline 0 -21"><span class='ocrx_word' id='word_1_247' title='bbox 186 2907 312 2969; x_wconf 80' lang='lat' dir='ltr'><strong>adsiduis</strong></span> <span class='ocrx_word' id='word_1_248' title='bbox 325 2908 435 2971; x_wconf 87' lang='lat' dir='ltr'><strong>damnis</strong></span> <span class='ocrx_word' id='word_1_249' title='bbox 449 2911 522 2971; x_wconf 86' lang='lat' dir='ltr'><strong>intre</strong></span> <span class='ocrx_word' id='word_1_250' title='bbox 537 2912 651 2972; x_wconf 89' lang='lat' dir='ltr'><strong>moenia</strong></span> <span class='ocrx_word' id='word_1_251' title='bbox 666 2911 855 2990; x_wconf 88' lang='lat' dir='ltr'><strong>pellerentur.</strong></span> <span class='ocrx_word' id='word_1_252' title='bbox 886 2910 1007 2972; x_wconf 85' lang='lat' dir='ltr'><strong>Romani</strong></span> <span class='ocrx_word' id='word_1_253' title='bbox 1022 2910 1058 2971; x_wconf 86' lang='lat' dir='ltr'><strong>ad</strong></span> <span class='ocrx_word' id='word_1_254' title='bbox 1076 2909 1189 2990; x_wconf 86' lang='lat' dir='ltr'><strong>obpug-</strong></span> 
     </span>
     <span class='ocr_line' id='line_1_33' title="bbox 185 2991 1243 3074; baseline 0.001 -22"><span class='ocrx_word' id='word_1_255' title='bbox 185 2991 309 3053; x_wconf 89' lang='lat' dir='ltr'><strong>nandum</strong></span> <span class='ocrx_word' id='word_1_256' title='bbox 322 2994 416 3063; x_wconf 82' lang='lat' dir='ltr'><strong>uersi;</strong></span> <span class='ocrx_word' id='word_1_257' title='bbox 438 3012 536 3074; x_wconf 89' lang='lat' dir='ltr'><strong>neque</strong></span> <span class='ocrx_word' id='word_1_258' title='bbox 551 2995 635 3055; x_wconf 88' lang='lat' dir='ltr'><strong>enirn·</strong></span> <span class='ocrx_word' id='word_1_259' title='bbox 646 2995 762 3074; x_wconf 77' lang='lat' dir='ltr'><strong>dignum</strong></span> <span class='ocrx_word' id='word_1_260' title='bbox 776 2995 930 3056; x_wconf 87' lang='lat' dir='ltr'><strong>videbatur</strong></span> <span class='ocrx_word' id='word_1_261' title='bbox 944 2995 1049 3057; x_wconf 87' lang='lat' dir='ltr'><strong>iamern</strong></span> <span class='ocrx_word' id='word_1_262' title='bbox 1065 2993 1188 3056; x_wconf 85' lang='lat' dir='ltr'><strong>bostium</strong></span> <span class='ocrx_word' id='word_1_263' title='bbox 1242 3019 1243 3024; x_wconf 43' lang='lat'>¹</span> 
     </span>
     <span class='ocr_line' id='line_1_34' title="bbox 186 3076 1189 3160; baseline -0.002 -21"><span class='ocrx_word' id='word_1_264' title='bbox 186 3077 330 3156; x_wconf 90' lang='lat' dir='ltr'><strong>opperiri,</strong></span> <span class='ocrx_word' id='word_1_265' title='bbox 350 3076 573 3157; x_wconf 86' lang='lat' dir='ltr'><strong>poscebantque</strong></span> <span class='ocrx_word' id='word_1_266' title='bbox 588 3080 733 3160; x_wconf 87' lang='lat' dir='ltr'><strong>pericula,</strong></span> <span class='ocrx_word' id='word_1_267' title='bbox 756 3097 825 3159; x_wconf 88' lang='lat' dir='ltr'><strong>pars</strong></span> <span class='ocrx_word' id='word_1_268' title='bbox 839 3083 962 3158; x_wconf 85' lang='lat' dir='ltr'><strong>virtute,</strong></span> <span class='ocrx_word' id='word_1_269' title='bbox 981 3078 1062 3140; x_wconf 87' lang='lat' dir='ltr'><strong>multi</strong></span> <span class='ocrx_word' id='word_1_270' title='bbox 1077 3078 1189 3140; x_wconf 81' lang='lat' dir='ltr'><strong>ferocia</strong></span> 
     </span>
    </p>

    <p class='ocr_par' dir='ltr' id='par_1_8' title="bbox 150 3159 1189 3494">
     <span class='ocr_line' id='line_1_35' title="bbox 150 3159 1189 3243; baseline 0.001 -23"><span class='ocrx_word' id='word_1_271' title='bbox 150 3179 177 3222; x_wconf 81' lang='lat' dir='ltr'><strong>ro</strong></span> <span class='ocrx_word' id='word_1_272' title='bbox 187 3170 216 3221; x_wconf 86' lang='lat' dir='ltr'><strong>et</strong></span> <span class='ocrx_word' id='word_1_273' title='bbox 232 3159 366 3240; x_wconf 91' lang='lat' dir='ltr'><strong>cupidine</strong></span> <span class='ocrx_word' id='word_1_274' title='bbox 382 3163 584 3240; x_wconf 88' lang='lat' dir='ltr'><strong>praemiorum.</strong></span> <span class='ocrx_word' id='word_1_275' title='bbox 615 3165 673 3241; x_wconf 85' lang='lat' dir='ltr'><strong>ipsi</strong></span> <span class='ocrx_word' id='word_1_276' title='bbox 688 3163 754 3225; x_wconf 84' lang='lat' dir='ltr'><strong>Tito</strong></span> <span class='ocrx_word' id='word_1_277' title='bbox 765 3161 857 3224; x_wconf 85' lang='lat' dir='ltr'><strong>Roma</strong></span> <span class='ocrx_word' id='word_1_278' title='bbox 874 3172 905 3224; x_wconf 91' lang='lat' dir='ltr'><strong>et</strong></span> <span class='ocrx_word' id='word_1_279' title='bbox 920 3181 994 3243; x_wconf 92' lang='lat' dir='ltr'><strong>opes</strong></span> <span class='ocrx_word' id='word_1_280' title='bbox 1012 3163 1189 3242; x_wconf 82' lang='lat' dir='ltr'><strong>voluptates·</strong></span> 
     </span>
     <span class='ocr_line' id='line_1_36' title="bbox 187 3246 1189 3324; baseline 0.003 -20"><span class='ocrx_word' id='word_1_281' title='bbox 187 3263 243 3323; x_wconf 90' lang='lat' dir='ltr'><strong>que</strong></span> <span class='ocrx_word' id='word_1_282' title='bbox 259 3254 326 3306; x_wconf 88' lang='lat' dir='ltr'><strong>ante</strong></span> <span class='ocrx_word' id='word_1_283' title='bbox 345 3246 464 3323; x_wconf 88' lang='lat' dir='ltr'><strong>oculos,</strong></span> <span class='ocrx_word' id='word_1_284' title='bbox 487 3265 522 3308; x_wconf 87' lang='lat' dir='ltr'><strong>ac</strong></span> <span class='ocrx_word' id='word_1_285' title='bbox 540 3249 568 3308; x_wconf 90' lang='lat' dir='ltr'><strong>ni</strong></span> <span class='ocrx_word' id='word_1_286' title='bbox 584 3249 678 3308; x_wconf 86' lang='lat' dir='ltr'><strong>statim</strong></span> <span class='ocrx_word' id='word_1_287' title='bbox 691 3247 895 3324; x_wconf 70' lang='lat' dir='ltr'><strong>Hierosolyma</strong></span> <span class='ocrx_word' id='word_1_288' title='bbox 910 3247 1115 3324; x_wconf 87' lang='lat' dir='ltr'><strong>conciderent,</strong></span> <span class='ocrx_word' id='word_1_289' title='bbox 1130 3265 1189 3307; x_wconf 89' lang='lat' dir='ltr'><strong>ruo·</strong></span> 
     </span>
     <span class='ocr_line' id='line_1_37' title="bbox 185 3329 1188 3413; baseline 0.007 -27"><span class='ocrx_word' id='word_1_290' title='bbox 185 3329 244 3386; x_wconf 87' lang='lat' dir='ltr'><strong>rari</strong></span> <span class='ocrx_word' id='word_1_291' title='bbox 263 3329 444 3392; x_wconf 84' lang='lat' dir='ltr'><strong>videbantur.</strong></span> <span class='ocrx_word' id='word_1_292' title='bbox 475 3330 528 3391; x_wconf 94' lang='lat' dir='ltr'><strong>sed</strong></span> <span class='ocrx_word' id='word_1_293' title='bbox 547 3330 649 3391; x_wconf 88' lang='lat' dir='ltr'><strong>urbem</strong></span> <span class='ocrx_word' id='word_1_294' title='bbox 663 3332 780 3394; x_wconf 87' lang='lat' dir='ltr'><strong>arduam</strong></span> <span class='ocrx_word' id='word_1_295' title='bbox 797 3332 853 3392; x_wconf 86' lang='lat' dir='ltr'><strong>situ</strong></span> <span class='ocrx_word' id='word_1_296' title='bbox 868 3350 959 3413; x_wconf 86' lang='lat' dir='ltr'><strong>opera</strong></span> <span class='ocrx_word' id='word_1_297' title='bbox 972 3332 1125 3412; x_wconf 84' lang='lat' dir='ltr'><strong>molesque</strong></span> <span class='ocrx_word' id='word_1_298' title='bbox 1144 3333 1188 3393; x_wconf 85' lang='lat' dir='ltr'><strong>br·</strong></span> 
     </span>
     <span class='ocr_line' id='line_1_38' title="bbox 185 3415 1189 3494; baseline 0.009 -26"><span class='ocrx_word' id='word_1_299' title='bbox 185 3421 352 3491; x_wconf 82' lang='lat' dir='ltr'><strong>mererent,</strong></span> <span class='ocrx_word' id='word_1_300' title='bbox 374 3415 438 3494; x_wconf 83' lang='lat' dir='ltr'><strong>quis</strong></span> <span class='ocrx_word' id='word_1_301' title='bbox 452 3415 501 3475; x_wconf 80' lang='lat' dir='ltr'><strong>rel</strong></span> <span class='ocrx_word' id='word_1_302' title='bbox 517 3415 602 3494; x_wconf 88' lang='lat' dir='ltr'><strong>planu</strong></span> <span class='ocrx_word' id='word_1_303' title='bbox 624 3417 695 3476; x_wconf 87' lang='lat' dir='ltr'><strong>satis</strong></span> <span class='ocrx_word' id='word_1_304' title='bbox 716 3417 900 3478; x_wconf 79' lang='lat' dir='ltr'><strong>munirentur.</strong></span> <span class='ocrx_word' id='word_1_305' title='bbox 932 3433 997 3479; x_wconf 84' lang='lat' dir='ltr'><strong>narn</strong></span> <span class='ocrx_word' id='word_1_306' title='bbox 1009 3417 1081 3479; x_wconf 87' lang='lat' dir='ltr'><strong>duos</strong></span> <span class='ocrx_word' id='word_1_307' title='bbox 1096 3416 1189 3478; x_wconf 86' lang='lat' dir='ltr'><strong>colles</strong></span> 
     </span>
    </p>
   </div>
   <div class='ocr_carea' id='block_1_3' title="bbox 0 0 1272 3870">
    <p class='ocr_par' dir='ltr' id='par_1_9' title="bbox 0 0 1272 3870">
     <span class='ocr_line' id='line_1_39' title="bbox 0 0 1272 3870; baseline 0 2"><span class='ocrx_word' id='word_1_308' title='bbox 0 0 1272 3870; x_wconf 95' lang='lat' dir='ltr'><strong> </strong></span> 
     </span>
    </p>
   </div>
  </div>
 </body>
</html>
