2440 3886
415 188 482 236 urs.
496 188 517 234 1.
535 187 611 238 one.
624 187 743 240 (ὅθ-55.
1052 177 1093 240 27

113 357 159 401 cur
172 339 297 403 llbodum
312 342 493 404 abscederet.
525 342 674 422 imperium
696 341 819 421 adeptus
835 350 998 420 extorrem,
1022 343 1092 404 iniu-

112 442 177 485 mem
191 434 294 504 etpost
308 427 489 487 interiectum
500 431 660 487 Postumum
672 425 831 505 Agrippam
843 426 934 487 omnis
946 428 1011 505 spei
1023 445 1092 506 ege·

110 526 166 568 uam
179 510 273 588 inopia
287 529 322 571 ac
336 509 403 572 tabe
418 510 504 590 longa
519 511 654 590 peremit,
670 509 823 570 obscuram
838 511 903 571 iore
917 529 1018 572 necem
1030 511 1091 572 lon·

108 593 255 671 pinquitate
276 595 354 655 exilii
374 603 462 655 ratus.
496 613 548 674 par
570 612 658 655 causa
679 594 818 655 saevitiae
839 595 867 654 in
892 595 1093 674 Sempronium

109 674 267 754 Gracchum,
284 679 332 758 qui
346 677 453 740 familia
468 678 569 756 nobili,
589 678 697 740 sollers
712 676 828 755 ingenio
844 687 873 738 et
889 696 979 757 prave
993 679 1127 749 iacun-10
1167 738 1173 749 ,

108 758 169 838 dos,
185 761 302 822 eundem
320 760 419 822 lulium
441 763 469 822 in
490 762 668 824 matrimonio
684 760 775 822 Marci
797 760 947 842 Agrippae
969 772 1091 823 temera·

107 853 187 905 rerat.
219 864 275 907 nec
290 848 314 906 is
329 845 438 906 libidini
453 847 534 908 linis:
551 847 682 908 traditam
698 845 816 908 Tiberio
829 848 968 924 pervicax
980 846 1092 907 adulter

107 930 273 992 contumacia
291 938 321 990 et
336 930 411 990 odiis
427 931 456 991 irr
472 931 601 991 maritum
620 928 814 1000 accendebat;
837 928 998 1010 literaeque
1021 948 1093 1010 quas

106 1008 167 1073 lolia
181 1015 255 1092 patri
270 1013 403 1092 Augusto
420 1033 483 1075 cum
497 1015 690 1075 insectatione
708 1013 816 1074 Tiberii
832 1015 951 1094 scripsit
971 1033 987 1075 a
1003 1014 1091 1076 (irac-

106 1094 153 1156 ebo
168 1099 346 1176 compositae
363 1098 565 1161 credebantur.
596 1099 682 1177 igitur
697 1107 808 1158 amotus
821 1095 984 1176 cercinum,
1000 1097 1092 1159 Airiei
1103 1121 1127 1162 rs

104 1181 179 1241 naris
192 1182 332 1260 insulam,
355 1183 583 1260 quattuordecim
605 1183 685 1244 annis
708 1182 826 1242 exilium
848 1181 992 1242 tolerarit.
1024 1191 1093 1243 tunc

104 1263 196 1325 milites
211 1265 247 1327 ad
265 1265 388 1327 eaedem
402 1267 481 1327 missi
496 1268 634 1330 invenere
650 1267 679 1327 irr
694 1267 866 1346 prominenti
890 1266 1000 1344 litoris,
1022 1265 1091 1326 nibil

104 1345 195 1408 laetum
209 1350 423 1429 opperientem.
460 1367 580 1430 quorum
595 1349 717 1411 adventu
734 1349 826 1410 breve
843 1359 955 1428 tempus
979 1351 1091 1430 petivit,

104 1440 273 1512 utsuprema
295 1434 426 1495 mandata
449 1435 532 1497 uxori
547 1434 687 1495 Alliariae
708 1451 762 1513 per
782 1434 882 1495 literas
904 1434 1003 1514 daret,
1027 1451 1090 1494 eer-

105 1515 241 1597 ritemque
256 1517 482 1597 percussoribus
503 1518 620 1598 obtulit,
648 1518 808 1578 constantia
831 1518 930 1576 mortis
951 1515 1026 1579 baud
1049 1519 1126 1577 inan

107 1595 191 1678 dignus
207 1603 385 1679 Sempronio
402 1603 531 1663 nomine:
554 1603 612 1662 vitu
630 1602 869 1680 degeneraverat.
900 1601 1014 1679 quidam
1034 1619 1092 1660 non

104 1679 179 1745 loma
195 1703 250 1746 eos
267 1685 383 1762 milites,
400 1685 552 1747 sedebi..
571 1685 736 1764 Asprenate
758 1702 812 1764 pro
831 1685 951 1747 consule
972 1685 1092 1746 Africae

102 1767 192 1830 missos
209 1768 358 1830 tradidere
374 1778 496 1840 auctore,
509 1769 638 1847 Tiberio,
656 1771 703 1850 qui
718 1769 822 1830 lamam
838 1770 936 1830 caedis
954 1785 1043 1847 posse
1063 1770 1091 1829 in

101 1849 284 1930 Asprenatem
302 1853 377 1913 verti
392 1854 498 1915 irustra
514 1863 694 1935 speraverat.
1119 1857 1124 1866 ‘

153 1937 201 1998 bi.
223 1936 306 1999 Idem
322 1955 411 1998 annus
429 1953 521 2000 noras
540 1938 730 2000 caerimonias
753 1939 867 2016 accepit
887 1938 983 1999 addito
1006 1935 1089 1997 soda-

99 2015 156 2080 lium
171 2021 372 2099 Augustalium
390 2022 575 2098 sacerdotio,
597 2031 629 2082 ut
649 2021 791 2102 quondam
807 2021 888 2082 'litus
903 2020 1002 2082 'latius
1022 2022 1090 2081 reti·
1180 2029 1182 2033 ’

37 2118 41 2130 ·
98 2104 188 2165 nendis
214 2104 389 2166 Sabinorum
414 2107 507 2168 sacris
537 2104 654 2166 sodales
684 2105 775 2166 l'itios
802 2106 973 2166 instituerat.
1010 2113 1090 2164 sorte

97 2186 165 2248 ducti
180 2209 197 2250 e
211 2189 388 2268 prirnoribus
405 2192 527 2252 civitatis
546 2209 617 2251 unus
634 2199 663 2250 et
679 2190 794 2268 viginti:
817 2188 951 2249 Tiberius
964 2187 1089 2249 Drusus·

98 2289 146 2349 que
162 2282 190 2333 et
208 2271 349 2334 Claudius
365 2283 395 2334 et
410 2273 595 2336 Germanicus
612 2273 781 2336 adiciuntur.
811 2271 895 2333 ludos
912 2271 1114 2350 Augustalesc

96 2363 156 2417 tune
170 2358 293 2436 primum
310 2367 433 2438 coeptos
448 2358 573 2420 turbarit
587 2356 732 2419 discordia
749 2375 788 2417 err
802 2356 957 2418 certamine
975 2355 1089 2440 histrio·

96 2455 162 2500 num.
190 2439 352 2503 indulserat
364 2443 391 2503 ei
407 2442 520 2507 ludicro
537 2442 698 2522 Augustus,
720 2441 784 2502 dum
800 2439 962 2502 Maecenati
979 2437 1088 2500 obtem·

96 2534 171 2601 perat
184 2525 281 2586 eiiuso
302 2527 331 2586 in
347 2543 474 2587 amorem
490 2526 629 2602 Bathylli;
653 2543 749 2605 neque
769 2526 835 2604 ipse
851 2523 1027 2585 abhorrebat
1048 2531 1088 2583 ta·

96 2606 163 2668 libus
177 2608 291 2687 studiis,
305 2618 336 2669 et
350 2611 436 2670 civile
447 2611 565 2672 rebatur
577 2611 693 2671 misceri
706 2607 901 2687 voluptatibus
913 2608 1002 2685 vulgi.
1033 2605 1089 2667 alia

96 2688 207 2754 liberio
225 2709 337 2758 morum
353 2695 415 2754 ria:
431 2694 483 2755 sed
499 2695 636 2774 populum
651 2712 704 2774 per
719 2702 762 2754 tot
782 2709 872 2753 annos
896 2691 1021 2752 molliter
1039 2689 1123 2751 ira-10

95 2773 176 2836 bitum
193 2777 320 2837 nondum
336 2778 460 2840 audebat
474 2779 510 2841 ad
525 2779 640 2839 duriora
656 2786 782 2839 vertere.

151 2861 202 2922 tt.
229 2858 326 2920 Druso
349 2859 478 2924 (lassare
505 2860 538 2923 G.
567 2861 705 2924 Norbano
731 2860 897 2923 consulibus
924 2860 1089 2921 decernitur

96 2939 262 3005 Germanico
284 2945 445 3025 triumphus
466 2955 599 3007 manente
627 2946 723 3016 bello;
759 2945 837 3025 quod
866 2956 1035 3024 quamquam
1060 2944 1089 3003 in

96 3036 231 3089 aestatem
257 3047 363 3090 summa
376 3046 445 3109 ope
467 3029 605 3109 parabat,
634 3030 714 3090 initio
734 3031 812 3090 reris
835 3037 864 3090 et
886 3029 1038 3107 repentino
1061 3027 1089 3086 in

96 3105 210 3173 turnus
233 3131 357 3174 excursu
379 3114 541 3194 praecepit.
578 3131 641 3174 nam
662 3130 732 3194 spes
762 3115 923 3176 incesserat
944 3111 1089 3174 dissidere

95 3189 203 3256 bostem
226 3198 254 3256 in
270 3195 426 3259 Arminium
448 3216 483 3259 ac
497 3199 668 3276 Segestem,
691 3198 833 3275 insignem
853 3205 1005 3277 utrumque
1021 3212 1111 3275 per-s

97 3275 157 3339 ddia
173 3281 201 3340 in
214 3297 269 3341 nos
287 3291 336 3342 aut
350 3281 417 3343 lide.
437 3282 592 3342 Arminius
603 3282 734 3342 turbator
749 3281 929 3355 Germaniae,
945 3280 1086 3356 Segestes

98 3365 186 3438 parari
205 3364 399 3426 rebellionem
421 3384 512 3445 saepe
536 3365 607 3427 alius
629 3375 659 3426 et
679 3383 814 3444 supremo
842 3363 993 3438 convivio,
1019 3369 1087 3438 poet

99 3445 169 3520 quod
184 3447 210 3507 in
225 3466 302 3510 arma
318 3449 396 3531 itum,
411 3449 522 3530 aperuit
538 3450 686 3531 suasitque
700 3448 779 3510 Varo
797 3456 827 3507 ut
841 3464 874 3506 se
891 3453 920 3504 et
931 3442 1087 3503 Arminium
