2510 3864
541 175 616 228 cnr.
636 175 732 228 1—5.
1036 159 1049 256 ι’
1073 164 1132 228 241

134 345 163 396 et
179 334 289 396 laboris
305 333 429 412 gloriam
444 332 609 410 habiturus,
632 333 658 394 si
674 331 821 408 ingenium
842 329 905 390 eius
922 329 1008 390 nullis
1028 331 1136 394 alisna·

133 437 194 481 rum
209 421 310 479 artium
324 417 504 478 adminiculis
521 416 601 477 inniti
616 414 773 476 videretur.

196 501 225 562 3.
258 502 350 580 Igitur
374 511 405 562 ut
427 502 594 562 intravimus
625 498 786 560 cubiculum
815 497 954 576 blaterni,
986 498 1135 560 sedentem

132 589 283 668 ipsumque
297 604 381 667 quern
397 585 491 666 pridie
510 585 686 645 recitaverat
707 580 809 643 librum
824 584 1014 644 intermunus
1028 581 1135 644 baben·

132 679 189 731 tem
208 669 460 749 deprehendimus.

196 753 268 814 'l'uur
288 754 438 816 Secundus
455 753 580 814 ‘nihilne
592 758 639 812 te’
651 752 754 830 iuquit,
771 750 930 828 ‘Materne
946 751 1063 813 iabulae
1079 771 1136 813 rua·

1 907 2 910 ¹
108 839 277 917 slignorum
296 833 422 916 terrent,
447 853 504 915 quo
521 838 615 898 minus
629 837 758 896 offensas
777 833 896 896 Catonis
912 835 952 896 tui
971 834 1072 896 ames?
1101 855 1137 898 an

130 923 198 983 ideo
218 921 324 981 librum
344 923 430 982 istum
452 919 685 999 adprehendisti,
708 928 739 979 ut
760 918 927 996 diligentius
947 929 1134 998 retractares,

132 1015 162 1065 et
177 1003 297 1064 sublatis
315 1006 340 1065 si
363 1023 418 1084 ιιιιιι
440 1023 549 1083 pravae
568 1004 800 1085 interpretationi
817 1003 965 1064 materiam
983 1003 1135 1083 dederunt,

131 1089 281 1234 pirgirtglelppp
308 1087 447 1150 Catonern
468 1105 526 1148 non
548 1087 662 1167 quidem
684 1087 836 1147 meliorem
860 1085 912 1146 sed
934 1097 1029 1148 tamen
1051 1106 1135 1149 secu-

1 1247 3 1287 ²
96 1274 120 1318 ιο
196 1255 267 1316 Τιιι
281 1255 333 1316 illc
353 1256 476 1334 ‘leges’
492 1257 585 1336 inquit
605 1255 690 1334 ‘quid
705 1254 852 1316 blaternas
867 1255 922 1316 sibi
938 1255 1086 1333 debuerit,
1107 1264 1137 1316 et

124 1350 278 1417 'agnosces
295 1357 369 1418 quae
392 1338 505 1399 audisti.
537 1339 662 1418 quodsi
689 1357 744 1416 qua
773 1339 867 1398 omisit
889 1337 980 1416 Cato,
1004 1341 1136 1418 sequenti

129 1423 303 1484 recitatione
325 1421 470 1498 l'bvestes
493 1421 585 1492 dicet;
609 1421 685 1482 banc
705 1422 781 1481 euim
801 1420 981 1499 tragoediam
1005 1421 1136 1502 disposui

130 1507 187 1567 iam
203 1513 233 1566 et
248 1504 323 1566 intra
341 1506 471 1586 meipso
491 1505 623 1566 formavi.
652 1513 740 1585 atque
758 1504 826 1565 ideo
844 1503 988 1565 maturare
1002 1505 1069 1566 libri
1085 1506 1135 1567 bu·

130 1591 174 1651 ius
190 1589 345 1650 editionem
359 1589 476 1668 festino,
494 1598 524 1650 ut
535 1588 652 1651 dimissa
667 1590 765 1667 priona
781 1605 849 1650 cura
860 1605 955 1648 novae
968 1591 1135 1667 cogitationi

1 1690 3 1727 ι
96 1689 121 1732 ιι
133 1683 196 1735 toto
209 1681 334 1754 pectore
348 1672 531 1734 incumbam?

1 1754 7 1776 ³
192 1757 289 1819 ‘Adeo
307 1766 336 1818 te
351 1757 523 1836 tragoediae
541 1757 617 1818 istae
632 1773 692 1816 non
707 1755 839 1834 satiant,'
861 1758 953 1836 inquit
968 1756 1051 1836 Aper
1065 1759 1135 1836 ‘quo
1169 1753 1173 1760 ’

128 1843 220 1904 minus
239 1842 356 1903 omissis
376 1843 538 1904 orationum
559 1850 589 1900 at
610 1858 759 1902 causarum
785 1839 885 1901 studiis
914 1858 998 1901 omne
1022 1850 1135 1919 tempus

128 1927 215 1988 ruodo
236 1928 314 1988 circa
327 1925 476 2001 Medeam,
503 1943 578 1986 ecce
597 1943 673 1985 nunc
696 1925 774 1985 cirea
794 1923 950 1999 Thyestem
970 1942 1134 2025 consumas,

129 2027 193 2070 cum
205 2018 234 2069 te
248 2017 293 2069 tot
306 2011 463 2071 amicorum
478 2027 602 2084 causae,
619 2017 663 2068 tot
680 2008 858 2069 coloniarum
872 2016 902 2068 et
916 2009 1135 2108 municipiorum

91 2109 121 2152 ac
132 2091 316 2152 clientelae
306 2111 337 2152 tu
355 2092 450 2152 iorum
471 2100 595 2168 vocent,
621 2091 726 2170 quibus
745 2093 794 2152 vix
815 2092 984 2167 suffeceris,
1008 2094 1093 2152 etiam
1111 2093 1135 2151 si

129 2192 188 2236 non
199 2192 304 2234 novum
317 2174 443 2251 tibiipse
456 2174 606 2250 negotium
618 2173 821 2250 importasses,
838 2180 869 2232 ut
879 2171 1036 2232 Domitium
1046 2172 1135 2235 etde·

129 2269 241 2335 toneru,
270 2257 299 2318 id
321 2267 366 2319 est
385 2263 502 2319 nostr'as
523 2273 639 2335 quoque
659 2255 797 2316 historias
820 2265 850 2316 et
868 2257 999 2318 Romana
1021 2259 1135 2320 nomina

131 2340 343 2404 Graeculorum
358 2339 466 2402 fabulis
481 2339 681 2416 adgregatos?

192 2430 223 2487 4.
245 2423 284 2486 Et
294 2425 457 2487 blaternas:
473 2423 674 2504 ‘perturbarer
688 2423 745 2484 bac
757 2431 805 2484 tua
820 2425 990 2501 severitate,
1005 2423 1061 2483 nisi
1076 2424 1133 2484 ire·

0 2537 2 2548 ι
130 2527 223 2590 quens
236 2518 267 2570 et
279 2510 396 2572 assidua
410 2508 495 2569 nobis
511 2509 658 2568 contentio
674 2507 729 2568 iam
744 2524 840 2586 prope
852 2508 881 2568 in
897 2507 1134 2590 cousuetudinem

128 2594 277 2656 vertisset.
312 2612 376 2656 narn
395 2612 452 2654 ncc
472 2601 502 2653 tu
522 2593 635 2670 agitare
656 2600 685 2652 et
702 2591 816 2670 insequi
835 2601 940 2671 poetas
959 2591 1132 2670 intermittis,

130 2689 159 2739 et
174 2696 251 2777 ego,
273 2679 319 2740 cui
339 2677 480 2739 desidium
494 2675 715 2738 advocationum
737 2675 846 2754 obicis,
866 2675 1060 2756 quotidianum
1076 2675 1134 2736 boc

104 2762 319 2864 spatrocinium
334 2760 535 2824 defendendae
554 2759 694 2820 adversus
709 2770 739 2820 tc
755 2762 891 2840 poeticae
906 2778 1045 2821 exerceo
1073 2778 1133 2839 quo

128 2847 222 2908 laetor
239 2849 333 2925 magis
353 2838 481 2908 oblatum
500 2843 586 2906 nobis
607 2844 746 2922 iudicem,
770 2847 817 2923 qui
834 2861 881 2904 me
901 2845 975 2905 vel
966 2863 994 2904 ru
1009 2845 1133 2905 tumturn

128 2940 208 2992 vetet
227 2950 331 2992 versus
352 2931 467 3009 facere,
491 2929 556 3008 vel,
578 2928 679 3009 quud
671 2947 725 2990 tarn
743 2929 854 3008 pridem
878 2936 966 3008 opto,
990 2947 1042 2990 sua
1061 2946 1132 3006 quo·

129 3031 185 3090 que
201 3016 373 3075 auctoritate
386 3013 546 3095 compellat
559 3023 590 3074 ut
606 3014 721 3074 omissis
740 3013 900 3076 forensium
918 3031 1067 3074 causarum
1083 3029 1131 3070 an·

128 3097 246 3174 gustiis,
267 3098 296 3156 in
311 3098 413 3176 quibus
428 3098 497 3158 rutili
518 3098 588 3158 satis
604 3115 753 3177 superque
773 3097 903 3160 sudatum
919 3105 981 3176 est,
1007 3097 1129 3156 sanctio-

1 3193 2 3222 *
94 3197 189 3244 torem
206 3179 284 3244 illurn
299 3189 330 3240 et
345 3182 541 3258 augustiorem
558 3180 750 3261 eloquentiam
768 3182 887 3243 colam!

191 3265 222 3324 5.
243 3261 329 3342 ‘Ego
343 3269 433 3325 vcro'
455 3265 546 3344 inquit
562 3266 729 3344 Secundus,
751 3267 922 3345 ‘antequam
940 3283 986 3324 me
1007 3262 1129 3324 iudicem

128 3347 210 3426 Aper
224 3356 357 3426 recuset,
380 3349 484 3410 luciam
501 3349 579 3428 quud
594 3349 680 3429 probi
696 3358 725 3410 et
738 3347 880 3412 moderati
897 3347 1007 3408 iudices
1023 3346 1131 3422 solent,

128 3442 158 3494 ut
171 3433 200 3494 in
218 3432 253 3493 lis
268 3433 481 3512 cognitionibus
496 3451 531 3494 sc
546 3442 704 3511 excusent,
723 3434 751 3493 in
767 3432 871 3512 quibus
889 3430 1069 3491 manifestum
1085 3438 1132 3487 est

177 3537 265 3578 rnmm
281 3538 352 3578 unns
370 3539 398 3579 n.
886 3515 923 3573 16
