2546 3872
418 147 524 194 LIBER
540 149 563 194 1.
587 148 661 197 cAP.
675 149 796 202 25—30.
1070 147 1108 204 15

101 304 292 380 turinnesque
312 302 479 380 praesentia
495 301 587 362 dubiis
605 311 634 362 et
651 301 798 383 honestis,
819 305 903 383 isque
918 305 1032 368 habitus
1049 310 1134 370 ani-s
1193 363 1197 374 .

100 404 212 448 morum
228 385 296 460 iuit,
314 393 343 444 ut
360 387 515 464 pessimum
529 386 643 446 lacinus
658 387 800 448 auderent
814 391 915 468 pauci,
933 391 1034 469 plnres
1047 393 1109 454 rel·

100 473 179 546 lent,
196 487 298 529 omnes
312 478 489 548 paterentur.

164 553 215 614 29.
246 551 370 630 Ignarus
392 553 506 612 interim
530 550 621 614 Galba
643 562 672 614 et
696 555 789 616 sacris
814 557 941 618 intentus
967 557 1110 636 fatigabat

99 638 187 700 alieni
209 639 265 696 iarn
287 637 405 715 imperii,
422 636 511 714 deos,
534 655 597 698 oum
616 637 745 698 adfertur
765 657 863 701 rumor
880 643 946 720 rapi
968 643 997 701 in
1013 652 1108 712 castra

98 726 244 784 incertum
266 737 351 799 quem
375 728 556 798 senatorem,
578 738 647 781 mox
662 720 805 782 Othonem
828 743 897 785 esse
919 727 967 804 qui
988 745 1108 806 rapere·

98 819 161 884 tur,
179 805 262 865 simul
278 823 315 864 ex
331 812 389 864 tota
404 803 494 881 urbe,
513 813 543 864 ut
559 806 681 885 quisque
698 805 803 866 obvius
817 808 928 885 iuerat,
947 810 996 870 alii
1010 811 1108 872 formi-

99 893 166 952 dine
190 898 347 966 augentes,
368 887 482 967 quidam
502 889 613 950 minora
634 906 724 966 uero,
751 909 789 950 ne
808 901 866 952 tunr
890 894 1005 972 quidem
1026 894 1132 955 oblitit

99 973 281 1036 adulationis.
309 973 396 1049 igitur
412 971 641 1056 consrultantibus
655 973 766 1052 placuit
780 978 970 1056 pertemptari
985 980 1108 1038 animum

100 1058 230 1118 cohortis
253 1075 329 1136 quae
353 1056 381 1115 in
404 1054 515 1117 Palatio
538 1058 692 1117 stationem
713 1057 837 1137 agebat,
861 1078 917 1120 nec
938 1079 992 1139 per
1013 1064 1108 1142 ipsum

102 1139 235 1217 Galbam,
258 1140 340 1200 cuius
362 1141 476 1218 integra
499 1142 656 1202 auctoritas
676 1142 834 1203 maioribus
855 1143 992 1206 remediis
1008 1164 1107 1206 serva·

97 1225 192 1286 batur.
223 1225 291 1286 Piso
308 1240 361 1303 pro
373 1223 515 1302 gradibus
533 1223 634 1286 domus
649 1235 773 1290 vocatos
794 1229 823 1286 in
838 1227 914 1288 hunc
928 1229 1043 1290 modum
1058 1231 1106 1290 ad·

97 1310 214 1371 locutus
231 1317 290 1368 est:
308 1310 420 1368 ‘sextus
436 1306 499 1368 dies
515 1310 624 1386 agitur,
642 1310 870 1388 commilitones,
896 1331 934 1372 ex
950 1331 1007 1392 quo
1024 1317 1105 1392 igna-
1117 1333 1142 1376 so

97 1411 148 1454 rus
165 1393 270 1470 futuri,
294 1400 323 1452 et
340 1393 403 1452 sive
419 1390 574 1471 optandum
588 1392 646 1453 hoc
661 1410 765 1454 nornen
781 1396 844 1453 sive
860 1397 1015 1457 timendum
1033 1407 1106 1475 erat,

97 1477 210 1538 Caesar
225 1474 351 1537 adscitus
363 1494 436 1552 sum,
453 1493 511 1554 qno
524 1476 625 1538 domus
636 1485 755 1538 nostrae
768 1487 816 1538 aut
829 1481 872 1539 rei
886 1479 1019 1556 publicae
1035 1481 1106 1558 lato,

96 1565 126 1624 in
143 1569 241 1622 uestra
257 1577 340 1620 manu
357 1560 481 1639 positum
499 1569 559 1638 est,
583 1578 641 1620 non
655 1561 722 1640 quia
736 1578 802 1621 meo
819 1565 934 1622 nomine
952 1566 1107 1625 tristiorem

100 1663 197 1706 casum
218 1661 355 1725 paveam,
382 1653 412 1704 ut
437 1645 485 1723 qui
505 1644 644 1704 adversas
665 1663 714 1704 res
737 1655 876 1725 expertus
899 1665 963 1707 cum
983 1649 1127 1709 manime.
1206 1687 1207 1694 κ

99 1729 206 1791 discam
223 1747 260 1789 ne
275 1728 418 1788 secundas
434 1728 550 1807 quidem
564 1731 656 1790 minus
671 1729 843 1791 discriminis
867 1729 991 1792 habere:
1015 1734 1140 1812 patrisne

97 1823 128 1876 et
142 1823 259 1874 senatus
276 1820 305 1872 et
319 1815 411 1892 ipsius
428 1813 540 1892 imperii
557 1813 651 1873 vicem
666 1812 772 1890 doleo,
794 1816 819 1874 si
842 1813 927 1875 nobis
942 1823 991 1876 aut
1008 1817 1105 1896 perire

94 1897 185 1960 hodie
205 1915 331 1958 necesse
347 1906 393 1958 est
408 1906 470 1973 aut,
493 1895 570 1976 quod
587 1915 681 1976 aeque
698 1897 774 1977 apud
788 1897 883 1958 bonos
899 1900 1035 1960 miserum
1051 1909 1105 1977 est,

96 1982 248 2045 occidere.
287 1981 428 2042 solacium
455 1981 579 2060 proximi
605 1991 700 2042 motus
725 1980 903 2042 habebamus
925 1984 1105 2043 incruentam

95 2065 198 2128 urbem
212 2075 242 2126 et
252 2082 301 2125 res
313 2067 376 2126 sine
389 2065 533 2126 discordia
546 2065 715 2126 hunslatas:
732 2068 881 2144 provisum
896 2063 1053 2145 adoptione
1064 2069 1105 2125 vi·

97 2151 235 2226 debatur,
254 2157 284 2208 ut
299 2167 336 2208 ne
352 2158 420 2229 post
436 2147 555 2209 Galbam
570 2148 686 2228 quidem
701 2147 780 2209 bello
797 2149 881 2210 locus
899 2152 1002 2209 esset!
1083 2201 1084 2206 ,
1114 2169 1141 2210 no

101 2262 106 2272 ·
163 2235 214 2296 30.
235 2231 324 2293 ‘Nihil
340 2231 491 2311 adrogabo
506 2232 574 2316 nrihi
585 2232 745 2294 nobilitatis
756 2241 805 2294 aut
818 2232 994 2304 modestiam
1010 2250 1106 2310 neque
1170 2236 1172 2242 ’

97 2320 190 2402 enirn·
198 2317 292 2377 relatu
312 2318 448 2378 uirtutum
469 2318 499 2378 in
515 2318 734 2396 comparatione
749 2315 871 2384 Othonis
889 2333 963 2396 opus
979 2326 1033 2377 est.
1064 2318 1106 2377 ui·

70 2406 153 2479 -tia,
177 2400 280 2480 quibus
302 2400 373 2462 solis
397 2401 555 2480 gloriatam,
586 2409 723 2460 euertere
743 2402 906 2480 imperium,
936 2401 1023 2462 etiam
1043 2418 1107 2460 cunr

96 2487 221 2549 amicum
242 2486 425 2564 imperatoris
447 2495 558 2564 ageret.
590 2483 727 2545 habitune
750 2494 781 2545 et
795 2487 913 2546 incessu
928 2501 964 2545 an
979 2483 1031 2545 illo
1046 2503 1105 2544 mu·

95 2568 184 2644 liebri
208 2578 311 2630 ornatu
330 2578 493 2630 mereretur
513 2566 686 2648 imperium?
706 2569 844 2630 ialluntur
865 2567 969 2648 quibus
993 2569 1129 2628 luxurias

96 2654 202 2735 specie
223 2652 406 2714 liberalitatis
429 2653 556 2732 inponit:
581 2653 708 2732 perdere
731 2653 787 2713 ista
810 2653 901 2731 sciet,
924 2651 1033 2712 donare
1056 2671 1106 2712 ne·

97 2741 185 2800 sciet.
216 2746 315 2816 stupra
331 2745 447 2798 nuncet
463 2738 686 2799 comissationes
703 2745 733 2797 et
747 2737 918 2797 feminarum
930 2745 1033 2797 coetus
1043 2736 1106 2796 vol-

97 2825 140 2883 rit
156 2823 266 2882 animo:
282 2821 357 2882 haec
375 2821 553 2900 principatus
569 2822 698 2900 praemia
717 2829 812 2900 putat,
828 2837 950 2900 quorum
966 2818 1057 2880 libido
1072 2839 1108 2880 ac

99 2906 236 2985 uoluptas
258 2923 351 2984 penes
373 2906 468 2984 ipsum
484 2907 535 2982 sit,
557 2901 648 2965 rubor
668 2922 703 2966 ac
726 2905 854 2964 dedecus
877 2923 970 2984 penes
991 2920 1105 2973 omnes;

97 3005 186 3051 nemo
207 2989 281 3049 eninr
303 3006 435 3067 umquam
457 2989 607 3069 imperium
628 2989 739 3065 flagitio
758 2990 919 3067 quaesitum
936 2987 1020 3048 bonis
1038 2988 1105 3048 arti·
1117 3005 1142 3045 ro

98 3076 156 3136 bus
179 3075 321 3136 exercuit.
343 3072 463 3134 Galbam
485 3089 645 3134 consensus
666 3074 786 3149 generis
805 3072 932 3149 humani,
950 3089 998 3130 me
1017 3068 1107 3132 Galba

98 3155 350 3238 consentientibus
370 3155 455 3215 uobis
471 3153 627 3218 Gaesarem
648 3155 728 3216 dixit.
761 3156 785 3214 si
805 3174 853 3216 res
875 3154 992 3235 publica
1014 3163 1044 3214 et
1061 3173 1107 3213 se·

98 3252 186 3303 natus
209 3249 239 3300 et
261 3239 385 3319 populus
407 3256 499 3300 vacua
514 3241 628 3300 nomina
644 3248 723 3316 sunt,
748 3249 861 3316 restra,
887 3237 1106 3311 commilitones,

99 3329 223 3386 interest
245 3342 282 3383 ne
301 3325 508 3402 imperatorem
533 3325 651 3401 pessimi
675 3323 791 3382 iaciant.
828 3322 976 3398 legionum
1002 3317 1106 3377 seditio

99 3410 245 3472 adversus
260 3407 350 3467 duces
365 3422 435 3466 suos
451 3407 546 3467 audita
563 3415 607 3466 est
622 3403 793 3485 aliquando·
814 3412 912 3463 vestra
932 3401 1006 3461 lidos
1020 3400 1105 3458 iama-
1116 3409 1141 3450 tt
