2536 3870
201 145 260 204 tto
420 137 588 204 oonnnnu
603 153 722 204 rnorrr
736 153 980 205 maronianum

199 308 445 390 propinquabant,
463 309 587 371 honesto
604 307 767 386 transfugio
788 308 922 386 rediere,
941 310 1051 368 secutis
1066 307 1211 369 Tribocis

198 393 458 472 Vangionibusque
477 402 506 455 et
522 391 741 454 Caeracatibus.
779 391 870 453 'lutor
887 392 1026 453 Treveris
1041 393 1210 452 comitanti-

162 479 268 555 abus,
286 480 375 538 vitato
390 477 589 556 Mogontiaco,
605 476 737 556 Bingium
753 478 911 552 noncessit,
927 476 1019 538 fidens
1035 475 1122 553 loco,
1139 461 1243 554 quial

199 571 317 642 pontem
337 561 437 621 Navae
458 560 582 622 fluminis
605 560 776 640 abruperat:
807 559 891 620 sed'
882 577 1000 621 incursu
1027 559 1211 636 cohortium,

199 665 270 727 quas
293 645 432 708 Sextilius
456 644 596 724 ducebat,
620 654 650 705 et
671 651 790 723 reperto
813 641 888 704 vbdo
904 643 1036 724 proditus
1050 642 1209 722 lususque.

198 749 233 790 ea
252 729 335 791 clade
355 729 483 808 perculsi
500 728 636 807 Treveri,
653 735 682 788 et
694 726 799 807 plebes
815 727 928 788 omissis
944 728 1030 787 armis
1048 743 1103 806 per
1116 745 1210 804 agros
1243 754 1244 773 κ

198 813 327 893 palatur:
354 812 468 892 qnidam
490 815 667 894 principum,
689 820 719 872 ut
738 811 822 890 primi
842 812 977 891 posuisse
995 809 1106 870 bellum
1124 811 1210 870 vide-

163 907 313 975 arentur,
338 897 368 956 in
389 898 520 957 civitates
537 912 611 976 quae
627 897 797 956 societatem
811 894 969 957 liomauam
988 912 1046 955 non
1062 905 1212 954 exuerant

200 981 368 1059 peringero.
401 981 536 1058 legiones
557 999 573 1042 a
595 979 745 1041 Novaesio
760 979 920 1058 Bonnaque
939 981 967 1038 in
983 977 1154 1053 Treveros,
1181 989 1213 1038 ut

199 1081 285 1141 supra
302 1064 538 1142 memoravimus,
559 1063 708 1125 traductae
723 1079 757 1122 se
774 1066 858 1143 ipsae
879 1063 907 1122 in
921 1061 1012 1122 verba
1027 1063 1211 1141 Vespasiani

199 1147 325 1223 adigunt.
361 1144 435 1206 baec
450 1145 607 1207 Valentino
630 1147 750 1207 absente
771 1155 871 1224 gesta;
894 1147 943 1224 qui
960 1145 1008 1205 ubi
1028 1145 1210 1206 adventabat

198 1232 299 1291 furens
328 1238 489 1308 cunctaque
516 1249 615 1292 rursus
637 1231 665 1290 in
685 1230 783 1290 turbas
811 1240 841 1290 et
858 1231 975 1289 exitium
996 1247 1205 1303 conversurus,

162 1315 334 1392 „legiones
363 1314 390 1372 in
410 1313 662 1390 Mediomatricos,
692 1314 804 1374 sociam
826 1315 987 1390 civitatem,
1009 1312 1200 1373 abscessere:

199 1399 370 1461 Valentinus
387 1417 423 1458 ac
438 1398 527 1459 Tutor
542 1400 570 1458 in
586 1415 664 1459 arma
678 1397 827 1458 Treveros
843 1395 1008 1474 retrabunt,
1022 1397 1137 1456 occisis
1152 1396 1205 1456 lle-

199 1483 301 1543 nennio
317 1498 352 1542 ac
368 1479 498 1542 Numisio
518 1482 639 1559 legatis,
660 1500 718 1561 quo
732 1483 844 1541 minore
860 1499 914 1559 spe
931 1481 1036 1539 veniae
1054 1488 1207 1540 cresceret
1245 1493 1246 1512 ³

200 1565 342 1626 duculum
357 1565 490 1626 sceleris.

261 1650 311 1709 71.
338 1648 393 1709 llic
408 1648 480 1709 belli
496 1657 586 1710 status
601 1655 679 1723 erat,
695 1666 759 1709 cum
771 1647 890 1708 Petilius
905 1645 1027 1706 Cerialis
1042 1647 1208 1726 Mogontia·

200 1752 263 1793 cum
287 1733 374 1792 venit.
409 1733 472 1792 eius
495 1733 620 1793 adventu
639 1741 758 1792 erectae
781 1749 866 1809 spes;
885 1731 951 1811 ipse
969 1748 1085 1810 pugnae
1106 1731 1209 1792 avidus
1246 1767 1247 1782 r

199 1825 228 1876 et
247 1815 466 1875 contemnendis
481 1835 565 1894 quam
581 1815 720 1876 cavendis
730 1815 863 1876 bostlbus
877 1814 996 1891 melior,
1012 1814 1128 1876 ierocia
1143 1835 1210 1876 ver·

199 1897 301 1958 bnmm
320 1899 439 1958 militem
464 1898 653 1976 incendebat,
678 1899 727 1960 ubi
751 1900 871 1980 primum
898 1898 1040 1976 congredi
1061 1898 1210 1976 licuisset,

173 1981 312 2043 cunilam
327 1982 442 2062 proelio
458 1999 568 2043 moram
581 1983 719 2043 iacturas.
745 1982 870 2043 dilectus
885 1998 940 2062 per
956 1980 1077 2042 Galliam
1092 1982 1211 2043 habitos

199 2069 228 2128 in
244 2067 377 2128 civitates
392 2068 513 2128 remittit
527 2084 562 2128 ac
577 2068 708 2127 nuntiare
725 2066 806 2126 iubet
820 2065 958 2128 sufficere
973 2067 1096 2145 imperio
1112 2067 1210 2144 legio-

199 2169 269 2212 nes:
301 2151 374 2212 socii
396 2152 431 2212 ad
453 2153 548 2213 munia
570 2151 651 2229 pacis
673 2150 817 2228 redirent,
847 2152 945 2211 securi
966 2150 1046 2210 velut
1069 2151 1210 2211 coniecto
1247 2199 1248 2204 1

199 2235 291 2312 bello,
311 2235 388 2314 quod
400 2233 549 2297 Romanae
565 2251 666 2294 manus
680 2237 878 2313 excepissent.
900 2234 979 2294 auxit
994 2251 1028 2295 ea
1044 2251 1094 2294 res
1110 2233 1209 2295 Gallo·
1247 2231 1248 2234 ’

199 2336 261 2378 rum
278 2317 463 2400 obsequium:
494 2336 559 2378 nam
576 2326 698 2396 recepta
714 2319 862 2379 iuventute
879 2318 995 2379 facilius
1010 2317 1118 2378 tributa
1133 2319 1208 2378 tole-

165 2419 322 2480 stravere,
339 2404 494 2482 proniores
509 2401 545 2463 ad
556 2401 665 2478 cilicia,
682 2401 759 2481 quod
773 2401 994 2482 spemebautur.
1020 2411 1049 2462 at
1061 2401 1165 2462 Civilis
1183 2411 1210 2462 et

201 2484 350 2548 Classicus
362 2486 410 2547 ubi
420 2486 532 2566 pulsum
546 2486 699 2563 Tutorem,
713 2503 818 2547 caesos
829 2484 989 2562 Treveros,
1003 2494 1106 2547 cuncta
1118 2486 1208 2547 bosti-

200 2570 254 2631 bus
269 2588 412 2650 prospera
429 2587 593 2649 accepere,
610 2570 716 2649 trepidi
732 2589 767 2631 ao
781 2579 992 2650 properantes,
1010 2569 1076 2629 dum
1094 2569 1206 2649 disper-

200 2672 249 2714 sas
267 2671 384 2715 suorum
402 2655 504 2733 copias
521 2652 700 2733 conducunt,
719 2653 833 2715 crebris
848 2655 961 2714 interim
978 2655 1085 2714 nuntiis
1099 2653 1206 2714 Valen-

200 2739 287 2798 tinum
303 2756 442 2799 monuere
453 2757 491 2798 nc
508 2753 635 2798 summae
648 2740 691 2798 rei
705 2738 865 2818 periculum
880 2739 1002 2798 iaceret.
1025 2754 1062 2798 eo
1077 2737 1207 2816 rapidius

164 2838 192 2878 aa
203 2820 337 2899 Cerialis,
348 2824 443 2882 missis
455 2823 483 2882 iu
495 2821 732 2882 Mediomatricos
743 2823 793 2900 qui
804 2821 941 2882 breviore
955 2822 1058 2881 itinere
1070 2820 1206 2899 legiones

201 2907 229 2964 iu
244 2905 357 2965 bostem
374 2915 539 2984 verterent,
556 2915 707 2966 contracto
724 2907 802 2984 quod
820 2914 882 2967 erat
895 2904 1015 2966 militum
1029 2905 1207 2982 Mogontiaci

202 2998 395 3069 quantumque
423 3007 523 3050 secum
546 2997 760 3068 transvexerat,
785 2992 879 3050 tertiis
904 2991 1008 3050 castris
1030 2989 1206 3066 Rigodulum

200 3073 295 3150 venit,
319 3091 403 3152 quem
426 3072 522 3135 locum
542 3091 646 3152 magna
661 3073 856 3134 Treverorum
877 3091 961 3134 manu
978 3073 1150 3134 Valentinus
1165 3075 1204 3132 in·

200 3156 335 3233 sederat,
359 3157 504 3219 montibus
525 3165 574 3218 aut
588 3157 712 3219 Mosella
728 3175 811 3219 amne
832 3167 979 3237 saeptum
1007 3165 1036 3218 et
1056 3156 1206 3217 addiderat

161 3241 296 3300 colossas
323 3241 482 3321 obicesque
510 3259 654 3302 saxorum.
691 3260 747 3301 uec
772 3242 943 3302 deterruere
973 3257 1008 3302 ea
1034 3244 1206 3303 munimenta

199 3323 358 3384 Romanum
387 3325 488 3385 ducem
512 3343 569 3404 quo
595 3327 687 3385 minus
708 3326 836 3405 peditem
864 3343 1053 3406 perrumpere
1082 3325 1204 3402 iuberet,

200 3407 326 3483 equitum
341 3410 432 3468 aciem
447 3411 475 3468 in
490 3408 597 3470 collem
612 3409 757 3489 erigeret,
771 3419 872 3491 spreto
884 3409 980 3489 boste,
996 3427 1083 3488 quem
1095 3418 1204 3470 temere
