2596 3872
374 185 376 189 ·
414 189 519 238 menn
533 191 607 238 xm.
626 189 849 244 onemo-as.
1074 184 1136 246 235

132 354 244 424 arguat.
281 347 382 406 uivere
400 360 458 424 ego
472 343 638 428 britannico
655 346 786 425 potiente
809 366 905 409 rerum
921 346 1076 430 poterami
1104 367 1173 412 acac

131 433 157 492 si
172 429 289 491 Plautus
304 438 353 490 aut
368 430 431 510 quis
448 428 521 489 alius
538 447 600 490 rem
616 430 760 510 publicam
775 430 951 500 indicaturus
973 432 1140 512 obtinuerit,

131 515 236 576 desunt
257 514 372 576 scilicet
392 513 461 574 mibi
476 522 680 592 accusatores,
708 516 756 593 qni
777 533 836 576 non
855 517 947 579 uerba
963 518 1140 596 impatientia

131 600 259 662 caritatis
274 597 428 678 aliquando
444 597 574 676 incanta,
600 597 652 658 sed
669 617 703 659 ea
726 600 843 661 crimina
867 600 1012 678 obiciant,
1037 601 1140 681 quibus

130 684 187 744 nisi
204 701 220 744 a
235 682 296 744 lilio
312 681 425 743 absolsi
440 698 498 742 non
513 683 646 761 possim!
678 687 830 748 commotis
849 686 899 764 qui
914 685 1034 748 aderant
1049 687 1138 748 ultro·

131 765 902 914 uu⁵¹³ituertituruururmuutu
1090 770 1174 871 iu

130 870 340 1016 exprobrares,
364 869 590 1013 dissernitaeed
604 935 742 996 ultionem
753 898 785 996 in
801 872 948 1000 dehwpees
963 871 1139 1018 zltmp’raffiisa:

130 1021 230 1082 amicis
246 1019 377 1080 obtinuit.

194 1104 244 1165 22.
263 1104 449 1165 Praefectura
464 1119 597 1164 annonae
611 1102 720 1165 Faenio
735 1105 823 1184 linio,
840 1124 908 1168 cura
923 1106 1072 1186 ludorum,
1091 1108 1139 1187 qui

130 1209 147 1250 a
163 1189 291 1251 Caesare
306 1186 490 1268 parabantur,
505 1186 644 1248 Arruntio
659 1189 781 1269 Stellae,
797 1189 952 1271 Aegyptus
960 1189 1137 1252 Ti.Balbillo

130 1273 341 1355 permittuntur.
378 1272 462 1334 Suria
476 1270 508 1331 Ρ.
522 1270 629 1333 Anteio
645 1273 804 1351 destinata,
828 1274 881 1336 sed
901 1277 990 1337 variis
1010 1292 1079 1336 mon
1093 1293 1137 1335 ar·

130 1358 206 1420 tibus
222 1357 337 1436 elusus,
354 1356 390 1418 ad
403 1363 581 1436 postremum
597 1357 627 1416 in
642 1356 714 1418 nrbe
728 1367 859 1420 retentus
874 1368 928 1420 est.
952 1370 982 1423 at
996 1359 1093 1422 Silana
1109 1361 1138 1420 in

131 1443 248 1505 exilium
263 1451 342 1512 acta:
365 1439 509 1502 Calvisius
528 1457 645 1520 quoque
660 1450 691 1501 et
704 1440 809 1502 Iturius
824 1443 1010 1521 relegantnm
1024 1443 1060 1504 da
1074 1442 1160 1511 Ati-s

129 1535 206 1588 meto
223 1526 396 1606 supplicium
411 1533 572 1603 sumptum,
589 1523 731 1586 validiore
745 1525 822 1605 apud
843 1525 979 1588 libidines
997 1527 1137 1606 principis

130 1609 233 1673 Paride
253 1627 337 1690 qnam
358 1620 389 1671 nt
411 1626 509 1688 poena
529 1607 729 1677 adficeretur..
748 1609 865 1671 Plautus
888 1609 1082 1690 adpraesens
1101 1611 1137 1670 si·

130 1695 220 1756 lentio
236 1695 419 1755 transmissus
438 1702 492 1754 est.

189 1778 239 1840 23.
258 1777 434 1840 Deferuntur
451 1776 556 1838 debinc
581 1777 768 1839 consensisse
789 1778 885 1841 Pallas
906 1797 941 1841 ac
961 1777 1084 1857 Burrus,
1108 1786 1139 1838 nt

131 1863 286 1926 Cornelius
302 1862 382 1923 Sulla
400 1861 569 1923 claritudine
590 1863 709 1940 generis
731 1871 760 1924 et
777 1862 924 1924 adfinitate
942 1861 1069 1942 claudit,
1093 1862 1138 1922 cui

130 1966 184 2029 per
208 1948 322 2026 nuptias
343 1946 488 2008 Antoniae
508 1963 602 2024 gener
629 1955 706 2024 erat,
735 1946 771 2008 ad
797 1948 948 2026 imperinm
970 1955 1136 2010 vocaretur.

131 2033 194 2094 eins
212 2031 407 2093 accusationis
433 2038 535 2091 auctor
564 2031 659 2091 extitit
678 2030 785 2092 Paetus
805 2033 936 2111 qnidam,
962 2030 1137 2093 exercendis

130 2115 206 2195 apud
229 2115 371 2177 aerarium
399 2114 579 2180 tentionibus
606 2115 735 2177 famosus
759 2125 869 2175 ettam
895 2117 1028 2177 vanitatis
1048 2115 1162 2182 mani-⁵

130 2203 232 2264 festus.
261 2217 318 2260 nec
338 2209 396 2261 tam
416 2208 499 2278 grata
519 2198 657 2260 Pallantis
679 2200 844 2261 innocentia
866 2218 951 2280 qnam
968 2201 1071 2279 ¹gravis
1087 2216 1133 2260 sn·

129 2278 881 2448 tullii{ptlltruttiillrtuimur
894 2283 1137 2430 uttztlilr

254 2415 263 2446 b

9 2517 11 2520 .
131 2455 325 2533 significasse,
339 2453 389 2514 vei
407 2454 431 2512 si
445 2452 528 2532 plura
543 2450 764 2514 demonstranda
781 2461 898 2530 essent,
915 2452 1025 2531 scripto
1045 2469 1135 2530 nsunt,

130 2557 167 2600 ne
189 2555 294 2599 rocem
316 2537 511 2598 consociaret.
542 2535 650 2597 Burrus
671 2536 801 2616 quamvis
829 2555 898 2597 reus
926 2537 1000 2596 inter
1026 2535 1171 2600 iudicesrc

130 2623 302 2685 sententiam
324 2621 404 2682 dixit.
438 2620 614 2700 exiliumque
636 2621 802 2682 accusatori
822 2621 985 2698 inrogatum
1006 2629 1035 2682 et
1055 2619 1137 2681 tabu·

131 2711 177 2770 lae
203 2715 325 2768 exustae
352 2714 433 2785 snut,
465 2706 569 2785 quibos
598 2704 751 2768 obliterata
777 2706 881 2766 aerarii
905 2706 1019 2767 nomina
1045 2713 1136 2766 retra·

130 2792 226 2854 luebat.
396 2834 398 2839 ·
1108 2851 1109 2854 ,

193 2875 244 2937 24.
267 2875 340 2936 Fine
362 2876 428 2936 anni
452 2876 539 2935 statio
563 2873 694 2936 cohortis
715 2872 851 2936 adsidere
874 2871 949 2935 ludis
975 2873 1061 2934 solita
1088 2871 1137 2934 de-

131 2958 274 3041 movetur,-
288 2975 347 3040 quo
359 2961 452 3020 maior
465 2960 584 3037 species
594 2958 738 3020 libertatis
749 2966 840 3036 esset,
856 2966 946 3038 utque
957 2957 1041 3018 miles
1055 2956 1137 3018 tbea-

130 3045 196 3108 trali
217 3043 353 3106 licentiae
374 3061 433 3104 non
454 3043 613 3122 permixtus
634 3044 830 3123 incorruptior
851 3051 954 3121 ageret
976 3051 1005 3103 et
1031 3040 1137 3122 plebes

130 3131 214 3192 daret
231 3128 471 3208 experimentum,
489 3145 526 3189 an
543 3130 646 3189 amotis
664 3127 831 3190 custodibus
845 3125 1016 3189 modestiam
1029 3128 1136 3188 retine·

131 3222 186 3276 ret.
221 3212 323 3274 urbem
337 3214 477 3291 princeps
491 3212 623 3274 lustravit
638 3231 677 3273 ex
691 3229 836 3292 responso
850 3211 1045 3292 hamspicnm,
1060 3209 1163 3291 quoda

131 3298 211 3360 lovis
227 3297 263 3359 ac
276 3295 425 3358 blinerrae
442 3295 532 3357 aedes
547 3296 585 3358 de
599 3297 684 3358 caelo
697 3306 792 3359 tactae
809 3305 900 3356 crant.

193 3382 244 3444 25.
264 3382 300 3458 Q.
315 3381 440 3443 Volusio
455 3380 486 3442 P.
504 3380 643 3462 Scipione
661 3382 828 3443 consulibus
843 3381 931 3440 otium
946 3379 1033 3454 ioris,
1049 3377 1136 3438 ioede

134 3465 210 3527 domi
225 3466 356 3546 lascivia,
373 3484 430 3546 qua
444 3463 525 3527 Nero
541 3467 646 3535 itinera
658 3466 739 3528 urbis
756 3475 786 3526 et
801 3463 958 3558 lupanaria
968 3471 998 3522 et
1012 3461 1136 3522 deverti·
