2596 3872
157 153 222 212 242
458 146 624 202 conuunu
638 137 758 190 ruenni
772 125 955 182 nummum
994 118 996 127 ⁴

160 319 323 382 sulerentur
351 310 420 372 totis
447 287 622 368 exercitibus
649 310 747 356 eoram
773 288 979 349 dissertaturos
1001 269 1166 353 respondit.

161 405 315 480 locumque
334 393 458 473 delegit,
480 392 561 451 ouius
583 401 650 467 pars
673 377 765 440 altera
787 369 881 432 colles
903 370 985 461 erant
1006 357 1167 456 elementer

164 487 354 563 adsurgentes
371 473 550 556 accipiendis
566 467 691 551 peditum
707 453 869 529 ordinibus,
888 465 956 530 pars
972 462 1001 544 pu
1018 441 1166 523 planutrem

129 566 370 653 reporrigebatur
392 561 428 624 ad
446 553 634 639 explicandas
656 546 920 638 equitum'turnaas.
955 529 1060 606 dieque
1081 530 1168 622 pacto

165 657 246 736 prior
261 648 390 715 Corbulo
404 646 502 708 socias
517 638 656 702 cohortes
671 639 700 691 et
714 623 820 688 auxilia
832 633 934 696 regum
950 630 1004 694 pro
1021 606 1169 704 cornubus,

164 737 259 799 medio
274 743 386 796 sextam
399 731 549 810 legionem
564 716 727 788 coustituit,
743 709 788 772 cui
803 697 895 766 acbita
908 716 962 780 per
976 702 1092 756 noctem
1106 689 1170 749 alus

165 841 203 882 ex
215 821 319 879 castris
331 817 384 876 tria
395 814 473 875 milia
484 810 674 876 tertianorum
685 793 905 879 permiscuerat,
922 798 977 842 una
990 773 1173 874 eumuaquila,

166 903 247 980 quasi
271 899 371 958 eadem
393 897 474 976 legio
496 885 530 980 ap
584 895 690 952 aretur.
726 875 869 940 Tiridates
890 870 1032 942 vergente
1053 877 1109 919 ram
1126 856 1174 916 due

128 981 268 1062 saprocul
289 981 414 1059 adstitit,
435 981 510 1042 uude
532 980 598 1042 vide
622 973 629 988 ’
680 965 742 1043 ³85⁸
766 951 960 1053 qumtaudiri
983 951 1095 1027 9⁰⁸⁵&
1135 948 1175 1000 ¹⁸³

165 1068 229 1125 sine
241 1081 404 1142 congressu
421 1064 478 1142 dux
489 1067 666 1128 Romaunsa
730 1044 816 1107 edire
831 1037 949 1098 ¹¹¹¹l¹le¹¹¹
964 1049 1015 1092 ⁸¹¹⁸
1031 1041 1176 1108 l⁰⁰mqu⁰

165 1151 193 1208 in
211 1156 306 1208 castra
324 1147 412 1208 iubet.

228 1232 279 1296 39.
299 1231 364 1292 lieu
383 1233 447 1292 sive
468 1233 598 1294 fraudem
625 1241 812 1314 suspectans,
842 1251 889 1313 qur

164 1315 233 1376 loca
249 1314 358 1392 ibatur,
375 1317 437 1376 sire
453 1325 483 1376 ut
501 1326 678 1379 commeatus
692 1327 810 1378 nostros
824 1317 947 1380 Pontico

165 1408 289 1480 perunte
313 1399 421 1480 oppido
445 1398 633 1463 adventantes
654 1403 859 1481 interciperet,
881 1421 1009 1483 propera
1033 1401 1095 1462 dise
1170 1400 1178 1415 ’

164 1483 218 1545 sed
238 1501 333 1564 neque
350 1484 557 1546 commeatibus
573 1487 630 1547 vim
649 1486 751 1546 lacere
769 1487 877 1565 potuit,
902 1487 968 1565 quia
986 1504 1039 1564 per
1052 1494 1171 1546 montes

141 1567 342 1630 educebantur
364 1568 517 1648 praesidiis
538 1572 645 1630 uostris
667 1570 814 1648 insessos,
835 1579 864 1629 et
879 1568 1025 1647 Corbulo,
1046 1586 1083 1630 ne
1101 1569 1169 1629 inri-
1241 1590 1267 1646 γ

162 1650 351 1713 tumbellam
372 1653 534 1714 traheretur
555 1662 642 1731 utque
664 1652 818 1713 Armenios
847 1652 883 1713 ad
909 1671 961 1713 sua
985 1651 1169 1714 defendenda

163 1743 303 1814 cogeret,
319 1736 475 1799 excindere
491 1746 573 1816 parat
589 1737 725 1812 castella,
742 1737 855 1816 sibique
870 1736 947 1816 quod
961 1735 1168 1798 validissimum

162 1821 191 1879 in
217 1837 251 1878 ca
273 1817 477 1897 praefectura,
505 1829 699 1898 cognomento
719 1820 899 1898 Volandum,
926 1820 1025 1891 sumit;
1055 1822 1168 1882 minora

163 1901 300 1964 Cornelio
316 1900 425 1964 Flacco
447 1904 547 1981 legato
569 1913 598 1965 et
614 1903 722 1964 Insteio
739 1902 874 1983 capitoni
897 1913 1057 1966 castrorum
1082 1922 1167 1983 prae·

126 1987 241 2048 relecto
259 1984 383 2047 mandat.
413 1996 472 2048 tum
490 1987 708 2066 circumspectis
729 1989 910 2048 munimentis
932 1997 961 2048 et
984 2006 1059 2066 quac
1076 2005 1166 2066 expu-

161 2069 291 2148 gnationi
314 2068 419 2132 idonea
441 2072 584 2151 provisis,
604 2071 736 2132 hortatur
753 2070 859 2133 milites
879 2081 910 2132 ut
930 2071 1044 2132 hostem
1062 2090 1167 2150 vagum

160 2171 257 2232 nequo
276 2155 343 2233 paci
364 2163 413 2216 aut
437 2155 552 2235 proelio
568 2165 712 2236 paratum,
737 2155 789 2216 sed
811 2154 962 2234 perfidiam
978 2164 1006 2217 et
1020 2157 1167 2235 ignaviam

160 2239 230 2317 iuga
248 2238 432 2299 confitentem
447 2248 588 2301 exuerent
603 2239 720 2300 sedibus
731 2239 904 2318 gloriaeque
919 2240 1030 2318 pariter
1042 2249 1071 2300 et
1081 2257 1162 2319 prae·

161 2321 215 2382 dae
244 2322 442 2386 consulerent.
474 2333 532 2386 tum
559 2322 768 2402 quadripertito
791 2323 1001 2385 exercitabor
1028 2324 1057 2384 in
1077 2332 1164 2408 testu-

126 2421 152 2462 rc
160 2405 256 2466 dinem
268 2405 463 2484 conglobatos
478 2406 641 2468 subruendo
653 2406 731 2467 vallo
746 2407 872 2484 inducit,
887 2407 961 2468 alios
975 2407 1071 2468 scalas
1086 2425 1166 2470 moe·

160 2488 245 2549 nibus
268 2489 441 2570 admovere,
461 2491 568 2552 multos
589 2493 738 2552 tormentis
761 2490 845 2552 faces
868 2499 898 2552 et
918 2489 1019 2552 inustas
1034 2491 1167 2552 incutere

160 2571 249 2632 iubet.
289 2573 469 2637 libritoribus
494 2574 745 2654 funditoribusque
778 2573 930 2635 attributus
954 2575 1056 2651 locus,
1088 2572 1167 2634 unde

160 2657 270 2716 eminus
287 2657 410 2733 glandes
424 2667 609 2737 torquerent,
624 2677 662 2720 ne
678 2676 734 2738 qua
752 2676 820 2738 pars
835 2657 993 2720 subsidium
1007 2656 1165 2718 laboranti·

160 2739 213 2798 bus
233 2739 326 2800 terret
345 2742 408 2818 pari
431 2741 557 2820 undique
579 2751 665 2802 metu.
710 2751 805 2804 tantus
825 2742 893 2803 inde
917 2743 1005 2805 ardor
1027 2741 1166 2802 certantis

125 2842 151 2883 ro
161 2822 309 2884 exercitus
324 2823 398 2902 fuit,
414 2834 445 2887 ut
462 2827 536 2888 intra
552 2826 665 2886 tertiam
681 2825 738 2887 diei
755 2835 866 2906 partem
882 2827 979 2888 nudati
998 2841 1165 2906 propugna-

161 2905 273 2966 toribus
286 2909 374 2986 muri,
389 2908 491 2974 obices
507 2919 655 2990 portarum
669 2910 818 2989 subversi,
835 2919 920 2992 capta
937 2928 1061 2972 escensu
1074 2907 1165 2968 muni·

158 2999 255 3052 manta
273 3009 431 3071 omnesque
452 2992 578 3073 puberes
598 2994 731 3055 trucidati
747 2994 820 3072 sint,
841 2994 922 3056 nullo
938 2994 1029 3056 milite
1043 2993 1165 3069 amisso,

161 3075 263 3155 paucis
281 3075 433 3138 admodum
454 3077 621 3140 vulneratis.
662 3085 691 3139 et
717 3076 826 3139 inbelle
848 3079 954 3158 vulgus
974 3075 1027 3138 sub
1053 3093 1165 3138 corona

160 3158 369 3240 venundatum,
391 3161 505 3242 reliqua
525 3161 635 3241 praeda
653 3161 812 3223 victoribus
830 3165 928 3224 cessit.
964 3162 1028 3242 pari
1046 3161 1167 3224 fortuna

120 3242 274 3320 relegatus
297 3262 333 3305 ac
350 3245 522 3324 ¹praelectus
544 3247 589 3305 usi
606 3255 689 3324 ¹suunt,
716 3244 867 3326 tribusque
887 3263 942 3308 una
965 3245 1011 3307 die
1034 3245 1166 3310 castellis

160 3326 334 3404 expugnatis
356 3337 455 3390 cetera
475 3339 590 3393 terrore
611 3329 711 3391 atalia
732 3339 839 3410 sponte
859 3329 1019 3391 incolarum
1040 3330 1068 3390 in
1083 3327 1164 3390 dedi·

159 3409 267 3470 tionem
290 3409 454 3475 veniebant.
491 3411 568 3474 unde
589 3423 651 3474 orta
671 3413 776 3476 lidncia
797 3421 884 3496 caput
903 3414 1000 3492 gentis
1020 3414 1162 3473 Artaxata
