2540 3874
434 243 540 294 creua
553 247 590 294 11.
609 247 685 294 car.
698 243 818 300 66-71.
1080 240 1119 302 71

116 411 169 482 tus,
183 401 231 462 ubi
246 412 410 464 recreatum
426 403 542 481 accepit
553 411 679 481 uotaque
691 419 745 482 pro
759 393 958 465 incolumitate¹
967 401 1122 466 solveban-

114 497 174 565 tur,
195 486 325 560 admotas
341 487 463 563 hostias,
480 487 671 546 sacrificalem
685 491 872 568 apparatum,
893 490 997 549 iestam
1018 486 1122 550 Antio·

117 573 261 633 chensium
277 571 394 652 plebem
409 588 463 653 per
483 571 604 630 lictores
624 570 784 652 proturbat.
813 582 870 633 tum
892 573 1057 634 Seleuciam
1069 570 1121 634 de·

110 656 257 737 graditur,
285 658 444 736 opperiens
467 655 693 734 aegritudinem,
715 674 790 735 quae
812 677 925 718 rursum
947 658 1120 719 Germanico

111 740 270 802 acciderat.
305 759 422 803 saevam
444 740 501 800 vim
523 739 617 800 morbi
642 740 768 818 augebat
791 744 944 820 persuasio
973 744 1078 801 ueneni
1102 760 1156 806 arc

113 826 218 889 Pisone
239 825 369 906 accepti;
392 834 422 886 et
443 823 665 904 reperiebantur
688 822 753 885 solo
769 843 811 886 ac
834 826 993 906 parietibus
1020 835 1120 886 erutae

25 939 27 976 r
112 910 299 972 bumanorum
320 927 477 991 corporum
498 907 657 988 reliquiae,
682 909 806 971 carmina
834 911 863 970 et
890 910 1063 970 devotiones
1090 917 1120 968 et

25 1047 26 1056 2
111 1012 214 1056 nomeu
228 988 394 1057 ¹(riermanici
407 993 552 1075 plumbeis
567 991 672 1054 tabulis
687 991 878 1075 insculptum,
901 995 1019 1055 semusti
1041 994 1120 1053 cine-

110 1098 159 1140 res
170 1097 204 1140 ac
217 1077 286 1140 tabo
303 1077 386 1140 obliti
402 1078 515 1159 aliaque
529 1077 672 1155 malelica,
688 1080 752 1157 quis
769 1079 895 1140 creditur
906 1079 1014 1140 animas
1029 1078 1119 1137 numi·

108 1163 193 1224 nibus
207 1163 329 1225 infernis
346 1166 466 1225 sacrari.
495 1162 578 1222 simul
593 1163 672 1224 missi
691 1181 708 1224 a
730 1157 836 1224 Pisone
852 1159 1061 1224 incusabantur
1087 1170 1155 1221 utro

94 1245 282 1310 ¹valetudinis
298 1247 422 1308 adversa
438 1249 584 1307 rimantes.
870 1303 872 1308 .

172 1333 223 1394 70.
244 1328 289 1393 Ea
309 1331 481 1394 Germanico
500 1329 575 1391 haud
589 1331 682 1392 minus
699 1332 740 1392 ira
762 1335 844 1411 quam
869 1327 924 1410 pe'r
943 1340 1048 1392 metum
1070 1349 1117 1392 ac·

107 1426 204 1498 cepte.
237 1417 262 1477 si
277 1416 363 1477 limen
380 1413 578 1492 obsideretur,
597 1416 622 1476 si
637 1414 827 1478 effundendus
844 1415 1031 1496 spiritus'sub
1048 1433 1117 1476 ocu·

106 1503 143 1564 lis
158 1503 340 1562 inimicorum
362 1501 456 1578 foret,
480 1500 547 1580 quid
568 1496 673 1561 deinde
694 1502 873 1562 miserrimae
896 1502 1027 1579 coniugi,
1050 1498 1117 1580 quid

106 1586 264 1648 infantibus
279 1585 381 1646 liberis
393 1581 583 1646 eventurum?
605 1581 683 1646 len'ta
696 1575 789 1645 uideri
800 1583 959 1648 veneficia:
976 1586 1117 1647 festinare

74 1687 78 1692 ·
103 1681 136 1732 et
151 1667 291 1750 urguere,
310 1679 341 1730 nt
356 1669 546 1750 provinciam,
563 1678 594 1729 ut
605 1667 742 1748 legiones
755 1669 837 1730 solus
848 1668 963 1732 habeat.
992 1669 1045 1731 sed
1058 1683 1143 1729 nona

60 1775 63 1780 ·
105 1773 200 1835 usque
215 1772 252 1815 eo
262 1755 414 1816 deiectum
430 1753 646 1830 Germanicum,
666 1771 763 1834 neque
781 1755 910 1836 praemia
926 1753 1025 1817 caedis
1040 1751 1118 1832 apud

101 1841 325 1900 interfectorem
346 1857 489 1901 mansura.
530 1838 678 1917 componit
700 1839 858 1920 epistulas,
881 1839 945 1919 quis
965 1838 1118 1901 amicitiam

103 1927 132 1984 ei
147 1922 349 1985 renuntiabat:
371 1923 478 1984 addunt
499 1923 633 2004 plerique
658 1923 766 1983 iussum
788 1925 939 2002 prouincia
960 1920 1118 1984 decedere.

104 2027 162 2069 nec
176 2008 246 2070 Piso
262 2017 391 2070 moratus
404 2007 479 2070 ultra
494 2007 577 2070 navis
594 2005 698 2084 solvit,
720 1999 983 2088 moderabaturque
1008 2007 1116 2083 cursui,

103 2111 163 2172 quo
189 2093 314 2174 propius
336 2092 561 2172 regrederetur,
589 2093 614 2151 si
636 2106 716 2152 mors
732 2090 894 2152 Germanici
918 2093 1030 2152 Suriam
1047 2101 1154 2169 ape-10

104 2179 223 2238 ruisset.

166 2264 218 2322 71.
243 2259 354 2323 Caesar
371 2260 521 2341 paulisper
539 2253 576 2321 ad
597 2279 679 2341 spem
701 2270 834 2338 erectus,
860 2259 926 2320 dein
948 2261 1031 2320 lesso
1052 2274 1116 2319 cor·

102 2366 196 2427 pore,
220 2345 268 2406 ubi
294 2348 358 2407 linis
380 2343 498 2422 aderat,
520 2345 694 2406 adsistentes
716 2346 826 2406 amicos
854 2346 883 2405 iu
896 2343 983 2406 -hunc
1004 2343 1119 2403 modum

100 2431 287 2511 adloquitur:
307 2432 351 2491 ‘si
366 2431 427 2492 lato
445 2431 659 2508 concederem,
674 2431 766 2509 iustus
781 2424 848 2510 milri
866 2427 952 2490 dolor
968 2429 1053 2488 etiam
1068 2425 1118 2486 ad·

103 2534 212 2578 versus
229 2515 304 2577 deos
321 2524 411 2592 esset,
428 2513 506 2595 quod
521 2533 567 2574 me
589 2515 758 2593 parentibus
780 2514 882 2575 liberis
906 2514 1018 2594 patriae
1042 2514 1118 2572 intra

102 2602 250 2662 iuventam
265 2608 451 2680 praematuro
471 2601 549 2660 exitu
564 2608 716 2680 raperent:
732 2617 808 2660 nunc
824 2598 940 2660 scelere
954 2594 1068 2662 Pisonis
1086 2604 1143 2656 etc

100 2685 263 2748 Plancinae
278 2685 466 2764 interceptus
487 2683 600 2744 ultimas
619 2702 726 2762 preces
749 2682 923 2763 pectoribus·
943 2683 1051 2742 vestris
1070 2698 1117 2740 re·

100 2770 220 2850 linquo:
240 2769 378 2831 referatis
393 2770 519 2848 patriae
534 2767 632 2844 lratri,
653 2768 756 2847 quibus
780 2767 987 2830 acerbitatibus
1009 2763 1118 2828 dilace-

99 2865 201 2933 ratus,
219 2853 325 2934 quibus
341 2852 454 2914 insidiis
475 2855 686 2914 circumventus
706 2853 895 2914 miserrimam
914 2853 1001 2913 vitam
1023 2849 1118 2931 pessi·

99 2957 147 3000 ma
164 2947 262 3000 morte
278 2939 410 3000 finierim.
441 2937 466 2998 si
485 2954 560 3016 quos
575 2955 645 3018 spes
659 2955 759 3015 meae,
786 2940 811 2998 si
836 2955 910 3016 quos
935 2935 1117 3016 propinquus

25 3079 26 3084 ,
98 3025 237 3102 sanguis,
256 3025 342 3084 etiam
360 3039 435 3102 quos
449 3021 556 3083 inuidia
573 3039 645 3100 erga
659 3020 975 3100 viventenmovebac‚
1001 3017 1115 3080 inlacri-
1127 3037 1156 3081 rc

97 3105 223 3168 mabunt
236 3107 381 3188 quondam
395 3107 549 3168 florentem
571 3115 601 3167 et
620 3115 664 3166 tot
682 3107 827 3167 bellorum
851 3109 1037 3186 superstitem
1057 3121 1117 3164 mu-

98 3191 193 3252 liebri
211 3191 316 3254 fraude
331 3191 486 3254 cecidisse.
518 3191 575 3251 erit
588 3189 675 3262 robis
689 3191 773 3252 locus
787 3190 928 3271 querendi
942 3188 1019 3270 apud
1033 3204 1118 3247 sena·

98 3284 176 3354 tum,
191 3276 348 3338 invocandi
363 3277 463 3356 leges.
488 3292 547 3337 uon
562 3274 622 3336 hoc
636 3277 824 3357 praecipuum
844 3279 1001 3336 amicorum
1015 3287 1119 3329 munus

97 3369 165 3440 est,
189 3361 332 3442 prosequi
351 3361 518 3422 defunctum
541 3361 648 3438 ignaro
675 3369 796 3439 questu,
822 3358 875 3420 sed
896 3375 970 3436 quae
991 3351 1119 3412 voluerit

97 3444 288 3524 meminisse,
311 3463 386 3524 quae
410 3443 592 3506 mandaverit
615 3445 748 3522 exsequi.
783 3441 893 3503 llebunt
916 3435 1117 3499 Germanicum
1125 3453 1154 3496 1⁵

99 3529 190 3588 etiarn
204 3529 313 3608 ignoti:
337 3527 521 3591 vindicabitis
542 3545 614 3606 uos,
638 3528 663 3587 si
684 3529 730 3587 m'e
750 3527 847 3605 potius
868 3519 1113 3600 quantorum·

298 3715 309 3760 l
337 3757 339 3760 .
