2570 3878
347 203 350 208 .
412 153 807 210 ursanx11.cna.t-1u.
1065 143 1122 207 201

124 309 153 368 in
174 307 251 369 hune
270 308 385 370 modum
405 310 557 388 inoipiunt:
582 328 640 371 oon
663 329 696 372 se
717 311 846 373 foederis
868 313 988 391 ignaros
1008 330 1064 374 neo
1079 313 1127 374 de·

124 393 253 453 faotione
276 411 292 454 a
315 393 422 454 familia
437 393 643 456 Arsacidarum
661 398 779 472 venire,
804 396 857 456 sed
881 397 968 456 lilium
984 397 1128 474 Vononis,
1211 451 1216 460 .

124 484 263 554 nepotem
280 475 422 539 ⁴Plurautis
451 493 608 540 aooersere
645 479 785 542 adversus
817 479 1040 540 dominationem
1071 480 1149 547 ilo-a

125 560 214 620 tarnis
238 560 381 648 nobilitati
404 560 543 641 plebique
567 565 644 625 iuxta
667 563 886 624 intolerandum.
931 565 987 625 iam
1012 565 1127 640 iratres,

124 646 179 705 iam
196 647 395 724 propinqum,
413 647 468 706 iarn
484 645 600 725 lougius
615 648 687 707 sitos
703 646 839 708 onedilous
859 647 1031 718 exhaustum
1054 647 1128 708 adici

124 729 267 805 ooniuges
281 729 436 807 gravidas,
452 729 563 791 liberos
578 747 704 810 parvos,
725 731 790 792 dum
807 748 913 792 aooors
930 731 1025 810 domi,
1039 731 1128 792 bellis

123 811 266 872 infaustus
286 815 430 890 ignauiam
450 815 570 876 saevitia
598 825 688 893 tegat.
728 824 858 876 ueterem
879 815 933 876 sibi
954 835 990 878 ao
1011 815 1129 895 publioe

124 905 259 976 ooeptam
275 897 427 958 nobiseum
443 899 608 976 amicitiam,
633 899 903 960 etsnbrenieudum
919 901 1008 962 sooiis
1026 901 1128 959 virium
1139 919 1164 961 no

8 1037 9 1040 ,
123 979 243 1040 aemulis
258 979 489 1060 pauentibusque
508 999 563 1061 per
579 987 781 1044 reuerentiam.
806 983 878 1044 'ideo
894 1001 996 1062 regum
1018 983 1129 1044 liberos

123 1065 323 1144 obsidesdari,
335 1073 377 1143 ut,
392 1067 417 1126 sl
432 1065 584 1127 domestici
599 1068 712 1146 imperii
726 1067 857 1144 taedeat,
874 1070 910 1128 sit
924 1085 1078 1146 regressus
1094 1065 1130 1127 ad

124 1148 285 1228 prinoipem
299 1157 469 1229 patresque,
484 1147 606 1234 quornm
620 1150 748 1213 moribus
763 1150 948 1212 adsuefactus
962 1169 1015 1212 rer
1026 1151 1129 1212 melior

123 1230 347 1292 adsolsoeretur.
994 1279 996 1284 .

190 1317 238 1376 11.
262 1311 320 1377 Ubi
340 1315 415 1376 liaeo
429 1325 516 1396 atque
533 1317 600 1378 talia
618 1319 828 1396 dissertatore,
851 1319 954 1396 incipit
968 1321 1129 1380 orationem

123 1399 234 1460 Caesar
256 1399 292 1460 de
312 1399 433 1477 fastigio
452 1400 583 1462 llomauo
599 1401 826 1480 Parthorumque
848 1401 1011 1479 obsequiis,
1036 1420 1129 1480 seque

123 1485 193 1544 divo
216 1483 350 1561 Angusto
376 1483 575 1563 adaequabat,
601 1487 720 1563 petitum
743 1484 780 1547 ab
802 1495 839 1545 eo
860 1501 962 1562 regem
983 1484 1128 1562 referans,

122 1569 231 1629 omissa
250 1566 358 1628 'l'iberii
379 1569 530 1646 memoria,
555 1583 726 1648 quamquam
741 1569 766 1629 is
783 1584 898 1647 quoque
915 1569 1043 1630 miserat.
1080 1568 1128 1628 ud-

123 1651 195 1712 didit
210 1660 371 1730 praeoepta
384 1653 509 1731 (atenim
526 1651 627 1714 aderat
642 1651 860 1730 Meherdates),
881 1661 984 1713 utnon
1003 1651 1152 1712 domina-,e

121 1737 231 1797 tionem
243 1743 272 1795 et
284 1751 400 1814 servos,
414 1734 466 1795 sed
477 1743 623 1796 rectorem
634 1744 664 1796 et
676 1737 757 1796 eires
770 1736 922 1813 cogitaret,
936 1736 1129 1797 elementiam-

122 1837 181 1900 qne
196 1836 232 1879 ao
245 1819 406 1896 iustitiam,
425 1828 533 1897 quanto
553 1820 652 1896 ignota
667 1818 818 1895 barbaris,
841 1827 918 1879 tanto
940 1819 1063 1881 laetiora
1083 1836 1129 1879 oa·

122 1901 269 1984 posseret.
306 1901 373 1966 uuae
393 1909 503 1964 uersus¹
516 1902 551 1963 ad
566 1903 682 1980 legatos
704 1902 819 1963 extollit
837 1901 969 1964 laudibus
988 1902 1129 1964 alumnum

17 2007 24 2012 ·
122 1985 221 2068 urhis,
245 1995 398 2066 speetatne
412 1985 450 2046 ad
466 1985 493 2046 id
510 1986 686 2047 modestiae:
711 2003 746 2047 uo
769 1995 863 2047 tamen
884 1985 1005 2048 ferenda
1026 2004 1130 2064 regum

122 2072 256 2148 ingenia,
278 2085 375 2148 neque
390 2071 453 2130 uani
471 2070 590 2131 erubrus
605 2073 786 2131 mutationes.
823 2087 887 2130 rem
900 2069 1058 2130 Romanam
1073 2071 1166 2130 huone
1212 2139 1213 2148 ἵ

122 2155 258 2216 sotietate
270 2154 386 2231 gloriae
398 2163 578 2233 proveetum,
593 2162 623 2214 ut
632 2155 763 2215 ¹externis
775 2170 892 2232 quoque
903 2153 1040 2230 gentibus
1051 2154 1129 2232 quie·

120 2249 182 2301 tem
198 2239 279 2300 velit.
311 2238 406 2298 datum
422 2237 545 2316 posthae
558 2237 591 2298 G.
605 2236 723 2315 Cassio,
740 2239 787 2316 qui
803 2237 905 2296 Suriae
919 2246 1065 2315 praeerat,
1081 2235 1129 2296 de·

8 2363 9 2368 1
121 2323 233 2384 dooere
248 2323 382 2383 iuvenem
396 2321 719 2401 ripamndlluphratis.
1075 2374 1081 2386 .

8 2421 10 2434 ’
190 2406 239 2466 12.
262 2405 306 2466 lla
327 2415 500 2485 tempestate
522 2405 641 2468 cassum
667 2413 784 2466 eeteros
806 2403 1004 2485 praeminebat
1027 2404 1131 2484 peritia

8 2561 10 2566 ,
120 2493 238 2568 legum:
261 2507 326 2550 nam
341 2489 480 2552 militares
495 2498 575 2551 artes
591 2507 646 2569 per
661 2490 749 2550 otium
764 2492 898 2567 ignotae,
915 2488 1132 2567 industriosque

8 2605 10 2658 j
121 2582 172 2637 aut
186 2575 312 2652 Quavos
328 2591 387 2654 pax
399 2575 427 2633 in
442 2591 536 2654 aequo
551 2581 643 2635 tenet·
663 2590 700 2635 ao
714 2583 808 2635 tamen
822 2583 957 2652 qnantum
973 2573 1035 2632 sine
1050 2570 1131 2632 bello

8 2665 9 2718 ὲ
121 2658 262 2734 dabatur,
278 2672 421 2718 resonare
433 2659 561 2736 pulsuum
575 2673 702 2735 morem,
717 2659 882 2719 exereitare
898 2658 1048 2734 legiones,
1063 2673 1132 2716 onra

121 2743 246 2823 provisu
262 2739 382 2820 perinde
398 2759 489 2820 agera
504 2759 540 2804 uo
556 2744 582 2802 ei
596 2741 692 2803 hostis
706 2743 871 2820 ingrueret:
885 2743 925 2803 ita
940 2740 1056 2818 dignum
1071 2757 1156 2800 mae

121 2826 236 2888 ionibus
253 2827 314 2887 suis
332 2834 364 2887 et
382 2826 490 2888 familia
504 2825 612 2886 Gnosia
624 2832 715 2887 rotas
737 2843 790 2905 per
805 2823 872 2886 ullas
888 2843 1004 2904 quoque
1026 2833 1130 2902 gentes
1232 2877 1240 2887 .

122 2909 281 2972 celebrata.
303 2911 391 2988 igitur
404 2911 508 2971 excitis
518 2925 639 2989 quorum
648 2909 684 2970 de
698 2909 840 2970 sententia
853 2910 1035 2989 potiusnon,
1053 2907 1131 2986 posi·

121 2999 220 3074 uisque
245 2996 348 3055 eastris
378 2993 454 3074 apud
472 2991 615 3072 Zeugma,
641 2994 718 3054 undo
738 2994 862 3054 maxime
887 2995 1006 3073 pervius
1029 2993 1130 3067 amnis,

121 3088 278 3160 postquam
290 3077 428 3138 inlustres
440 3077 538 3139 Parthi
549 3094 661 3157 rexque
673 3077 801 3140 Multum
812 3077 947 3138 Acbarus
962 3076 1130 3150 advenerat,

120 3170 223 3226 mouet
243 3162 447 3240 Meherdaten,
479 3160 667 3223 barbarorum
693 3164 815 3242 impetus
838 3179 923 3222 aures
947 3158 1165 3222 annotationem

121 3249 320 3326 languescere
343 3255 391 3308 aut
413 3247 441 3305 iu
461 3245 612 3326 perfidiam
635 3248 753 3308 mutari:
783 3247 824 3306 ita
852 3251 991 3321 urgueret
1014 3247 1130 3316 coapta.

123 3331 202 3414 qaod
218 3340 346 3412 spretum
360 3325 462 3390 fraudo
473 3329 592 3407 thari,
608 3333 657 3410 qui
667 3332 800 3391 invenem
812 3330 943 3405 ignarum
955 3333 985 3384 et
996 3337 1131 3383 summam

122 3417 266 3478 lortuuam
281 3417 309 3475 in
326 3415 394 3475 luxu
408 3423 500 3475 ratum
514 3413 621 3475 multos
634 3431 688 3493 per
700 3413 761 3474 dies
777 3411 888 3472 attinuit
903 3407 978 3486 apud
994 3402 1130 3484 oppidum
