2536 3870
169 131 232 196 ιιι
414 143 579 192 coeunun
595 131 931 192 securissimum

233 299 285 362 39.
308 298 392 360 lluue
411 317 507 358 rernm
525 315 657 374 cursum,
679 315 850 378 quamquam
865 296 943 360 nulla
961 295 1149 358 verborum
1141 315 1180 356 ra
1258 317 1259 324 ι

169 385 274 446 atsutia
290 383 424 467 epistulis
440 381 599 460 Agricolae
617 391 747 460 auctum,
770 391 801 442 ut
816 381 981 444 Domitiano
996 382 1087 444 moris
1103 390 1183 458 erat,

167 470 264 530 iroute
280 468 373 527 laetus
379 476 526 546 ,pectore
541 465 643 526 anxius
660 467 787 545 excepit.
819 467 913 528 iuerat
929 466 1114 526 conscientia
1131 463 1183 524 tle·
1258 471 1259 538 ]

168 554 237 612 risur
230 552 344 612 inisse
360 569 452 629 nuper
467 551 571 610 falsum
588 568 605 610 e
621 547 773 612 Germania
788 547 979 648 triumphurn,
997 551 1108 628 emptis
1125 567 1184 648 per
1258 547 1259 618 f

139 656 155 698 ι
169 653 360 712 commercia,
378 652 499 714 quornm
516 633 630 694 babitus
646 642 675 693 et
689 635 786 696 crines
801 633 830 696 in
844 635 1027 712 captivorum
1043 633 1184 710 speciem
1258 629 1259 676 l

167 722 375 780 formarentur:
400 727 429 779 at
444 737 518 788 nune
538 735 637 778 veram
655 735 847 796 magnamque
869 718 1021 780 uictoriam
1041 725 1087 778 tot
1104 715 1183 776 mili·

168 805 222 866 bus
241 804 366 865 bostium
389 805 485 864 caesis
508 804 628 879 ingenti·
638 802 712 862 fama
732 801 886 864 celebrari.
921 801 951 862 ιιι
971 799 1028 862 sibi
1050 801 1184 860 maxime

167 887 408 964 formidolosum,
424 888 528 967 priuati
543 886 666 946 bominis
680 903 786 946 nomen
803 903 892 965 snpra
908 885 1049 964 principis
1063 884 1181 946 attolli:

167 974 275 1034 frustra
291 970 384 1032 studia
399 972 456 1032 iori
472 979 502 1032 et
520 971 646 1031 civilium
659 972 762 1031 artium
780 971 873 1032 decus
887 971 916 1030 in
936 969 1083 1030 silentium
1099 977 1181 1045 acta,

133 1079 159 1120 ro
169 1057 194 1117 si
208 1056 359 1120 militarem
379 1055 502 1133 gloriam
524 1054 597 1116 alius
618 1063 792 1134 oocuparet;
815 1062 914 1116 cetera
929 1063 1087 1132 utcumque
1107 1053 1181 1114 iaci·
1258 1093 1259 1134 ι

168 1143 225 1202 lius
251 1138 443 1216 dissimulari,
473 1139 555 1200 ducis
581 1137 650 1198 boni
681 1139 898 1218 imperatoriam
928 1139 1067 1198 virtutem
1099 1155 1176 1198 esse.

168 1223 274 1286 talibus
301 1225 378 1284 curis
401 1224 564 1300 exercituo,
594 1222 732 1302 quodque
759 1240 867 1284 saevae
894 1221 1083 1299 cogitationis
1108 1220 1171 1280 imli·
1258 1275 1259 1336 p

169 1310 243 1370 oium
271 1317 352 1384 erat,
384 1316 502 1368 secreto
531 1325 583 1368 suo
612 1307 752 1384 satiatus,
781 1307 919 1386 optimum
948 1305 977 1366 in
1007 1305 1169 1382 praesentia

168 1395 265 1454 statuit
285 1410 431 1471 reponere
446 1390 559 1467 odium,
584 1390 678 1452 donec
693 1393 819 1470 impetus
835 1389 929 1452 famae
944 1397 974 1449 et
989 1389 1077 1448 lavor
1093 1406 1175 1448 exer·

132 1497 159 1538 rs
169 1478 242 1538 citus
262 1476 483 1554 languesceret;
504 1476 670 1536 nemetiam
693 1485 752 1536 tum
771 1473 913 1551 Agricola
928 1472 1107 1544 Britanniam
1127 1471 1177 1532 ob·

166 1561 286 1624 tinebat.

231 1645 282 1705 to.
303 1643 396 1721 Igitur
411 1642 594 1722 triumphalia
610 1653 778 1705 ornamento
795 1651 825 1704 ot
845 1642 973 1704 inlustris
991 1648 1107 1700 statuae
1128 1641 1180 1701 bo·

167 1747 289 1804 norem,
306 1737 334 1788 et
346 1726 484 1806 quidquid
500 1745 554 1815 pro¹
569 1727 713 1807 triumpho
730 1725 827 1804 datur,
843 1726 933 1786 multo
951 1723 1112 1786 uerborum
1129 1724 1180 1784 ιιιι-

168 1830 240 1873 nore
258 1811 414 1886 cumulata,
438 1806 602 1870 decernite
617 1822 718 1870 senatu
735 1810 814 1870 iubet
831 1809 984 1889 addique
975 1825 1097 1886 insuper
1116 1811 1179 1887 opi·

168 1898 300 1971 nionem,
316 1894 427 1954 Suriam
444 1894 623 1974 prouinciam
639 1894 799 1972 Agricolae
815 1893 965 1970 destinari,
980 1909 1102 1952 vacuam
1120 1901 1181 1952 tum

144 1987 262 2040 omorte
277 1939 357 2040 Atilii
378 1977 442 2038 Ruii
460 1978 622 2040 consularis
641 1988 670 2038 et
685 1977 841 2039 maioribus
863 1985 1052 2039 reservatam.
1078 1977 1179 2036 credi·

168 2063 240 2124 dere
265 2061 398 2142 plerique
419 2062 554 2123 libertum
577 2081 615 2124 cx
633 2062 845 2124 semotioribus
867 2060 1035 2121 ministeriis
1056 2058 1181 2120 missum

168 2146 205 2208 ad
227 2146 398 2225 Agricolam
422 2146 590 2222 codicillos,
618 2146 723 2224 quibua
743 2147 770 2207 ei
793 2146 875 2206 Suria
895 2145 1035 2219 dabatur,
1059 2143 1178 2220 tulisse,

169 2250 233 2292 cum
251 2240 411 2330 praecepto
426 2240 471 2305 nt,
489 2233 513 2290 si
528 2232 555 2292 in
570 2229 716 2290 Britannia
730 2230 819 2308 ieret,
834 2229 1032 2296 maderentum
1050 2244 1180 2308 eumque

169 2315 331 2376 libertum
322 2333 350 2374 ιιι
367 2316 433 2392 ipso
454 2315 531 2374 ireto
554 2312 663 2374 Oceani
685 2307 801 2376 obvium
815 2313 994 2391 Agricolae,
1018 2329 1054 2370 ne
1072 2312 1177 2390 appel·

132 2401 228 2461 soleto
249 2399 363 2498 quitlem
384 2416 420 2458 eo
438 2397 475 2458 ad
489 2397 680 2460 Domitianum
702 2415 866 2474 remeasse,
890 2399 952 2456 sive
974 2412 1075 2456 verum
1091 2394 1178 2472 istutl,

169 2485 232 2544 sive
248 2501 286 2542 cx
301 2484 418 2560 ingenio
431 2482 572 2561 principis
589 2484 685 2542 retum
700 2501 736 2544 ac
757 2483 949 2581 compositum
964 2488 1019 2540 est.
1048 2477 1177 2540 tradide-

169 2576 214 2628 rat
230 2567 343 2628 interim
358 2567 501 2644 Agricola
523 2568 689 2628 successori
707 2585 761 2628 suo
783 2567 962 2646 provinciam
984 2563 1113 2642 quietam
1136 2573 1177 2622 ιιι-

167 2662 293 2729 tamque.
324 2669 359 2712 ac
377 2669 414 2711 ne
434 2649 571 2712 notabilis
594 2649 763 2711 celebritate
785 2659 814 2710 et
835 2648 997 2728 frequentia
1018 2664 1176 2707 occurren-

168 2737 237 2795 tium
259 2735 391 2796 introitus
410 2744 504 2816 esset,
526 2734 616 2796 vitato
637 2735 795 2797 amicorum
816 2735 915 2796 cilicio
939 2740 1029 2793 noctu
1046 2731 1075 2790 in
1092 2731 1174 2792 Pala·

131 2834 159 2875 ιι
169 2820 248 2894 trum,
265 2820 302 2878 ita
319 2827 350 2877 ut
362 2825 550 2898 praeceptum
562 2829 633 2897 erat,
649 2821 742 2889 renim
758 2827 959 2918 exceptusque
974 2814 1057 2876 brevi
1070 2815 1175 2875 osculo

168 2912 198 2964 et
220 2900 299 2962 nullo
321 2921 455 2964 sermone
476 2902 579 2964 turbae
602 2902 787 2966 servientium
803 2903 938 2964 inmixtus
960 2909 1015 2962 est.
1046 2908 1174 2960 ceterum

167 2988 208 3046 uti
226 2985 349 3048 militare
365 3005 487 3064 nomen,
502 3005 596 3065 grave
612 2991 686 3048 inter
702 2989 834 3065 otiosos,
856 2985 921 3048 aliis
936 2983 1091 3046 virtutibus
1105 2991 1173 3042 tem·
1256 2975 1259 3062 l

168 3080 297 3151 peraret,
316 3071 554 3151 tranquillitatem
567 3081 654 3150 atque
670 3073 758 3131 otium
772 3071 887 3151 penitus
898 3069 1005 3144 bausit,
1022 3066 1101 3128 cultu
1115 3083 1173 3126 mo·
1258 3069 1259 3072 ’

169 3155 268 3232 dicus,
288 3173 422 3216 sermone
444 3156 557 3232 facilis,
578 3175 635 3218 uno
653 3163 701 3216 aut
719 3157 813 3216 altero
832 3156 988 3216 amicorum
1008 3152 1173 3224 comitatus,

134 3237 247 3298 suadeo
259 3239 298 3297 uti
311 3241 455 3320 plerique,
472 3238 575 3319 qrribus
586 3257 710 3318 magnos
723 3242 805 3300 viros
820 3257 874 3318 per
888 3236 1072 3299 ambitionem
1088 3233 1171 3295 aesti-

167 3338 247 3380 more
262 3340 323 3382 mos
340 3334 402 3400 est,
425 3325 490 3405 viso
509 3333 691 3403 aspectoque
706 3322 848 3402 Agricola
864 3327 1039 3402 quaererent
1057 3317 1171 3390 lamam,
1258 3361 1259 3370 r

55 3423 58 3426 ·
168 3404 253 3478 pauci
269 3395 538 3486 interpretarentur.
609 3475 611 3479 ,
1258 3407 1259 3428 ¹
