2540 3874
168 147 208 209 ou
373 193 376 200 f
413 158 577 207 conanum
600 158 717 206 uscruu
740 157 923 206 nnusmun

231 314 280 374 22.
297 311 429 373 Laudatis
450 331 505 392 pro
532 312 667 374 contione
691 313 849 374 viatoribus
869 310 978 373 Caesar
1000 313 1166 391 congeriem
1250 293 1251 356 ἶ

168 415 308 458 armorum
331 399 449 474 struxit,
473 396 599 476 superbo
622 415 690 456 cum·
705 395 804 457 titulo:
827 395 979 456 debellatis
1001 397 1076 456 inter
1090 395 1167 459 llbe-
1250 399 1251 476 3

167 501 232 542 nuum
247 481 403 561 Albimque
422 481 585 541 nationibus
600 480 758 540 exercitum
777 478 886 540 Tiberii
903 478 1038 541 (laeseris
1052 497 1087 540 ea
1107 497 1169 541 mo·

166 569 291 626 nimenta
311 564 394 625 lilarti
414 573 444 624 et
456 563 519 624 lori
535 573 564 624 et
577 565 710 642 Augusto
728 565 901 624 sacravisse.
937 563 973 623 de
989 581 1022 624 se
1035 563 1103 624 nihil
1118 563 1168 625 ad-

168 649 254 726 didit,
279 656 355 708 metu
381 648 505 708 invidiae
528 657 662 708 auratus
683 649 888 708 conscientiam
907 648 976 709 iacti
997 650 1068 708 satis
1088 667 1172 708 essee

166 751 234 795 mox
253 732 360 793 bellurn
381 733 409 792 in
427 731 618 810 Angrivarios
638 733 772 792 Stertinio
794 731 921 809 mandat,
942 733 971 790 ni
989 731 1171 802 ,deditionem

166 817 414 899 properavisscnt.
450 825 535 895 atque
557 815 597 875 illi
619 815 769 894 supplices
792 811 861 876 nibil
886 813 1037 876 abnuendo
1056 817 1170 876 veniam
1250 841 1251 868 t

167 902 288 962 omnium
307 917 462 979 accepere.

229 985 279 1047 23.
302 983 361 1044 Sed
385 992 495 1044 aestate
520 984 575 1043 iam
598 982 693 1044 adulta
717 983 963 1060 legionum'aliae
984 985 1086 1043 itinere
1109 993 1170 1044 ter·

165 1071 252 1130 restri
274 1069 303 1126 in
323 1066 508 1127 hibernacula
528 1068 681 1136 remissam
705 1067 804 1145 plures
822 1066 931 1128 Caesar
952 1066 1038 1128 classi
1059 1068 1171 1147 inpdsi·

165 1143 210 1214 tas
233 1151 406 1232 per'ilumen
421 1150 557 1216 Amisiam
571 1149 688 1212 Oceano
703 1152 821 1211 inuexit.
856 1168 891 1211 ac
914 1153 1006 1230 primo
1022 1151 1171 1230 placidum

133 1242 136 1249 '
157 1239 276 1316 'aequor
296 1234 374 1294 mille
396 1235 508 1296 navium
529 1236 617 1294 remis
639 1244 773 1314 strepere
794 1243 842 1296 aut
862 1234 937 1295 velis
956 1235 1074 1314 inpelli:
1098 1252 1172 1295 mox

109 1363 111 1368 -
142 1329 229 1384 satro
251 1318 365 1379 nubium
386 1319 476 1396 globo
492 1319 583 1379 eiiusa
597 1317 726 1396 grando,
748 1305 830 1378 simul
851 1320 938 1379 variis
957 1319 1081 1398 undique
1098 1337 1169 1399 pro-

134 1444 137 1450 ·
166 1403 249 1471 cellis
265 1404 367 1463 incerti
382 1402 485 1464 ductus
503 1409 690 1482 prospectum
705 1402 849 1479 adimere,
871 1404 1002 1480 regimen
1017 1402 1169 1481 inpedire;

164 1487 306 1566 milesque
328 1487 450 1566 pavidus
469 1496 500 1547 et
520 1504 636 1547 casuum
656 1487 742 1547 maris
764 1489 882 1564 ignarus
903 1487 967 1546 dum
991 1484 1085 1547 turbat
1098 1505 1170 1548 nau·

164 1581 209 1633 tas
228 1571 276 1636 uel
296 1572 497 1651 intempestiue
517 1573 609 1646 iuuat,
631 1571 727 1632 cilicia
749 1569 928 1648 prudentium
952 1570 1170 1649 corrumpebat.

1247 565 1251 576 a

1250 885 1251 902 l

95 1667 97 1671 ’
151 1653 249 1715 'omne
273 1653 377 1714 debinc
399 1655 510 1715 caelum
532 1663 562 1714 et
588 1671 666 1714 mare
691 1672 774 1714 omne
798 1656 826 1714 in
847 1663 972 1715 austrum
991 1657 1095 1732 cessit,
1119 1657 1170 1734 qui
1250 1709 1251 1730 ,

131 1761 154 1801 ro
164 1737 264 1798 umidis
286 1737 455 1799 Germaniae
469 1739 577 1815 terris,
609 1738 758 1816 profundis
780 1738 923 1816 amnibus,
950 1739 1089 1804 immenso
1116 1757 1167 1798 nu·

163 1821 240 1880 bium
260 1829 353 1880 tractu
376 1820 486 1882 ualidus
508 1830 537 1881 et
556 1824 655 1898 rigore
676 1822 763 1882 vicini
789 1823 994 1901 septentrionis
1022 1822 1168 1883 horridior
1250 1821 1251 1890 l

162 1907 258 1983 rapuit
278 1904 450 1984 disiecitque
472 1922 563 1966 naves
582 1906 610 1964 in
634 1914 734 1984 aperta
758 1906 867 1966 Oceani
888 1915 936 1967 aut
959 1905 1066 1966 insulas
1083 1909 1168 1988 ,saxis
1250 1917 1251 1982 t

162 1989 291 2066 abruptis
306 1987 354 2046 vel
368 2005 422 2067 per
436 1988 550 2049 occulta
564 1988 637 2049 vada
652 1989 782 2050 iniestas.
813 1990 917 2068 quibus
933 1990 1046 2069 paulum
1062 2007 1167 2068 aegre·

162 2089 220 2152 que
240 2071 351 2148 vitatis,
377 2071 529 2152 postquam
549 2072 674 2132 mutabat
697 2083 794 2133 aestus
811 2074 971 2154 eodemque
988 2091 1045 2152 quo
1062 2084 1167 2134 ventus
1250 2107 1251 2142 ᾗ

129 2153 292 2232 auferebat,
314 2172 371 2215 non
392 2155 553 2216 adhaerere
571 2157 706 2234 ancoris,
728 2174 786 2218 non
808 2157 961 2218 exhaurire
976 2159 1167 2237 inrumpentis
1250 2191 1251 2240 ᾗ

161 2239 252 2300 undas
269 2248 417 2319 peierante
439 2242 521 2319 equi,
537 2242 677 2316 iumenta,
700 2242 847 2319 sarcinae,
863 2243 947 2302 etiam
962 2258 1039 2303 arma
1051 2243 1165 2320 praeci·

131 2369 133 2375 .
162 2325 304 2404 pitantur,
327 2339 385 2400 quo
401 2325 567 2384 levarentur
586 2325 678 2401 alvei,
694 2332 841 2386 manantes
857 2343 910 2404 per
924 2326 1015 2386 latera
1034 2335 1063 2384 et
1076 2324 1165 2385 ductu
1250 2335 1251 2358 ¹

162 2415 385 2486 superlugebit.

222 2491 274 2550 24.
298 2489 412 2564 Quanto
435 2491 712 2552 uiolentior·eetero
734 2493 813 2552 mari*
821 2491 956 2554 Oceanus
978 2501 1006 2553 et
1019 2489 1162 2552 truculen-
1250 2487 1251 2554 l

69 2629 71 2636 ,
161 2575 200 2633 tia
220 2573 294 2634 caeli
316 2581 445 2651 praestat
465 2573 630 2652 Germania,
656 2583 762 2635 tantum
782 2575 831 2637 illa
861 2575 959 2637 elides
985 2577 1112 2636 novitate
1134 2584 1166 2635 ot
1250 2599 1251 2606 ¹

160 2656 354 2735 magnitudine
382 2659 525 2735 excessit,
559 2657 713 2719 hostilibus
754 2659 861 2720 circum
889 2659 1023 2721 litoribus
1049 2666 1095 2720 aut
1124 2658 1166 2719 ita
1250 2711 1251 2716 ,

160 2749 243 2802 vasto
266 2748 295 2800 et
316 2741 477 2820 profundo,
508 2750 539 2801 ut
558 2741 691 2802 credatur
713 2743 898 2804 novissimum
926 2761 962 2804 ac
988 2745 1050 2804 sine
1077 2745 1166 2802 terris

138 2843 250 2887 amare.
277 2841 346 2904 pars
359 2828 473 2902 nuvium
487 2824 606 2886 haustae
623 2834 701 2902 sunt,
718 2826 817 2906 plures
833 2828 907 2908 apud
925 2826 1033 2888 insulas
1046 2827 1166 2904 longius
1250 2841 1251 2862 ³

160 2910 229 2973 sitas
257 2909 385 2978 eiectae;
413 2909 554 2988 milesque
575 2909 655 2970 nullo
677 2910 737 2970 illic
758 2910 902 2972 bominum
925 2910 1001 2972 cultu
1022 2911 1097 2971 lame
1113 2909 1166 2972 ab·
1250 2955 1251 2960 η

159 3000 311 3071 sumptus,¹
330 2994 384 3052 nisi
409 3010 482 3073 quos
504 3008 627 3072 corpora
650 3010 789 3072 equorum
812 2995 914 3057 eodem
931 2995 1002 3055 elisa
1018 2994 1164 3056 tolerave-
1250 3061 1251 3066 ,

158 3085 230 3136 rant.
274 3075 336 3136 sula
358 3077 519 3138 Germanioi
547 3078 672 3138 triremis
693 3076 875 3140 Chaucorum
904 3089 1009 3139 terram
1037 3077 1164 3157 adpulit;
1250 3073 1251 3120 1

159 3173 248 3239 qnam
264 3178 318 3239 per
342 3178 442 3222 omnes
460 3161 528 3221 illos
545 3159 607 3220 dies
622 3171 784 3240 noctesque
801 3163 877 3242 apud
894 3161 1034 3242 scopulos
1050 3171 1079 3222 et
1094 3180 1163 3242 pro·
1250 3183 1251 3188 ¹

121 3245 291 3304 nominantis
307 3260 390 3323 oras,
413 3263 476 3304 oum
493 3263 525 3304 se
540 3247 609 3304 tanti
625 3247 704 3306 exitii
720 3263 800 3306 reum
817 3247 993 3323 clamitaret,
1015 3248 1064 3306 vix
1083 3247 1161 3307 uolri-
1250 3291 1251 3300 2

140 3326 248 3387 buere
269 3329 352 3388 amici
369 3345 426 3408 quo
441 3331 532 3392 minus
553 3328 655 3390 eodem
669 3330 741 3390 mari
757 3340 922 3409 oppeteret.
949 3329 1071 3393 ‚mudena
1086 3330 1162 3392 rela-

157 3410 244 3471 bente
258 3421 338 3472 aestu
352 3422 381 3472 et
391 3413 567 3474 secundante
581 3423 669 3474 vento
679 3413 798 3475 claudae
807 3433 897 3476 naves
905 3432 971 3476 raro
979 3414 1104 3492 remigio
1113 3421 1166 3476 aut
