2546 3872
403 209 509 257 ursan
523 209 547 257 ι.
564 209 640 258 cae.
657 170 746 262 3-8.
1060 198 1079 258 5

67 366 194 426 virtutes
211 363 394 425 verebantur.
424 365 551 425 accessit
566 363 675 426 Galbae
696 383 756 425 vox
771 382 824 444 pro
839 384 872 426 re
894 363 1011 444 publiea
1026 363 1078 424 bo·
1090 375 1115 417 ιι

68 457 169 526 nesta,
184 448 242 526 ipsi
258 466 382 527 anceps,
399 447 459 526 legi
476 467 493 509 a
511 467 544 508 se
561 449 694 528 militem,
715 447 774 509 'raon
790 452 861 520 emi;
883 467 939 509 nee
954 451 1030 508 enim
1044 448 1078 510 ad

67 534 145 595 banc
159 533 283 593 formam
300 541 399 593 cetera
416 541 507 593 erant.

131 615 164 677 6.
187 615 346 677 Invalidum
362 634 462 676 senem
477 616 558 680 'litus
571 617 673 677 Vinius
689 626 718 678 et
735 615 889 678 Cornelius
900 617 989 692 Laco,
1006 616 1081 676 alter

68 701 243 762 deterrimus
265 700 445 778 mortalium,
474 701 548 762 alter
563 696 790 779 ignavissimus,
815 701 882 762 odio
906 701 1081 778 flagitiorum

67 793 221 846 oneratum
247 790 415 865 contemptu
442 787 563 847 inertiae
589 785 785 847 destruebant.
834 785 944 847 tardum
968 783 1086 846 Galbae

65 872 124 930 iter
145 874 176 928 et
196 878 361 948 cruentum,
382 869 544 930 intersectis
560 869 703 948 Cingonio
725 872 859 931 Varrone
886 868 1006 930 consule
1031 868 1079 929 dc·

65 957 185 1032 signato
208 961 237 1014 et
258 953 395 1014 Petronio
417 952 586 1034 Turpiliano
608 955 770 1015 consudari:
796 953 847 1015 ille
873 963 903 1014 ut
923 951 1101 1032 Nymphidio

66 1038 186 1114 socius,
200 1036 249 1097 bie
267 1045 298 1097 ut
313 1037 371 1098 dux
385 1037 522 1116 Neronis,
540 1039 657 1099 inauditi
671 1048 759 1118 atque
776 1037 920 1100 indefensi
936 1047 1081 1118 tamquam

68 1123 240 1182 innoeentes
263 1123 419 1200 perierant.
449 1124 583 1183 introitus
602 1125 631 1183 in
652 1122 753 1183 urbem
772 1123 922 1183 trucidatis
943 1131 986 1182 tot
1008 1121 1080 1181 rnili-

68 1205 124 1265 bus
142 1205 291 1284 inermium
312 1205 431 1266 militnm
453 1207 594 1268 infaustus
614 1209 710 1268 omine
730 1217 817 1288 atque
838 1208 911 1286 ipsis
928 1208 1014 1267 etiam
1031 1206 1081 1284 qui

66 1289 240 1351 occiderant
264 1290 482 1364 formidolosus.
527 1290 642 1352 inducta
668 1291 786 1369 legione
810 1291 956 1372 llispana,
986 1307 1078 1350 rema·

65 1383 155 1434 nente
171 1391 206 1434 ea
226 1391 310 1452 quam
325 1392 342 1433 e
358 1374 455 1435 classe
465 1374 546 1437 Nero
560 1377 787 1454 conscripserat,
805 1375 893 1453 plena
908 1373 977 1434 urbs
993 1391 1077 1434 exer·
1089 1394 1114 1434 ιο
1157 1381 1163 1388 ”

67 1461 124 1518 citu
140 1457 274 1526 insolitc;
293 1459 373 1519 multi
387 1457 424 1520 ad
438 1458 496 1520 hoe
513 1461 624 1520 numeri
640 1478 657 1518 e
673 1457 826 1520 Germania
841 1477 876 1519 ao
890 1457 1036 1518 Britannia
1051 1466 1080 1517 et

65 1540 205 1618 illyrico,
230 1559 305 1621 quos
323 1542 399 1602 idem
414 1542 494 1603 Nero
517 1544 631 1604 electos
646 1545 884 1623 praemissosque
899 1540 937 1602 ad
952 1541 1080 1602 claustra

66 1625 239 1704 Caspiarum
255 1634 284 1685 et
296 1625 421 1703 bellum,
437 1626 517 1706 quod
530 1628 559 1687 iu
573 1627 707 1687 Albanos
721 1625 857 1707 parabat,
878 1624 1079 1705 opprimendis

68 1707 199 1770 Vindicis
216 1711 331 1790 coeptis
347 1721 559 1771 revocaverat:
575 1712 680 1789 ingens
695 1711 779 1771 novis
794 1709 883 1770 rebus
901 1711 1033 1788 materia,
1048 1718 1079 1770 ut

64 1807 122 1854 non
137 1794 166 1853 in
181 1811 264 1855 unum
280 1794 404 1873 aliquem
421 1811 513 1874 prono
529 1795 649 1869 lavore,
669 1795 708 1856 ita
723 1794 839 1855 audenti
854 1803 965 1874 parata,
1012 1835 1015 1854 ι
1087 1814 1113 1858 ιι

128 1879 158 1936 7.
181 1877 273 1938 Forte
290 1887 466 1956 congruerat
483 1888 514 1938 ut
529 1877 624 1940 Glcdii
641 1879 732 1940 blacri
753 1887 782 1939 et
803 1877 908 1939 Fontei
925 1877 1077 1957 Gapitonis

62 1960 174 2022 caedes
198 1964 403 2024 nuntiarentur.
439 1963 567 2025 blacrnm
590 1964 619 2023 in
633 1963 735 2026 Africa
757 1962 831 2023 haud
854 1961 940 2022 dubie
961 1961 1077 2034 turban-

60 2055 121 2108 tem
140 2043 304 2107 Trebonius
322 2045 493 2110 Garutianus
514 2057 689 2126 proourator
708 2050 788 2108 iussu
805 2045 933 2125 Galbae,
959 2045 1076 2125 Gapito·

11 2157 13 2206 3
60 2148 128 2191 uem
144 2131 173 2189 in
190 2129 360 2209 Germania,
377 2149 441 2192 curn
458 2131 561 2209 similia
581 2140 749 2210 coaptaret,
774 2129 930 2190 Cornelius
943 2128 1076 2209 Aquinus

11 2211 13 2266 ἶ
60 2223 91 2276 et
116 2213 225 2275 Fabius
247 2215 359 2276 Valens
382 2216 473 2294 legati
494 2215 642 2294 legionum
669 2215 894 2290 interfecerant,
922 2222 1099 2293 antequama

59 2298 241 2359 iuberentur.
273 2299 356 2360 inere
373 2303 422 2379 qui
439 2299 594 2361 crederent
609 2299 782 2379 Capitonem
802 2305 832 2359 ut
854 2299 974 2359 avaritia
997 2307 1027 2357 et
1042 2298 1076 2358 li·
1095 2367 1096 2371 Ἰ

60 2383 161 2443 bidine
176 2381 293 2444 loedum
308 2403 344 2445 ae
356 2385 552 2463 maculosum,
573 2384 612 2446 ita
628 2384 807 2461 cogitatione
822 2400 920 2443 rerum
936 2396 1077 2442 nouarum
1106 2461 1113 2466 ἰ

61 2465 253 2546 abstinuisse,
276 2468 329 2528 sed
350 2487 366 2529 a
384 2470 490 2547 legatia
507 2467 615 2530 bellum
637 2466 843 2544 suadentibus,
865 2475 1020 2546 postquam
1034 2466 1076 2525 in·

62 2550 178 2632 pellere
194 2553 392 2630 nequiverint,
415 2555 524 2614 crimen
546 2571 580 2615 ac
602 2552 699 2614 dolum
720 2552 796 2620 altro
818 2551 1025 2631 compositum,
1047 2558 1077 2608 et

60 2634 183 2697 Galbam
198 2634 358 2714 mobilitate
373 2639 499 2716 ingenii,
523 2652 560 2697 au
580 2655 617 2698 ne
634 2637 719 2697 altius
736 2644 931 2714 scrutaretur,
955 2651 1111 2715 quoquere

60 2719 150 2780 modo
166 2729 242 2796 aeta,
258 2722 323 2798 quia
339 2723 442 2783 mutari
457 2740 515 2783 non
527 2729 673 2801 poterant,
692 2718 914 2799 comprobasse.
946 2728 1077 2780 ceterum

59 2813 186 2883 utraque
202 2803 311 2864 caedes
327 2807 445 2866 sinistre
460 2814 600 2887 accepta,
616 2815 646 2866 et
661 2807 756 2866 inviso
774 2805 866 2866 semel
882 2805 1006 2885 principi
1023 2823 1076 2864 seu

58 2888 137 2949 bene
163 2905 217 2947 seu
243 2888 320 2949 male
346 2889 423 2950 lacta
449 2908 549 2970 parem
576 2890 710 2952 invidiam
736 2888 916 2951 adferebant.
960 2889 1075 2950 venalia

11 3025 12 3030 ,
58 2979 184 3048 cuncta,
203 2981 415 3052 praepotentes
434 2973 546 3051 liberti,
572 2991 723 3036 servorum
736 2991 837 3034 uranus
852 2971 956 3034 subitis
971 2973 1074 3034 avidae

57 3065 88 3116 et
104 3064 251 3134 tamquam
273 3056 349 3136 apud
365 3075 464 3119 senem
485 3058 672 3136 destinantes,
696 3058 858 3138 eademque
879 3075 973 3119 novae
989 3057 1072 3118 anlae
1084 3082 1110 3123 ιι

57 3140 152 3216 mala,
169 3157 264 3219 aeque
278 3141 397 3218 gravia,
421 3161 479 3204 non
496 3161 590 3222 aeque
604 3151 755 3204 excusata.
783 3145 849 3222 ipsa
865 3152 947 3204 aetas
963 3140 1074 3203 Galbae

57 3225 159 3284 inrisui
181 3241 217 3283 ac
234 3224 351 3286 fastidio
375 3236 438 3288 erat
459 3226 586 3288 adsuetis
605 3231 741 3289 inventae
755 3225 883 3288 Neronis
903 3234 933 3286 et
950 3227 1073 3303 impera-

57 3318 152 3453 toresb
167 3307 258 3368 forma
279 3327 314 3370 ac
338 3308 448 3372 decore
473 3313 622 3392 corporis,
644 3320 676 3371 ut
690 3319 735 3370 est
749 3329 813 3371 mos
830 3311 931 3388 volgi,
958 3325 1073 3388 compa·

56 3395 131 3455 nanti
154 3410 198 3452 us.

121 3474 153 3539 8.
178 3475 218 3537 bt
232 3475 281 3538 bie
295 3476 410 3560 quidem
425 3479 551 3556 Romae,
576 3487 717 3560 tamquam
732 3479 762 3537 in
785 3485 864 3538 tanta
880 3471 1099 3550 multitudine&
