2536 3870
217 118 278 182 tto
453 123 751 174 comburamur
767 123 975 174 omasum

195 285 351 360 evincite,
369 280 580 344 reverberare
599 280 713 360 quidem
736 278 792 338 nisi
812 277 1014 340 sacerdotibus
1034 275 1198 355 permissum,

217 387 277 430 non
292 366 374 446 quasi
390 367 418 426 iu
433 383 557 445 poenam
573 382 629 425 uec
648 364 731 424 ducis
755 364 850 438 iussu,
873 361 925 422 setl
945 362 1026 422 velut
1048 360 1105 421 deo
1127 359 1199 437 inpe-

217 460 316 527 rante,
332 467 416 529 quem
431 449 536 510 adesse
551 447 727 508 bellantibus
742 445 872 506 credunt.
899 445 1075 523 effigiesque
1091 452 1120 505 et
1134 444 1200 520 signa

218 533 358 614 quaedam
379 531 509 594 deuecta
530 532 604 593 lucis
624 532 654 591 in
675 528 817 608 proelium
839 528 951 600 leutut;
978 527 1114 608 quodque
1133 543 1201 605 prae·

218 620 333 698 eipauru
347 615 521 678 fortitudinis
538 616 751 676 incitamentum
772 619 835 690 est,
866 629 925 672 non
954 627 1038 671 casus
1071 627 1125 670 nec
1157 610 1201 668 ior·

183 703 289 764 mtuita
305 699 495 777 conglobatio
511 707 631 760 turmam
644 704 693 758 aut
712 712 834 758 cuneum
854 695 940 773 iacit,
965 694 1019 756 setl
1039 693 1161 756 familiae
1183 697 1202 749 et

217 791 470 946 titttiiit
495 791 577 927 il
594 796 911 943 latitabit&
925 778 1201 942 hugpqggrffig

217 952 406 1028 similantes,
427 950 456 1010 bi
478 949 594 1011 maximi
612 949 794 1010 mutatores:
816 947 853 1009 ad
875 957 999 1026 matres,
1021 947 1059 1008 atl
1081 945 1202 1020 boninges

217 1034 341 1096 volnera
356 1034 467 1102 iemut;
484 1051 541 1095 nco
554 1033 622 1094 illae
634 1049 786 1094 numerare
797 1032 979 1110 autenigerc
988 1031 1095 1110 plagas
1104 1034 1200 1110 parent,

184 1135 210 1178 ts
221 1118 363 1197 cibosque
379 1125 408 1177 et
422 1116 582 1177 hortamina
598 1115 791 1196 pugnantibus
807 1123 934 1194 gestant.

282 1201 312 1264 8.
335 1199 495 1262 blemoriae
516 1199 650 1280 proditur
670 1199 808 1279 quartam
836 1198 917 1260 acics
941 1198 1096 1259 inclinatas
1117 1197 1163 1256 iau
1179 1199 1198 1249 ei

219 1284 352 1346 labantes
376 1302 393 1347 a
413 1284 529 1346 leminis
549 1285 696 1346 restitutas
720 1284 882 1345 constantia
903 1301 1022 1363 precum
1050 1291 1083 1342 et
1108 1280 1192 1342 obiectu

218 1377 378 1468 pectorum
392 1377 421 1430 ct
444 1376 601 1430 monstrata
625 1368 782 1428 comminus
811 1367 997 1448 captivitate,
1024 1384 1111 1447 mam
1134 1365 1193 1434 loutt

196 1452 987 1614 .litl‘llttiffitlttmtifftttltitt
1005 1441 1195 1609 stilibi:

219 1620 268 1680 lae
284 1635 401 1698 qucum
413 1619 531 1680 nobiles
555 1621 741 1699 imperantur.
780 1620 878 1680 inesse
898 1619 966 1698 quin
987 1619 1076 1679 etiam
1094 1620 1195 1677 sanctu

219 1701 328 1781 aliquid
350 1711 380 1762 et
399 1702 551 1781 proritlnm
578 1711 693 1782 putant,
714 1721 770 1763 neo
789 1711 839 1763 ant
857 1701 980 1764 consilia
1000 1719 1102 1762 earnm
1121 1709 1196 1774 asper·

218 1794 321 1846 uantur
336 1793 384 1845 aut
397 1801 541 1864 responsa
558 1785 729 1864 neglegunt.
748 1784 871 1846 uidimus
887 1786 1023 1846 subdivo
1039 1779 1196 1864 Vespasiani

218 1867 379 1942 Veledam,
404 1866 451 1928 dlu
471 1868 546 1948 apud
562 1868 723 1950 plerosque
737 1869 859 1929 numinis
874 1869 942 1929 loco
959 1868 1100 1936 habitam
1122 1859 1165 1926 sed
1180 1861 1197 1913 tl
1217 1837 1218 1899 l

185 1950 289 2052 scolim
306 1949 466 2012 Albrnnam
480 1961 511 2013 et
526 1953 684 2031 compluris
697 1953 769 2014 alias
788 1949 918 2014 uenerati
940 1961 1021 2028 sunt,
1045 1969 1103 2013 non
1124 1941 1197 2007 alula·

219 2043 299 2095 trono
321 2053 376 2095 nec
392 2044 535 2114 tamquam
548 2038 682 2098 iacerent
696 2037 777 2099 deas.

284 2119 315 2180 tt.
336 2118 465 2180 Deorum
479 2121 602 2180 maxime
617 2119 791 2181 llercurium
808 2120 923 2197 colunt,
944 2121 991 2179 cui
1014 2121 1104 2181 certis
1118 2109 1197 2174 liebus

218 2201 349 2264 humanis
362 2219 480 2282 qnoque
496 2204 599 2264 hostiis
615 2203 700 2264 litare
714 2203 760 2264 las
774 2203 894 2264 babent.
928 2203 1051 2264 llartem
1073 2188 1195 2263 concessit

220 2285 390 2346 animalibus
411 2285 527 2366 placant
549 2287 592 2365 [et
611 2285 791 2366 Herculeml.
824 2305 893 2366 pars
915 2287 1078 2350 Sueborum
1106 2291 1132 2343 et
1147 2269 1195 2336 laidi
1216 2321 1217 2328 κ

219 2369 381 2430 sacrificat:
397 2369 473 2430 untle
493 2389 580 2433 eausa
594 2379 624 2430 et
638 2371 724 2448 origo
740 2372 901 2450 peregrino
914 2389 1017 2448 sacro,
1031 2385 1127 2450 parunt
1138 2373 1193 2422 cou-

195 2454 300 2532 speri‚
322 2453 377 2513 uisi
399 2453 475 2533 quod
492 2457 605 2532 signum
627 2455 722 2534 ipsum
737 2456 766 2514 in
786 2455 900 2517 modum
918 2455 1051 2516 liburnae
1071 2453 1193 2530 liguratuu

220 2536 308 2598 docet
325 2536 475 2598 advectam
497 2538 681 2616 religionem.
720 2548 848 2599 ceterum
869 2557 925 2599 nec
947 2537 1087 2600 cohibere
1104 2521 1192 2614 parteti-

219 2619 273 2680 bus
285 2620 358 2680 deos
372 2639 468 2699 neque
483 2624 512 2682 in
527 2623 614 2683 ullam
634 2622 748 2682 humani
762 2624 823 2682 oris
844 2623 975 2702 speciem
997 2617 1157 2684 adsimulare
1168 2619 1191 2663 ei

219 2703 414 2781 magnitudine
434 2704 807 2767 caelestium‘arbitrantur:
826 2706 912 2768 lucos
929 2725 965 2768 ac
979 2719 1097 2767 nemora
1113 2706 1191 2759 conte·

222 2795 304 2846 crant
325 2787 504 2869 deommqne
526 2789 689 2850 nominibus
707 2790 858 2870 appellant
883 2799 1028 2851 secretum
1050 2783 1115 2850 illul
1134 2768 1188 2856 quoi

185 2889 212 2932 to
221 2869 285 2930 sola
301 2871 466 2932 reverentia
481 2872 590 2934 uident.

287 2955 334 3015 to.
357 2951 498 3034 Auspicia
522 2953 677 3036 sortesque
698 2966 728 3016 ut
749 2958 797 3037 qui
818 2959 942 3017 mamma
963 2950 1129 3017 observatu:
1146 2953 1187 3000 ³⁰¹·

83 3039 88 3048 “
219 3035 288 3096 tium
305 3037 487 3098 consuetudo
503 3041 638 3119 simplex.
683 3043 794 3119 virgam
810 3040 970 3119 frugiferae
985 3040 1083 3102 arbori
1092 3027 1188 3095 decisum

219 3119 398 3182 insnrculos
423 3131 570 3202 amputant
591 3141 703 3204 eosque
724 3126 801 3186 notis
820 3124 989 3204 quibusdam
1011 3123 1142 3186 discretos
1157 3117 1187 3194 ll]

219 3221 275 3284 per
291 3203 440 3268 canticam
454 3216 567 3268 restem
582 3217 693 3269 temere
708 3226 743 3269 ae
759 3208 879 3270 iortnito
899 3217 1050 3288 spargunt.
1084 3214 1154 3269 πηοί,
1171 3197 1185 3243 ⁸¹

195 3286 339 3366 spublice
354 3291 549 3371 consultetur,
562 3290 702 3353 sacertlos
715 3293 856 3371 civitatis,
868 3295 914 3356 sin
925 3290 1071 3374 priuatim,
1085 3289 1140 3366 ipsc
1154 3285 1184 3351 ps·

219 3379 264 3429 ter
278 3370 422 3450 familiae,
445 3384 583 3454 precatus
603 3375 676 3436 deos
692 3375 862 3457 caelumque
877 3379 1041 3460 suspiciens
1061 3384 1103 3437 ter
1115 3364 1181 3432 sisll'
