2596 3872
408 167 514 216 ursus
535 170 610 217 ιιιιι.
635 168 709 218 cnr.
729 167 848 222 ιιι-49.
1076 159 1140 222 24⁷

134 325 281 402 dictitans,
297 343 353 386 nec
368 343 458 404 posse
475 325 682 385 matrimonium
702 327 841 402 amittere,
858 324 1020 386 devinctam
1034 325 1141 386 Othoni

135 429 189 490 per
204 426 299 486 genus
312 410 403 487 vitae,
417 408 495 488 quod
509 427 594 469 nemo
609 409 801 490 adaequaret:
817 409 895 468 illum
911 411 1005 469 animo
1018 419 1048 470 et
1063 409 1141 470 cultu

134 494 333 571 magnificum
350 492 390 552 ibi
406 511 439 553 sc
454 511 563 554 summa
578 493 692 554 fortuna
707 493 794 572 digna
811 495 922 553 visere:
940 503 968 554 at
982 493 1139 572 Neronem,
1223 496 1225 500 ’

135 577 251 658 paelice
269 577 374 638 ancilla
391 586 420 638 et
436 577 624 639 adsuetudine
641 577 733 638 Actes
748 577 928 655 devinctum,
945 576 1014 638 nibil
1033 597 1050 637 e
1069 596 1138 638 con·
1150 591 1177 633 rs

133 662 269 722 tubernio
291 661 391 721 seruili
412 663 468 722 nisi
488 661 631 723 abiectum
648 671 678 723 et
693 661 838 722 sordidum
854 663 989 722 traxisse.
1018 661 1141 722 deicitur

133 745 329 806 familiaritate
348 755 445 825 sueta,
469 755 540 826 post
560 764 723 825 congressu
744 754 773 806 et
795 748 929 806 comitatu
944 745 1038 823 Otho,
1056 754 1086 806 et
1104 745 1141 806 ad
1162 804 1165 808 .

135 839 332 909 postremum,
330 839 336 846 “
349 849 386 890 ne
401 831 429 891 in
446 829 518 890 urbe
534 832 693 892 aemulatus
710 839 828 908 ageret,
846 831 1016 909 provinciae
1029 829 1141 890 busita·

58 955 60 960 -
132 915 200 974 niae
213 913 394 992 praeflcitnr3
412 913 461 974 ubi
481 932 573 994 usque
594 914 629 974 ad
646 915 741 975 civilia
758 921 835 976 amna
852 922 911 974 non
932 931 970 974 err
985 915 1084 993 priore
1099 913 1141 972 in·

132 998 219 1058 iamia
239 997 295 1057 sed
315 999 429 1076 integre
449 1007 609 1078 sancteque
630 1001 705 1077 egit,
729 1016 841 1078 procax
862 999 913 1058 otii
936 1006 966 1059 et
987 997 1177 1098 potestatistt

132 1083 352 1161 temperantior

197 1166 249 1226 47.
270 1165 419 1227 Hactenus
431 1165 511 1226 Nero
526 1166 642 1244 flagitiis
657 1175 686 1226 et
700 1165 863 1227 sceleribus
875 1166 1037 1226 velamenta
1052 1183 1141 1245 quae·

133 1250 211 1310 sivit.
248 1249 437 1329 suspectabat
458 1251 582 1311 maxime
605 1250 770 1311 Cornelium
786 1251 911 1328 Sullam,
934 1261 1037 1310 socors
1057 1250 1141 1327 inge-

12 1375 16 1382 -
132 1336 210 1393 nium
224 1333 290 1392 eins
309 1333 338 1392 in
355 1335 529 1394 contrarium
553 1334 671 1395 trahens
689 1334 880 1413 callidumque
901 1341 931 1392 et
946 1333 1142 1393 simulatorem
1175 1343 1182 1350 '

133 1416 362 1495 interpretando.
414 1436 499 1498 quem
519 1427 624 1478 mettun
647 1417 770 1496 Graptus
794 1435 833 1478 ex
857 1417 971 1477 libertis
994 1415 1140 1513 Caesaris,

134 1519 187 1561 usu
205 1511 234 1561 et
256 1509 376 1562 senecta
397 1501 515 1562 Tiberio
539 1502 669 1580 abusque
691 1502 805 1561 domum
823 1502 984 1580 principum
1006 1499 1167 1575 edoctus,s

134 1584 184 1644 tali
197 1583 350 1645 mendacio
367 1586 498 1646 intendit.
532 1603 606 1666 pons
620 1586 744 1647 blulvius
763 1586 792 1645 in
811 1601 847 1644 eo
863 1592 997 1664 tempore
1014 1583 1142 1644 celebris

66 1705 72 1712 -
133 1669 283 1728 nocturnis
297 1669 455 1730 inlecebris
472 1678 550 1740 erat;
575 1668 791 1750 ventitabatque
811 1669 882 1728 illuc
896 1667 992 1746 Nero,
1015 1683 1073 1746 quo
1093 1683 1142 1727 so·

132 1752 219 1813 lutius
243 1751 344 1812 urbem
369 1761 452 1814 extra
472 1752 630 1814 lasciviret.
675 1754 764 1830 igitur
784 1751 962 1830 regredienti
987 1769 1041 1830 per
1065 1753 1142 1810 viam

132 1835 299 1896 Flaminiam
316 1838 494 1918 compositas
509 1838 626 1897 insidias
648 1838 766 1916 fatoque
782 1839 919 1914 evitatas,
941 1836 1076 1915 quoniam
1099 1833 1141 1894 di·

135 1937 223 1980 verso
238 1920 342 1981 itinere
357 1921 550 1982 Sallustianos
563 1923 593 1980 in
607 1921 708 1982 bortos
723 1921 914 1997 remeaverit,
933 1929 1139 1998 auctoremque
1150 1935 1177 1978 ιι

134 2005 197 2062 eius
217 2002 278 2063 doli
294 2004 402 2064 Sullam
424 2007 592 2080 ementitur,
616 2005 683 2085 quia
697 2005 774 2065 iorte
798 2001 987 2064 redeuntibus
1003 2003 1141 2063 ministris

134 2087 276 2166 principis
291 2087 405 2167 quidam
422 2103 476 2168 per
490 2087 649 2150 iuvenilem
670 2087 832 2165 licentiam,
852 2105 927 2168 quae
946 2095 1015 2147 tuno
1031 2088 1141 2166 passim

132 2169 344 2251 exercebatur,
364 2173 478 2234 inanem
493 2181 599 2249 metum
614 2172 756 2232 lacerant
785 2188 881 2249 neque
897 2186 1047 2232 servornm
1062 2172 1140 2250 quis-

134 2273 218 2334 quam
231 2273 330 2334 neque
352 2256 497 2317 clientium
512 2256 612 2317 Sullae
625 2255 776 2335 adgnitus,
797 2255 980 2354 maximeque
998 2253 1141 2334 despecta

133 2350 163 2399 et
177 2339 282 2399 nullius
304 2341 365 2401 ausi
386 2359 480 2420 capax
496 2350 598 2402 natura
614 2341 676 2400 eius
692 2359 709 2400 a
725 2337 843 2400 crimine
859 2337 1051 2399 abhorrebat:
1073 2355 1139 2418 pcr-
1128 2349 1176 2393 -ιι

131 2423 200 2482 inde
220 2431 317 2483 tamen
337 2425 419 2504 quasi
445 2427 596 2485 convictus
616 2431 711 2501 esset,
744 2423 849 2483 cedere
871 2423 964 2502 patria
991 2429 1020 2480 et
1038 2415 1174 2482 blassi·

132 2505 265 2566 lien‘sium
280 2508 431 2569 moenibus
444 2524 577 2570 coerocrr
571 2508 717 2568 iubetur.

193 2590 246 2652 49.
268 2591 363 2651 Isdem
384 2593 555 2653 consulibus
580 2593 692 2652 orosae
713 2591 937 2652 Puteolanorum
962 2589 1139 2668 legationes,

132 2692 205 2754 quas
221 2673 352 2737 diversas
370 2676 443 2737 ordo
459 2675 545 2756 plebs
562 2676 598 2738 ad
614 2685 743 2736 senatum
757 2678 912 2753 miserant,
933 2672 976 2734 illi
994 2676 1050 2733 vim
1067 2673 1139 2734 mul*

132 2758 274 2837 titudinis,
295 2759 325 2819 bi
345 2762 563 2838 magistratuum
582 2769 612 2820 et
629 2762 712 2840 primi
729 2761 867 2839 cuiusque
884 2759 1031 2820 arandam
1045 2760 1141 2819 incre·

133 2852 248 2921 pantes.
289 2861 381 2923 eaque
397 2844 501 2905 seditio
518 2844 553 2906 ad
568 2861 639 2905 saxa
655 2852 685 2904 et
699 2844 789 2902 minas
804 2845 911 2920 ignium
928 2860 1088 2922 progressa
1102 2859 1140 2902 ne

133 2926 255 2987 caedem
276 2935 306 2987 et
328 2945 405 2988 arma
424 2929 603 3008 proliceret,
627 2926 660 2987 C.
680 2925 798 2987 Cassius
822 2926 983 2986 adhibendo
1007 2926 1165 2988 remediou
1245 2955 1246 2958 ¹

129 3009 276 3071 delectus.
316 3012 382 3090 quia
408 3014 594 3074 severitatem
621 3013 683 3072 eius
712 3029 771 3071 non
790 3010 971 3088 tolerabant,
1000 3018 1142 3091 precante

130 3095 198 3172 ipso
219 3094 256 3154 ad
271 3094 441 3156 Scribonios
461 3097 567 3158 iratres
585 3111 620 3156 ea
637 3103 705 3156 cura
721 3095 911 3175 transfertur,
933 3093 998 3155 data
1016 3095 1141 3155 coborte

130 3180 296 3258 praetoria,
313 3180 394 3256 cuins
408 3188 524 3258 terrore
538 3187 575 3240 et
582 3191 741 3259 paucorum
756 3179 902 3259 supplicio
918 3178 1004 3238 rediit
1017 3177 1138 3258 oppida

129 3261 176 3320 uis
191 3261 359 3323 concordia.

194 3345 337 3408 491909
350 3347 498 3410 reiemsm
507 3347 738 3426 vulgarissimum
754 3356 871 3407 senatos
887 3345 1048 3406 consultum
1056 3361 1142 3422 ,quo

131 3428 244 3488 civitati
268 3431 515 3508 Syracusanorum
542 3429 645 3510 egredi
670 3443 817 3490 numerum
849 3427 968 3488 edendis
994 3389 1145 3506 gladium·
