2440 3886
446 177 550 226 mana
562 152 584 226 r.
603 177 678 227 ear.
691 178 812 232 ee-eo
1086 170 1127 230 nti

120 335 206 397 lieam
224 335 254 394 in
271 334 366 413 ripam
381 333 485 392 missus
500 342 554 393 est.
594 332 765 396 Germanice
786 337 907 414 pretium
927 337 980 397 iuit
1004 356 1125 402 eonver-

119 431 184 481 tere
200 437 317 498 agmen,
336 426 550 497 pugnatumque
567 419 595 478 in
611 419 782 497 obsidentis,
801 431 830 480 et
845 419 963 502 ereptus
981 425 1125 502 Segestes
1178 413 1186 432 '

118 521 305 582 magnacum
323 503 550 582 propinquorum
568 511 597 563 et
615 502 763 565 clientium
786 523 878 566 mano.
911 508 1023 568 inerant
1045 509 1125 571 iami-

117 607 176 650 nae
191 587 321 664 nobiles,
337 589 413 666 inter
427 605 500 666 quas
517 604 592 648 uxor
603 587 723 650 Arminii
736 589 896 670 eademque
909 591 966 652 iilia
980 594 1123 673 Segestis,

116 674 213 735 mariti
228 673 322 751 magis
337 689 421 752 qnam
435 674 563 751 parentis
582 675 692 750 animo,
708 691 803 755 neque
821 677 915 736 euicta
935 679 964 735 in
988 677 1121 740 lacrimas
1134 699 1157 740 u

116 775 308 836 aequoreae
325 756 468 837 supplex,
495 759 673 838 compressis
691 760 762 818 intra
778 761 868 819 sinum
885 760 1015 821 manibus
1030 766 1124 840 gravi·

117 844 186 905 dum
208 851 321 904 uterum
343 842 465 902 intuens.
504 841 674 902 ferebamur
696 851 725 902 et
746 844 841 922 spolia
856 843 1000 906 Varianae
1024 847 1124 929 eladis,

115 927 272 1008 plerisque
290 943 390 986 eorum
414 927 462 1005 qui
487 935 545 986 tum
570 928 598 985 in
620 927 794 988 deditionem
820 929 976 990 veniebant
998 929 1125 1010 praedae

114 1013 199 1073 data:
217 1011 301 1071 simui
319 1011 463 1090 Segestes
479 1012 556 1090 ipse,
573 1011 676 1089 ingens
693 1013 755 1072 visu
772 1021 801 1072 et
812 1014 950 1074 memoria
965 1013 1059 1076 bonae
1077 1033 1124 1076 so·

114 1099 231 1157 oietatis
248 1097 411 1174 inpavidus.
1133 1115 1158 1155 ao

181 1179 233 1242 58.
256 1178 356 1241 Verba
378 1181 440 1240 eins
460 1181 488 1240 in
519 1180 594 1240 buno
620 1181 734 1241 modom
760 1181 859 1243 isere:
888 1185 963 1243 ‘non
989 1183 1123 1246 hiemini

114 1267 227 1346 primus
246 1281 318 1342 erga
332 1264 471 1344 populum
483 1265 641 1325 Romanum
655 1265 723 1326 iidei
737 1273 767 1324 et
783 1269 961 1328 constantiae
979 1269 1052 1328 dies·
1086 1288 1124 1330 ex

112 1367 173 1431 quo
189 1368 207 1411 a
227 1349 296 1411 dive
312 1348 445 1427 Augusto
458 1349 574 1410 civitate
586 1351 707 1411 donatus
719 1367 791 1425 sum,
809 1353 918 1412 amicos
931 1353 1122 1434 inimicosque

113 1453 151 1497 ex
166 1435 278 1495 vesnia
289 1433 458 1494 utilitatibus
471 1433 580 1512 delegi,
594 1447 692 1513 neque
708 1434 775 1495 odio
793 1437 903 1515 patriae
916 1437 1040 1518 (qnippe
1053 1455 1121 1517 pro·

116 1521 226 1580 ditores
249 1519 335 1579 etiam
359 1520 393 1578 iis
414 1535 488 1598 quos
509 1527 686 1598 anteponunt
707 1520 790 1578 invisi
813 1523 910 1600 sunt),
933 1538 1033 1580 verum
1055 1524 1146 1602 quiae

116 1602 254 1665 Romanis
271 1601 480 1683 Germanisque
494 1603 571 1663 idem
587 1604 753 1664 conducere
777 1612 806 1663 et
827 1621 930 1683 paoem
955 1622 1038 1683 quam
1059 1605 1121 1667 bel·

112 1689 170 1750 inm
184 1687 357 1768 probabam.
388 1705 460 1766 erqo
477 1697 624 1766 raptorem
644 1688 721 1748 filiae
742 1705 841 1764 meae,
865 1679 1037 1750 violatorem
1058 1689 1121 1750 ioe-

111 1773 192 1834 deris
208 1773 313 1850 vestri,
328 1772 485 1832 Arminium
500 1773 575 1851 apud
591 1773 714 1848 Varum,
730 1774 779 1851 qai
796 1781 853 1833 tum
872 1775 1015 1835 exercitui
1037 1775 1120 1853 praess

110 1858 241 1932 uidebat,
257 1874 338 1917 reum
352 1857 420 1917 ieoi.
447 1856 551 1918 dilatus
566 1859 691 1935 segnitia
706 1857 797 1934 ducis,
814 1859 881 1936 quia
895 1875 995 1937 parum
1010 1861 1120 1938 praesi-

109 1942 150 2003 dii
165 1943 195 2002 in
212 1940 329 2020 iegibus
348 1950 425 2018 erat,
447 1951 478 2002 ut
499 1959 544 2001 me
568 1951 596 2002 et
616 1941 772 2002 Arminium
795 1950 824 2002 et
845 1944 980 2004 conscios
999 1945 1121 2006 vinciret
1131 1957 1156 2001 to

110 2025 257 2105 flagitavi:
277 2026 361 2085 testis
378 2026 427 2087 iila
444 2027 585 2102 nox,mibi
607 2028 712 2086 utinam
731 2028 827 2104 potius
849 2027 1022 2088 novissima!
1045 2047 1119 2106 quae

110 2119 216 2171 secuta
232 2119 308 2185 sant,
326 2110 428 2171 defleri
442 2113 533 2188 magis
550 2129 634 2189 qaam
649 2110 766 2170 defendi
783 2121 922 2190 possunt:
944 2121 1073 2172 ceterum
1091 2122 1120 2173 et
1203 2179 1208 2188 ,

108 2193 200 2256 inieci
216 2204 336 2274 catenas
353 2194 481 2255 Arminio
497 2203 526 2255 et
546 2213 562 2254 a
583 2195 709 2256 faotione
731 2196 792 2255 eius
815 2196 936 2256 iniectas
958 2213 1119 2275 perpessus

108 2297 183 2340 sum.
222 2287 310 2359 atque
326 2279 374 2338 ubi
390 2281 509 2359 primum
526 2280 566 2338 toi
581 2280 683 2358 copia,
700 2289 801 2340 vetera
813 2281 896 2340 novis
909 2288 939 2339 et
950 2281 1045 2358 quieta
1061 2289 1118 2340 tur·

106 2363 186 2424 bidis
202 2362 380 2441 antehabeo,
396 2381 491 2444 neque
508 2363 545 2424 ob
563 2365 731 2443 praemium,
750 2365 804 2425 sed
820 2374 850 2425 ut
865 2383 912 2425 me
926 2365 1049 2444 perfidia
1066 2381 1117 2425 ex·
1130 2383 1155 2426 as

106 2449 235 2524 solvam,
253 2448 338 2508 simul
354 2450 433 2526 genti
450 2447 658 2520 Germanorum
673 2448 794 2510 idoneus
812 2449 993 2526 conciliator,
1011 2451 1035 2508 si
1048 2467 1117 2528 pae-

104 2535 258 2595 nitentiam
281 2551 367 2612 quam
388 2534 547 2612 perniciem
568 2533 710 2596 maluerit.
746 2551 800 2614 pro
822 2535 938 2594 iuventa
959 2542 987 2594 ot
1015 2551 1117 2596 errore

106 2619 159 2680 illii
175 2618 291 2679 veniam
314 2635 436 2696 pretore
459 2616 544 2678 iiliam
567 2618 744 2678 necessitate
764 2618 821 2678 buo
838 2617 989 2681 adductam
1011 2618 1116 2680 fateor.

105 2712 187 2764 tuum
209 2703 264 2762 erit
283 2701 467 2778 consultare,
494 2712 587 2763 utrum
613 2703 800 2781 praevaleat,
826 2701 903 2782 quod
929 2721 967 2763 ex
988 2702 1117 2764 Arminio

107 2787 249 2866 concepit
272 2805 308 2846 an
329 2787 406 2867 quod
435 2806 473 2847 en
492 2787 659 2864 megenita
681 2790 750 2846 est’
788 2784 899 2848 Caesar
917 2787 1054 2858 clementi
1069 2806 1152 2849 reae

106 2887 222 2954 sponso
239 2869 341 2930 liberis
358 2872 587 2950 propinquisque
603 2872 666 2931 eius
681 2871 925 2949 incolumitatem,
947 2874 1002 2952 ipsi
1017 2873 1116 2935 sedem

104 2966 213 3017 vetere
230 2956 258 3015 in
274 2957 425 3036 prouincia
439 2954 606 3035 poilieetur.
642 2957 800 3018 exereitum
817 2955 931 3017 reduxit
954 2974 1116 3038 nomenque

104 3041 296 3121 imperatoris
318 3050 438 3102 auctore
461 3039 579 3100 Tiberio
610 3041 733 3118 aceepit.
779 3039 898 3100 Arminii
926 3061 1000 3104 uxor
1025 3045 1116 3105 virilis

107 3143 200 3186 sexos
219 3125 341 3203 stirpem
360 3124 464 3186 edidit:
489 3124 799 3186 educatusRavennae
817 3143 963 3204 puerque
984 3146 1051 3189 mox
1073 3129 1115 3189 lu·

109 3209 205 3270 bibrio
224 3209 405 3271 conflictatus
423 3211 469 3290 sit,
484 3210 512 3268 in
530 3218 662 3288 tempore
678 3210 855 3270 memorabo.
1123 3223 1148 3263 a

173 3291 448 3355 salamancam
471 3293 656 3373 benigneque
687 3296 804 3374 excepti
827 3295 961 3373 Segestis
985 3295 1101 3374 uulgato

106 3385 142 3437 ut
156 3377 319 3457 quibusque
336 3377 445 3456 beilum
461 3379 556 3438 invitis
575 3389 623 3440 eut
637 3377 819 3459 cupientibus
835 3389 914 3454 erat,
932 3385 985 3456 s'pe
999 3377 1048 3437 vel
1064 3378 1114 3438 do·

107 3459 176 3522 iore
191 3461 340 3542 accipitur.
365 3461 520 3525 Arminium
534 3463 746 3540 superinsitam
758 3462 924 3522 violentiam
936 3469 1017 3539 rapta
1029 3477 1114 3538 uxor,
