2536 3870
175 141 240 204 204
416 143 937 198 connnrmrsorrronausmsu

164 306 305 370 ¹nrorllrus
320 314 451 382 utantur,
468 305 607 364 incertum
622 309 678 376 est,
695 302 761 379 quia
774 300 835 379 pari
852 299 920 360 olins
934 300 1031 380 iuopia
1044 317 1081 360 ac
1093 299 1188 362 iiber·
1248 360 1249 395 p

178 401 236 454 tate
255 388 357 452 eadem
374 391 522 466 uniusque
542 387 626 464 ripae
646 384 724 445 lroua
739 384 874 462 malaque
891 392 982 444 erant.
1015 383 1144 444 Treveri
1160 392 1192 445 et
1248 397 1249 458 ι

177 475 277 538 Nervii
298 475 376 534 eirca
400 470 625 534 adfectationem
642 467 830 530 Germanicae
854 467 977 545 originis
997 465 1074 528 ultro
1095 468 1189 528 ambi·
1248 479 1249 542 j

143 560 246 621 octiosi
268 566 349 633 suut,
367 564 510 634 tamquam
529 570 583 632 per
606 551 681 613 hano
701 548 830 629 gloriani
846 551 998 629 sauguinis
1016 568 1034 611 s
1050 551 1187 613 similitu·

178 643 246 704 diue
256 649 286 703 et
304 639 407 701 inertia
419 637 568 700 ilallorum
581 643 764 715 separentur.
784 636 879 715 ipsam
890 634 985 696 llheni
1000 635 1095 713 ripam
1108 634 1189 696 haud

177 725 265 787 dubie
281 723 487 786 Germanorum
506 719 609 801 populi
632 718 747 796 colunt,
765 716 951 796 llunqiones,
973 717 1108 797 Triboci,
1128 717 1189 780 Ne·

177 817 280 872 metes.
306 826 344 868 ne
358 806 426 868 libii
437 804 562 884 quidem,
578 820 748 882 quamquam
762 802 892 864 Romana
908 803 1024 879 colonia
1041 820 1111 863 ease
1126 819 1189 864 me-

178 893 287 954 ruerint
314 909 349 953 ro
378 889 514 950 libentius
541 887 776 967 Agrippinenses
811 886 972 948 conditoris
997 887 1042 946 sui
1067 887 1191 948 nornine
1249 883 1250 934 i

143 999 169 1040 ar
179 985 332 1052 vocentur,
345 975 460 1051 origiue
471 970 658 1049 erubescunt,
669 967 847 1047 mansgressi
859 970 927 1031 olim
940 979 969 1030 et
982 970 1190 1050 experimento

178 1058 246 1120 fldei
261 1075 350 1136 snper
364 1057 456 1136 ipsam
472 1055 566 1118 Rheni
580 1056 673 1133 ripam
692 1054 845 1131 collocati,
862 1063 894 1115 ut
914 1061 1066 1132 arcerent,
1080 1071 1141 1115 uon
1157 1064 1189 1115 ut

179 1141 402 1204 custodirentur.

238 1225 291 1288 29.
310 1224 439 1284 Omnium
470 1222 568 1283 lrarum
601 1223 730 1300 gentium
761 1221 868 1282 virtute
897 1221 1048 1302 praecipui
1085 1221 1183 1284 Bataui

101 1374 107 1382 ,
178 1328 237 1372 uon
252 1308 369 1370 multum
384 1325 422 1367 er
439 1307 520 1386 ripa,
541 1305 594 1366 aed
606 1304 728 1366 insulam
742 1305 838 1367 Rheni
858 1306 948 1366 amnis
964 1305 1080 1385 colunt,
1101 1303 1175 1366 orne

179 1405 274 1456 torum
287 1392 430 1472 quondam
448 1390 573 1470 populus
587 1398 617 1450 et
639 1390 784 1451 reditione
803 1388 963 1451 domestica
985 1391 1014 1450 in
1029 1407 1082 1450 eas
1098 1389 1181 1450 sedes

178 1489 395 1555 transgressus,
418 1476 446 1535 in
468 1473 571 1554 quibus
591 1492 660 1554 pars
680 1474 804 1535 Romani
818 1474 931 1553 imperii
948 1474 1061 1535 liereut.
1091 1481 1182 1534 manet

153 1561 274 1622 slronos
295 1569 326 1620 et
346 1561 480 1638 antiquae
499 1559 651 1620 societatis
672 1558 802 1636 insiguer
824 1575 889 1618 nam
908 1575 964 1618 nec
983 1557 1100 1618 tributis
1113 1575 1181 1635 con·

179 1652 341 1706 temnuntur
361 1661 418 1702 uec
431 1641 604 1721 publicanus
617 1641 730 1702 atterit:
754 1642 884 1720 exempti
899 1641 1036 1702 oneribus
1051 1651 1082 1704 et
1096 1641 1183 1702 oolla·
1250 1667 1251 1682 2

179 1727 304 1788 tionibus
325 1733 356 1786 et
375 1735 484 1786 tantum
506 1726 536 1786 in
559 1743 641 1786 usum
664 1723 844 1804 proeliorum
862 1727 1002 1805 repositi,
1020 1725 1103 1786 velut
1126 1725 1186 1786 tela

180 1821 266 1889 atque
288 1825 384 1886 mma,
405 1808 493 1870 bellis
514 1817 711 1870 reservantur.
748 1817 793 1869 est
812 1811 841 1870 iu
864 1809 968 1870 eodem
991 1808 1135 1888 obsequio
1158 1818 1187 1870 et

179 1893 379 1954 Mattiacorum
400 1909 488 1970 gens:
512 1892 631 1971 protulit
652 1893 727 1974 euim
747 1892 914 1972 magnitudo
941 1893 1042 1973 populi
1063 1891 1188 1955 Romani

145 1977 253 2038 aonltra
271 1975 401 2037 Rhenum
416 1974 548 2055 ultraque
564 1984 681 2038 veteres
696 1977 835 2038 terminos
851 1979 965 2057 imperii
980 1978 1187 2040 reverentiam.

180 2063 220 2122 ita
241 2060 313 2120 sede
335 2060 498 2139 finibusque
515 2062 545 2120 in
562 2079 615 2121 sua
637 2062 715 2140 ripa,
740 2069 836 2122 mente
860 2059 1188 2141 animoque-nobiscum
1249 2133 1250 2136 Ἴ

180 2153 285 2223 agunt,
306 2154 405 2205 cetera
428 2143 536 2205 similes
556 2143 688 2223 Batavis,
714 2145 768 2224 nisi
788 2145 866 2225 quod
887 2147 954 2225 ipso
975 2143 1068 2206 adhuc
1090 2153 1188 2206 terrae
1247 2129 1252 2214 l

181 2246 252 2289 suae
266 2229 332 2289 solo
348 2234 378 2288 et
392 2227 477 2289 caelo
490 2229 587 2289 acrius
600 2229 768 2288 animantur.

243 2310 310 2372 Non
333 2313 543 2372 numeraverim
563 2311 638 2372 inter
661 2311 832 2372 Germaniae
855 2314 995 2392 populos,
1016 2329 1186 2392 quamquam

147 2413 172 2452 rs
186 2404 264 2456 nane
281 2395 414 2457 Rhenum
427 2393 645 2474 Danuviumque
664 2393 865 2474 consederint,
887 2414 939 2456 eos
956 2398 1004 2476 qui
1020 2397 1186 2458 decumates

181 2497 270 2558 agros
286 2487 440 2542 exercent:
459 2477 623 2539 levissimus
635 2478 759 2558 quiaque
771 2478 918 2541 danorum
936 2490 966 2540 et
979 2481 1078 2558 inopia
1093 2479 1185 2540 audax

182 2563 287 2625 dubiae
302 2563 499 2642 possessionis
514 2563 608 2624 solum
625 2578 830 2640 occupaverer
845 2581 915 2624 mox
930 2564 1020 2624 limite
1035 2573 1103 2624 acto
1120 2581 1184 2642 pro

183 2649 327 2726 motisque
340 2645 494 2726 praesidiis
507 2647 587 2707 sinus
601 2645 714 2723 imperii
727 2653 757 2706 et
771 2663 840 2724 pars
852 2647 1022 2726 provinciae
1035 2646 1184 2708 hahentur.

247 2731 297 2794 30.
320 2730 403 2792 Ultra
418 2729 473 2791 lios
492 2728 601 2791 chatti:
619 2729 729 2790 initium
743 2728 822 2790 sedis
837 2730 875 2790 alr
890 2730 1037 2807 Hercynio
1055 2730 1131 2791 saltn
1145 2731 1185 2790 in·

162 2819 165 2824 '
183 2815 314 2892 eluatur,
328 2831 387 2874 nou
401 2815 441 2874 ita
455 2813 556 2874 effusis
571 2830 607 2874 oo
619 2811 797 2890 palustribus
809 2813 894 2891 locis,
909 2823 939 2873 ut
952 2823 1072 2875 ceterae
1086 2814 1185 2875 cirita·

183 2907 228 2958 tes
242 2901 271 2958 in
286 2915 357 2976 quaa
372 2892 523 2958 Germania
538 2897 673 2975 patescit,
689 2895 806 2973 durans,
825 2899 850 2957 si
863 2897 978 2976 quidem
991 2897 1086 2958 colles
1118 2915 1184 2977 pau·

184 2983 262 3042 latim
276 2989 435 3058 rarescunt,
451 2989 480 3041 et
496 2980 617 3041 omnus
634 2997 703 3040 suos
717 2978 808 3040 saltus
821 2979 984 3057 Hercynius
1000 2983 1186 3060 prosequitur

160 3064 266 3125 ssimul
302 3081 337 3124 ac
372 3062 503 3138 deponit.
542 3062 658 3124 duriora
674 3063 755 3141 genti
771 3080 908 3143 corpora,
924 3065 1017 3126 stricti
1031 3073 1123 3143 artus,
1136 3065 1186 3125 uri·

54 3163 55 3168 ¹
183 3166 241 3208 uax
255 3146 350 3208 voltus
365 3156 396 3208 et
409 3148 499 3208 maior
515 3147 598 3209 animi
613 3147 709 3224 rigor.
738 3146 866 3226 multum,
881 3158 912 3208 ut
926 3149 1003 3208 inter
1017 3146 1185 3226 (lemnam,

184 3230 303 3292 rationis
320 3247 356 3290 sc
373 3231 541 3292 sollertiae:
578 3247 762 3310 praeponere
776 3229 908 3309 electos,
923 3231 1021 3293 audire
1037 3233 1185 3312 praeposi·

184 3323 250 3388 tos,
266 3330 355 3374 nosse
371 3315 506 3391 ordines,
521 3313 696 3391 intellegere
710 3316 900 3393 occasiones,
919 3315 1036 3377 differre
1051 3315 1183 3396 impetus,

182 3396 342 3474 disponere
362 3397 459 3475 diem,
481 3397 593 3460 vallare
614 3406 745 3476 noctem,
761 3399 903 3461 fortunam
922 3401 996 3460 iuter
1013 3397 1116 3475 dubia,
1132 3399 1184 3458 rir-
