2510 3864
491 136 565 185 cae.
583 134 715 188 31—342
1042 124 1105 187 263

105 296 155 354 tiis
174 299 368 352 consecutum.
405 297 471 350 sunt
485 289 559 350 aliae
576 307 697 366 causae,
714 307 835 367 magnae
851 297 1013 367 etgraves,
1031 309 1101 370 quas
1113 304 1139 346 cu

104 375 224 437 archis
242 374 349 453 aperiri
370 390 491 452 aequum
507 379 570 450 cst,
587 374 719 450 quoniam
737 372 852 451 quidem
868 391 925 450 ego
942 373 997 432 iarn
1011 391 1104 434 meum

104 478 206 520 munus
223 457 357 536 explevi,
373 465 403 517 et
418 455 496 535 quod
511 454 578 515 mihi
594 458 623 515 in
642 455 851 516 consuetudine
868 465 929 532 est,
947 457 1018 516 satls
1035 457 1105 516 mul·-

105 553 154 604 tos
177 541 301 617 offendi,
325 556 416 617 quos,
440 541 464 598 si
482 539 561 599 forte
583 539 657 599 haec
686 538 844 616 audierint,
878 547 987 598 eertum
1008 539 1104 601 haheo

104 627 236 688 dicturos
255 641 318 699 me,
341 623 406 682 dum
426 623 498 682 iuris
520 631 551 682 et
573 622 777 701 philosophiae
796 623 946 682 scientiam
964 630 1103 701 tamquam

104 710 214 770 oratori
231 708 426 768 necessariam
440 705 546 783 laudo,
559 707 678 783 ineptiis
693 706 767 766 meis
782 703 950 783 plausisse’
1113 717 1138 758 et

168 791 217 853 33.
240 790 279 850 Et
300 789 448 849 Maternus
471 789 556 849 ‘mihi
578 789 708 866 quidem'
729 789 822 866 inquit
837 791 1020 867 ‘susceptum
1039 806 1056 849 a
1073 796 1103 850 te

90 891 195 932 nnrnus
207 872 281 930 adeo
293 873 450 948 peregisse
462 871 587 932 nondum
603 872 724 950 videris,
741 881 773 932 ut
784 873 940 934 inchoasse
953 883 1060 933 tanturn
1074 883 1104 934 et

92 955 176 1014 velut
188 955 314 1032 vestigia
324 971 358 1014 ac
368 953 533 1016 liniamenta
545 955 685 1033 quaedam
697 956 865 1018 ostendisse
876 957 1016 1018 videaris.
1040 977 1104 1018 nam

93 1038 200 1117 quibus
213 1038 324 1098 artibus
335 1039 440 1098 instrui
451 1046 573 1100 veteres
588 1047 724 1102 oratores
740 1039 821 1102 soliti
840 1041 898 1102 sint
911 1041 1009 1102 dixisti
1022 1041 1104 1104 dille·

97 1127 279 1204 rentiamquc
295 1133 413 1186 nostrae
431 1125 560 1186 desidiae
576 1135 607 1186 et
622 1128 793 1186 inscientiae
806 1127 1121 1188 adversusaeerrimat

97 1217 130 1269 et
145 1209 347 1269 fecundissima
364 1226 464 1268 eorum
483 1210 577 1269 studia
594 1209 815 1270 demonstrasti:
844 1218 944 1270 cetera
960 1219 1098 1288 expecto,

98 1301 131 1349 ut
146 1310 231 1367 quem
246 1290 281 1350 ad
297 1290 410 1349 modum
425 1299 506 1360 exte
521 1291 624 1366 didici,
647 1291 714 1368 quid
729 1299 777 1350 aut
797 1291 838 1349 illi
854 1293 974 1351 scierint
983 1302 1031 1351 aut
1044 1310 1100 1353 nos

98 1375 261 1433 nesciamus
270 1415 279 1448 ,
294 1374 335 1430 ita
350 1372 407 1432 hoc
418 1390 534 1451 quoquc
550 1391 741 1450 cognoscam,
758 1373 862 1450 quihus
882 1375 1100 1434 exercitationi·

97 1457 155 1516 bus
170 1457 294 1516 iuvenes
309 1457 365 1514 iam
387 1462 418 1515 et
435 1455 529 1515 lorum
550 1456 712 1532 ingressuri
730 1456 900 1515 confirmare
915 1463 945 1516 et
962 1457 1043 1516 alere
1058 1457 1100 1518 iu-

98 1540 186 1616 genia
202 1557 254 1599 sua
270 1539 349 1599 soliti
366 1539 431 1598 sint.
458 1541 644 1616 nequeenim
660 1548 766 1598 tentum
782 1547 844 1598 arte
862 1547 892 1597 et
908 1539 1031 1598 scientia
1045 1540 1098 1601 sed
1109 1549 1135 1592 te

98 1623 189 1701 longe
206 1624 296 1700 magis
318 1622 455 1682 facultate
479 1629 510 1682 et
529 1641 588 1683 usu
606 1622 800 1700 eloquentiam
816 1622 977 1698 contineri,
998 1640 1052 1682 nec
1067 1631 1099 1682 tu

97 1715 169 1786 puto
185 1706 294 1766 abnues
311 1714 342 1765 et
359 1704 388 1765 hi
405 1705 570 1783 significare
589 1705 670 1766 voltu
686 1706 840 1766 videntur!

109 1818 116 1838 1
161 1789 274 1850 Deinde
297 1807 360 1849 cum
375 1789 459 1869 Aper
474 1807 591 1869 quoque
614 1797 645 1850 et
661 1788 808 1852 Secundus
827 1787 902 1848 idem
919 1788 1099 1868 adnuissent,

75 1866 234 1932 ⁴ldessalla
246 1874 327 1951 quasi
339 1890 441 1933 rursus
452 1874 613 1952 incipiens:
630 1874 782 1951 ‘quoniam
791 1873 872 1932 initia
883 1881 913 1933 et
929 1874 1038 1934 semina
1049 1891 1100 1934 ve·

97 1956 171 2014 teris
184 1955 370 2032 eloquentiae
388 1957 459 2016 satis
474 1956 690 2017 demonstrasse
705 1956 827 2032 videor,
844 1955 976 2016 docendo
992 1957 1096 2035 quihus
1108 1970 1134 2010 1⁵

98 2038 209 2112 artibus
225 2039 332 2114 antiqui
350 2047 484 2099 oratores
498 2041 608 2100 institui
625 2040 791 2117 erudirique
808 2039 887 2099 soliti
906 2040 979 2115 siut,
997 2057 1098 2116 perse·

99 2137 171 2198 quar
192 2137 267 2179 nunc
287 2122 516 2181 exercitationes
540 2140 649 2183 eorum.
687 2141 856 2202 quamquam
885 2122 957 2200 ipsis
987 2121 1098 2182 artibus

98 2206 177 2262 inest
192 2204 384 2279 exercitatio,
396 2221 452 2262 nec
468 2207 616 2283 quisquam
631 2204 845 2284 perciperetct
862 2214 916 2266 tam
931 2205 1099 2286 reconditas

99 2297 214 2364 tamque
229 2288 324 2346 varias
344 2304 394 2346 res
411 2295 528 2364 potest,
548 2289 605 2349 nisi
621 2298 652 2347 ut
670 2291 810 2350 scientiae
826 2289 994 2366 meditatio,
1010 2287 1100 2348 medi·

99 2369 201 2429 tationi
214 2369 354 2446 facultas,
370 2369 498 2431 facultati
513 2389 581 2430 usus
599 2371 785 2449 eloquentiae
800 2373 926 2432 accedat.
953 2389 1008 2450 per
1024 2389 1098 2449 quae
1108 2387 1135 2426 aa

99 2452 247 2529 colligitur
262 2453 383 2514 eandem
399 2472 467 2513 esse
484 2455 625 2523 rationem
637 2463 667 2514 et
679 2456 858 2532 percipiendi
875 2472 947 2533 quae
963 2455 1098 2533 proferas

98 2544 129 2596 et
150 2537 320 2614 prolerendi
342 2555 416 2616 quae
439 2538 620 2619 perceperis,
656 2537 709 2598 sed
729 2537 753 2596 si
776 2539 820 2596 cui
837 2537 1009 2600 obscuriora
1025 2537 1100 2598 haec

99 2619 232 2680 videntur
247 2621 333 2699 isque
349 2622 497 2681 scientiam
512 2621 547 2681 ab
560 2621 774 2681 exercitatione
790 2629 922 2697 separat,
934 2620 1005 2681 illud
1016 2629 1099 2681 certe

97 2703 257 2780 concedet,
278 2705 445 2763 instructum
469 2713 500 2764 et
521 2703 639 2782 plenum
659 2702 704 2763 his
730 2703 841 2763 artibus
865 2703 986 2775 animum
1008 2703 1098 2782 longe

98 2787 273 2864 paratiorem
293 2787 327 2847 ad
351 2805 402 2848 eas
426 2789 654 2850 exercitationes
670 2795 840 2864 venturum,
862 2803 936 2863 quae
957 2789 1132 2864 propriaeta

98 2889 166 2929 esse
184 2879 331 2931 oratorum
345 2872 487 2932 ridentur.

159 2953 210 3014 34.
232 2953 313 3030 Ergo
335 2955 410 3032 apud
433 2956 559 3017 maiores
581 2963 700 3016 nostros
718 2954 832 3015 iuvenis
851 2953 901 3014 ille
921 2958 969 3034 qui
984 2955 1051 3014 foro
1069 2961 1100 3013 et

98 3035 286 3113 eloquentiae
311 3036 482 3113 parabatur,
511 3039 636 3098 imbutus
663 3039 719 3098 iarn
746 3033 906 3098 domestica
935 3036 1098 3114 disciplina,

98 3119 225 3177 refertus
246 3118 379 3177 honestis
398 3119 500 3180 studiis
522 3121 718 3182 deducebatur
741 3139 757 3182 a
777 3129 862 3200 patre
878 3120 926 3179 vel
947 3138 963 3180 a
980 3119 1100 3198 propin·

98 3201 162 3279 quis
179 3200 215 3260 ad
232 3217 296 3260 eum
312 3210 475 3278 oratorem,
491 3206 540 3280 qui
558 3206 717 3283 principem
733 3206 763 3264 in
778 3205 896 3263 civitate
911 3202 1007 3262 locmn
1023 3203 1099 3278 opti·

98 3283 194 3344 uehat.
224 3282 298 3343 hunc
318 3285 441 3361 sectari,
455 3284 532 3346 hunc
545 3277 701 3368 prosequi,
717 3286 801 3347 huius
818 3285 949 3346 omnibus
966 3283 1122 3344 dictioni-e

99 3369 151 3430 ltus
172 3367 321 3429 interesse
342 3369 406 3429 sive
421 3370 451 3428 in
468 3370 582 3432 iudiciis
601 3372 664 3432 sive
686 3372 715 3429 in
737 3367 921 3432 contionibus
944 3366 1099 3427 adsuesce·
