2440 3886
367 207 472 256 annun
484 211 506 257 1.
525 210 598 259 our.
616 209 735 265 us—lt.
1008 205 1043 264 11

75 357 114 418 bei
128 360 263 438 petivere,
284 364 447 442 utproprio
463 373 576 442 sumptu
597 366 719 428 ederent
738 367 839 444 ludos,
863 369 912 448 qui
933 368 971 429 de
995 387 1046 430 no·

75 444 137 502 nine
154 442 271 522 Augusti
290 445 373 510 fastis
396 446 484 508 additi
504 448 682 526 Augustales
700 462 884 514 vocarentur.
921 452 973 513 sed
995 455 1045 515 de·

74 535 139 586 creta
152 529 267 606 pecunia
282 548 320 590 ex
336 531 465 609 aerario,
481 541 569 610 utque
586 552 640 612 per
660 535 768 596 circum
785 535 949 615 triumphali
962 547 1045 598 veste
1055 556 1080 598 re

73 619 214 672 uterentur:
230 629 314 674 curru
328 614 396 674 nebi
410 615 484 686 baud
502 619 683 694 permissum.
723 637 792 680 mox
812 620 973 681 celebratio
997 638 1044 681 an·

73 711 116 753 nua
129 693 160 754 ud
174 705 335 773 praetorem
351 699 504 776 translata,
522 701 569 760 cui
583 702 658 762 inter
672 703 753 762 ciues
771 712 801 763 et
815 705 989 782 peregrinos
1003 706 1044 764 iu·

71 777 180 838 risdictio
196 782 350 842 evenisset.
671 835 673 840 .

122 863 163 925 lb.
185 862 237 924 llic
256 883 352 926 rerum
376 867 548 927 urbanarum
568 876 659 929 status
680 880 757 950 crat,
781 888 844 930 cnm
865 871 1044 932 Pannonicas

69 946 182 1024 legiones
196 948 300 1010 seditio
314 951 447 1028 incessit,
460 951 546 1012 nullis
560 953 769 1031 noris-causis,
792 955 847 1015 nisi
864 954 942 1033 quod
956 964 1046 1014 muta·

68 1040 105 1090 tus
119 1034 246 1112 princeps
261 1033 408 1096 licentiam
422 1033 567 1096 turbarum
583 1045 612 1096 et
627 1055 665 1096 ex
680 1038 758 1098 ciuili
774 1037 855 1100 bello
868 1055 950 1118 spem
962 1056 1046 1118 prac-

67 1116 168 1175 miomm
183 1118 366 1179 ostendebat.
395 1119 499 1179 castris
514 1121 632 1180 aestiuis
655 1129 716 1181 tres
736 1122 821 1183 simul
839 1122 973 1200 legiones
996 1123 1046 1184 ba·

67 1198 200 1278 luebantur,
214 1202 402 1280 praesidente
416 1201 497 1263 lunio
512 1202 636 1280 Blaeso,
657 1206 706 1284 qui
730 1205 787 1266 line
801 1205 926 1283 Augusti
945 1215 975 1266 et
994 1207 1067 1268 ini-s

67 1285 103 1341 tiis
116 1282 214 1346 liberii
229 1286 335 1347 auditis
349 1285 388 1346 ob
405 1287 540 1346 iustitium
561 1297 609 1348 aut
629 1288 763 1364 gaudium
783 1291 978 1350 intermiserat
998 1307 1046 1350 so·

68 1367 105 1427 lita
117 1371 210 1430 munia.
239 1388 278 1431 eo
293 1370 436 1450 principio
454 1370 589 1432 lascivire
605 1371 699 1447 miles,
718 1372 906 1450 discordare,
927 1374 1047 1452 pessimi

72 1453 182 1531 cousque
197 1455 385 1514 sermonibus
394 1451 541 1532 praebere
551 1473 648 1532 aures,
665 1455 791 1535 denique
805 1456 903 1520 luxum
917 1465 947 1525 et
959 1459 1046 1517 otium
1157 1499 1163 1512 .

72 1552 167 1614 cupere,
187 1537 372 1618 disciplinam
396 1546 426 1597 et
445 1536 575 1598 laborem
599 1540 759 1616 aspernari.
797 1549 860 1600 erat
886 1541 914 1599 in
943 1544 1046 1602 castris

70 1616 218 1683 Percennius
232 1622 360 1702 quidam,
372 1620 510 1702 dux'olim
521 1621 701 1683 theatralium
715 1633 879 1703 operarum,
897 1624 963 1684 dein
979 1643 1045 1704 gre·
1056 1645 1081 1687 ae

65 1704 143 1778 gorius
155 1706 250 1783 miles,
268 1723 382 1785 procax
397 1705 495 1783 lingua
511 1714 540 1766 et
553 1707 678 1766 miscere
694 1715 796 1768 coetus
811 1707 974 1770 histrionali
987 1717 1045 1768 stu·

63 1787 100 1845 dio
113 1789 218 1850 doctus.
246 1793 275 1851 is
291 1790 432 1868 inperitos
455 1790 566 1850 animos
589 1799 618 1850 et
638 1807 778 1870 quaenam
796 1799 865 1870 post
884 1791 1046 1869 Angustum

62 1871 158 1933 militiae
169 1874 307 1935 condicio
319 1872 500 1950 ambigentes
511 1873 656 1952 inpellere
668 1874 804 1953 paulatim
815 1876 964 1935 nocturnis
977 1893 1045 1936 con-

61 1955 148 2034 loquiis
162 1968 210 2019 aut
232 1957 315 2019 ilexo
335 1958 365 2017 in
384 1973 539 2036 vesperam
555 1957 603 2017 die
624 1967 655 2018 ct
676 1958 796 2037 dilapsis
810 1958 978 2019 melioribus
995 1959 1045 2019 de·

60 2041 187 2101 terrimum
201 2058 352 2122 quemque
367 2057 560 2119 congregare.
861 2043 865 2049 '
917 2117 919 2122 Α
1056 2062 1080 2101 rs

111 2125 155 2186 ll.
177 2126 335 2188 Postremo
354 2127 498 2204 promptis
516 2124 572 2185 iam
594 2133 624 2184 et
645 2124 709 2186 aliis
736 2125 887 2186 seditionis
910 2125 1053 2185 ministris·
1075 2131 1210 2166 f*

59 2209 125 2268 uelat
140 2208 394 2270 contionabundus
410 2206 619 2286 interrogabat,
636 2226 687 2268 our
702 2209 803 2288 paucis
818 2207 1046 2286 centurionibus,

57 2293 230 2368 paucioribus
246 2292 368 2354 tribunis
382 2292 411 2352 in
424 2293 540 2353 modurn
555 2309 708 2352 servorum
722 2292 907 2353 oboedirent.
932 2291 1046 2371 quando

58 2393 164 2438 ausuros
182 2394 355 2458 exposcere
370 2377 516 2453 remedia,
535 2376 590 2434 uisi
610 2393 715 2438 uorum
736 2386 766 2436 et
789 2384 934 2437 nutantem
952 2375 1047 2436 adbuc
1092 2429 1096 2434 .

59 2461 205 2540 principem
228 2461 369 2542 precibus
392 2461 550 2521 vet-armis
570 2457 702 2520 adirent?
725 2461 793 2521 satis
814 2479 870 2540 per
890 2469 932 2520 tot
956 2475 1070 2524 annosa

56 2545 156 2619 ignaria
171 2553 339 2626 peccatam,
356 2543 433 2624 quod
449 2544 559 2604 tricena
573 2553 621 2604 aut
635 2544 820 2623 quadragena
835 2545 978 2624 stipendia
1000 2561 1046 2604 se·

58 2645 101 2686 nes
113 2638 141 2688 et
155 2631 294 2710 plerique
308 2637 440 2688 truncato
456 2645 495 2688 ex
509 2626 676 2688 vulneribus
696 2645 823 2707 corpore
843 2628 979 2689 tolerent.
1002 2644 1047 2687 ne
1105 2639 1107 2642 ·
1170 2637 1171 2640 ’

56 2709 167 2776 diurissis
182 2714 301 2793 quidem
315 2711 400 2772 linem
415 2729 482 2772 esse
499 2712 632 2788 militiae,
655 2713 706 2772 sed
728 2712 803 2792 apud
825 2713 964 2773 uexillum
985 2719 1046 2772 ten·

57 2793 147 2857 dentes
160 2798 221 2859 alio
237 2795 384 2858 vocsbudo
399 2796 520 2856 eosdem
534 2795 653 2856 labores
667 2795 810 2875 perferre.
835 2815 872 2876 ac
886 2797 911 2856 si
926 2797 989 2875 quis
1005 2804 1049 2856 tot

57 2895 130 2940 casas
143 2882 204 2942 rita
221 2879 504 2961 superaverit‚·trahi
519 2879 613 2941 adbuc
627 2877 759 2941 diversas
771 2880 799 2939 iu
810 2890 914 2966 tegnas,
931 2879 980 2940 ubi
993 2898 1047 2959 per
1056 2899 1081 2942 aa

57 2980 148 3025 nomen
165 2981 304 3044 agrorum
323 2965 447 3042 uligines
462 2963 597 3044 paludum
616 2963 666 3024 vel
688 2963 795 3024 inculta
815 2965 952 3025 montium
971 2965 1049 3024 acci

59 3048 132 3124 piant.
166 3050 319 3109 enimuero
333 3049 461 3109 militiam
476 3048 569 3128 ipsam
583 3064 712 3126 gravem,
727 3047 949 3110 inimatuosam:
966 3047 1048 3108 denis

59 3131 167 3194 indiem
182 3132 297 3214 assibus
316 3131 436 3193 animam
451 3140 481 3192 et
494 3147 603 3211 corpus
617 3132 780 3192 aesbmari:
795 3131 862 3192 binc
876 3141 989 3193 vestem
1002 3149 1047 3192 ar·

62 3229 94 3274 na
106 3217 245 3294 tentoria,
261 3216 328 3277 binc
343 3216 491 3277 saevitiam
506 3216 701 3275 centurionum
718 3224 747 3276 et
768 3217 936 3276 vacabones
950 3231 1047 3274 mune·

59 3313 108 3359 mm
123 3300 236 3361 redimi.
270 3308 300 3361 at
313 3299 435 3360 beronle
448 3297 574 3359 verbera
589 3307 619 3358 et
631 3298 772 3375 vulnera,
796 3300 894 3360 duram
914 3298 1083 3373 hicmem‚1s

59 3385 196 3445 exercitas
210 3392 355 3462 aestates,
369 3383 477 3446 bellum
498 3392 582 3444 atrox
601 3391 649 3442 aut
670 3383 799 3444 sterilem
819 3399 922 3462 pacem
943 3379 1048 3457 sempi-

58 3473 140 3527 terna.
171 3485 225 3531 nec
242 3467 320 3530 aliud
335 3468 525 3528 levamentum
541 3483 625 3546 quam
640 3466 665 3526 si
680 3466 767 3527 certis
785 3465 838 3525 sub
850 3462 964 3540 legibus
974 3461 1048 3522 mili·
1204 3479 1205 3541 p
