2568 3870
428 175 533 222 nunus
546 175 598 225 111.
616 175 689 224 cur.
705 175 824 232 ua—nt.
1069 172 1130 235 103
1213 163 1214 168 ’

1 351 26 393 ι,
128 331 226 390 ierunt
241 326 323 404 quasi
337 327 504 389 recentibus
518 330 631 390 auxiliis
645 333 736 407 aucti,
755 337 868 395 rariore
881 336 938 396 iam
954 335 1128 398 Vitelliano·

128 426 191 468 rum
206 410 285 485 acie,
303 419 333 468 nt
352 427 427 488 quos
448 411 528 472 nullo
551 422 669 473 rectore
685 431 752 474 suus
770 435 914 495 quemque
938 421 1061 499 impetus
1077 420 1127 480 vel

129 509 222 569 pavor
233 491 418 552 contraheret
432 493 629 555 diduceretve.
651 504 802 576 postquam
815 500 947 577 inpulsos
963 503 1054 561 sensit
1067 501 1125 562 An·
1134 517 1157 556 ⁶-
1187 570 1188 575 ἵ

128 575 246 651 tonius,
262 574 354 634 denso
369 577 483 654 agmine
504 577 685 638 obturbabat.
719 578 806 642 laxati
822 582 940 644 ordines
955 582 1125 663 abrumpun-

127 666 189 734 tur,
202 661 257 718 nec
269 658 382 729 restitui
393 660 514 739 quivere
525 661 738 739 inpedientibus
750 665 892 730 vehiculis
905 670 1124 746 tormentisque.

127 759 182 821 per
196 740 312 801 limitem
334 743 400 802 viae
423 754 597 823 sparguntur
616 745 800 808 festinatione
826 751 1013 811 consectandi
1033 752 1124 812 victo·

125 843 185 886 ras.
214 841 251 885 eo
267 825 425 886 notabilior
446 827 552 888 caedes
575 827 642 904 luit,
662 831 728 910 quia
746 831 820 892 iilius
835 842 948 911 patrem
969 835 1123 896 interiecit.

124 926 187 969 rem
212 910 384 988 nominaque
416 919 546 970 auctore,
560 913 702 990 Vipstano
723 915 861 976 Messalla
882 917 1000 978 tradam.
1036 917 1125 979 lulius
1135 929 1159 970 to

125 993 292 1054 Mansuetus
315 1011 352 1052 ex
371 991 527 1074 Hispania,
556 995 666 1075 Rapaci
693 998 804 1076 legioni
836 1000 965 1077 additus,-
989 999 1124 1082 inpubem

127 1076 215 1136 illium
240 1074 316 1135 domi
341 1075 475 1154 liquerat.
515 1078 540 1136 is
566 1097 635 1140 mox
658 1080 786 1158 adultus,
810 1083 884 1144 inter
907 1085 1084 1164 septimanos
1108 1102 1124 1144 a

128 1157 219 1221 (ialba
235 1161 437 1238 conscriptus,
455 1160 581 1222 oblatum
597 1163 674 1224 iorte
690 1174 801 1244 patrem
819 1176 847 1226 et
868 1167 990 1228 volnere
1005 1177 1123 1230 stratum
1161 1209 1163 1214 -

126 1243 192 1304 dum
206 1243 403 1303 semianimem
424 1253 584 1321 scmtatur,
608 1247 741 1324 adgnitus
764 1248 1009 1330 adgnoscensque
1026 1261 1055 1312 et
1073 1269 1122 1312 cx·

126 1344 265 1404 sanguem
285 1326 451 1405 amplexus,
473 1345 549 1389 voce
572 1329 662 1390 llebili
685 1331 862 1411 precabatur
881 1333 1015 1412 placatos
1032 1336 1122 1413 patris
1134 1345 1158 1386 ¹⁵

125 1426 241 1484 manes,
258 1427 334 1471 neve
350 1429 383 1470 se
400 1419 430 1469 ut
445 1411 616 1490 parricidam
625 1424 853 1477 aversarentur:
872 1416 1019 1495 publicum
1033 1416 1062 1476 id
1080 1417 1122 1478 ia·

126 1494 222 1560 ciuns;
239 1500 269 1552 et
282 1509 367 1552 uuum
381 1494 498 1575 militem
511 1504 628 1572 quotam
640 1497 765 1557 civilium
779 1515 921 1559 armorum
936 1497 1069 1578 partem?
1084 1501 1122 1559 si·

42 1608 46 1614 ·
125 1575 183 1636 mul
198 1573 332 1636 attollere
350 1593 472 1655 corpus,
495 1580 612 1656 aperire
626 1578 756 1656 burnum,
779 1599 914 1659 supremo
931 1600 1003 1660 erga
1018 1601 1122 1662 paren-

125 1669 185 1720 tem
204 1659 302 1719 oilloio
322 1660 414 1737 iungi.
452 1661 607 1722 advertere
629 1665 767 1740 proximi,
788 1663 892 1725 deiude
908 1666 1024 1743 plures:
1055 1663 1122 1726 binc

126 1760 181 1823 per
201 1745 428 1804 omuem‘acicm
448 1745 616 1804 miraculum
639 1755 668 1805 ct
688 1754 806 1825 questus
823 1757 852 1806 et
872 1748 1034 1808 saevissimi
1050 1747 1121 1808 belli
1130 1763 1158 1804 to

125 1816 302 1887 exsecratio.
334 1844 390 1886 nec
411 1844 447 1888 eo
464 1829 583 1906 segnius
600 1829 781 1910 propinquos
795 1829 897 1891 adfinis
913 1831 1019 1892 iratres
1034 1832 1120 1892 truci·

125 1909 193 1970 daut
208 1908 346 1988 spoliant;
362 1911 468 1971 iactum
483 1929 550 1972 esse
565 1911 664 1972 scelus
679 1912 832 1991 loquuntur
846 1914 1022 1992 iaciuntque.

189 1991 240 2054 26.
262 1992 302 2053 llt
327 1990 500 2055 Cremonam
520 2013 645 2073 venere,
665 2013 771 2056 novum
797 1998 1023 2075 immensumque
1047 2013 1122 2076 opus

125 2077 263 2138 occurrit.
293 2075 456 2138 Othoniano
476 2076 557 2139 bello
569 2078 760 2144 Germanicus
780 2079 864 2140 miles
884 2079 1036 2140 moenibus
1051 2078 1122 2140 Gre-

126 2160 304 2220 moneusium
324 2167 419 2221 castra
441 2179 509 2236 sua,
529 2163 631 2222 castris
657 2161 763 2223 vallum
787 2162 1005 2223 circumiecerat
1028 2179 1122 2240 eaque

125 2243 296 2304 munimenta
312 2262 411 2303 rursus
432 2252 562 2305 auxerat.
597 2261 718 2324 quorum
731 2243 872 2324 adspectu
893 2245 1017 2304 haesere
1032 2245 1121 2305 victo·

125 2345 191 2404 res,
207 2327 326 2388 incertis
342 2325 462 2385 ducibus
478 2326 545 2406 quid
559 2327 701 2394 iuberent.
727 2326 859 2403 incipere
877 2325 1145 2405 obpugnationems

126 2412 207 2471 icsso
228 2427 281 2487 per
303 2409 379 2470 diem
400 2417 574 2488 noctemque
598 2411 728 2470 exercitu
750 2408 869 2468 arduum
890 2418 920 2468 et
945 2408 1025 2467 nullo
1044 2408 1122 2469 iuxta

128 2491 256 2554 subsidio
278 2508 405 2571 anceps:
438 2493 482 2552 sin
498 2490 669 2552 bedriacum
688 2490 830 2566 redirent,
852 2490 1050 2552 intolerandus
1065 2500 1122 2552 tam

126 2576 207 2654 longi
220 2577 330 2636 itineris
344 2575 443 2652 labor,
460 2582 489 2634 et
504 2574 625 2635 victoria
640 2575 676 2634 ad
694 2573 808 2635 inritum
823 2572 1047 2635 revolvebatur:
1062 2591 1122 2634 mu·

125 2663 188 2722 nire
206 2669 318 2734 eastre,
333 2659 363 2718 id
377 2675 494 2736 qnoque
506 2657 676 2737 propinquis
689 2656 821 2718 hostibus
835 2655 1122 2733 formidaremus

125 2745 276 2824 dispersos
292 2749 322 2802 et
336 2757 411 2818 opus
426 2741 580 2801 molientes
592 2739 684 2802 subita
699 2740 850 2818 eruptione
868 2739 1025 2800 turbarent.
1045 2758 1121 2820 quae
1132 2758 1160 2799 ro
1262 2749 1263 2752 ’

126 2847 214 2908 super
240 2833 341 2888 cuncta
364 2823 495 2885 terrebat
516 2824 645 2902 ipsorum
667 2822 750 2884 miles
770 2821 895 2902 periculi
918 2839 1002 2900 quarn
1022 2840 1123 2884 morae

125 2910 297 2992 patientior:
326 2908 435 2987 quippe
455 2907 568 2984 ingrata
588 2921 663 2985 quae
683 2914 761 2981 tuta,
789 2923 828 2965 ex
849 2907 1022 2971 temeritate,
1036 2925 1132 2986 spes;u

126 2995 276 3072 omnisque
290 2990 396 3052 caedes
411 2999 441 3051 et
452 2990 572 3051 vulnera
588 2997 617 3048 et
628 2989 745 3067 sanquis
760 2987 897 3049 aviditate
910 2989 1037 3068 praedae
1051 3007 1121 3068 pen·

126 3076 271 3136 sabantnr.
911 3111 915 3117 ·

187 3157 238 3220 27.
258 3155 321 3216 lluc
332 3155 481 3216 inelinavit
491 3156 634 3216 Antonius
646 3154 782 3234 cingique
793 3155 900 3216 vallum
912 3172 1019 3217 corona
1030 3154 1122 3214 iussit.

127 3241 219 3320 primo
239 3239 353 3318 sagittis
373 3241 510 3318 saxisque
530 3240 639 3301 eminus
655 3238 821 3316 certabant,
845 3240 954 3300 maiore
969 3237 1123 3298 Flaviano·

127 3341 189 3384 rum
203 3323 349 3402 pernicie,
371 3324 399 3384 in
414 3339 489 3402 quos
510 3322 568 3384 tela
582 3322 709 3401 desuper
723 3320 915 3391 libmbantur3
934 3337 1003 3381 rnox
1016 3319 1123 3380 vallum
1217 3349 1224 3357 ’

126 3401 286 3490 portasque
299 3405 465 3486 legionibus
481 3407 623 3484 attribuit,
638 3413 670 3466 ut
681 3403 823 3466 discretus
839 3403 924 3466 labor
937 3404 1028 3464 fortes
1043 3403 1124 3480 iqua·
