2568 3870
401 217 505 268 moun
517 219 568 268 111.
589 219 665 267 cnr.
683 217 804 272 ets—oo
1012 215 1015 222 '
1035 200 1107 271 x131

110 377 212 438 aetatis
229 391 331 435 anuum
348 372 495 453 explebat.
527 374 723 450 consulatum,
741 375 922 454 sacerdotia,
947 393 1052 436 nomen
1067 377 1109 437 lo·

111 478 233 539 cumque
249 460 323 518 iuter
338 459 480 537 primores
497 457 574 517 nulla
594 476 645 518 sua
661 458 816 536 industria,
833 459 886 518 sed
902 469 1004 520 currcta
1020 462 1111 540 patris
1195 495 1198 504 ·

111 543 279 606 claritudine
296 543 426 620 adeptus.
458 543 651 622 principatum
674 544 702 602 ei
716 542 851 620 detulere
872 545 920 621 qui
941 544 1111 623 ipsumnou

109 637 263 690 nouerant:
295 625 387 686 studia
404 626 549 686 exercitus
568 643 634 686 raro
651 628 782 705 cuiquam
798 625 883 688 bonis
899 627 1008 688 artibus
1023 645 1136 708 quae-s

108 716 162 774 sita
179 710 299 789 perinde
315 708 434 770 adfuere
449 726 533 788 quam
550 709 618 770 huic
641 729 694 790 per
717 713 870 788 ignaviam.
900 712 993 774 iuerat
1015 722 1110 772 tamen

108 796 279 875 simplicitas
296 812 330 854 ac
345 793 522 869 liberalitas,
544 811 633 872 quae,
656 797 683 854 ni
707 795 782 855 adsit
799 795 917 872 modus,
942 796 970 854 in
992 798 1111 856 exitium

107 888 266 940 vertuntur.
299 879 438 939 amicitias
461 877 525 938 dum
550 877 742 956 magnitudine
766 894 929 956 munerum,
958 898 1014 940 non
1041 898 1108 940 con·

108 965 211 1024 stantia
234 981 345 1023 morum
368 962 508 1022 'contineri
530 971 625 1041 putat,
650 963 754 1022 meruit
773 964 865 1040 magis
897 982 981 1042 quam
1002 963 1109 1024 babuit.

108 1049 152 1107 rei
168 1046 302 1127 publicae
319 1045 392 1107 lraud
408 1045 493 1106 dubie
509 1047 647 1106 intererat
664 1045 813 1107 Vitellium
834 1047 926 1123 vinci,
947 1047 998 1107 sed
1020 1051 1108 1127 impu·
1121 1071 1146 1112 aa

109 1141 171 1192 tare
186 1130 335 1210 perfidiam
350 1148 408 1190 non
423 1140 544 1209 possunt
566 1133 613 1210 qui
634 1130 784 1191 Vitellium
803 1131 989 1210 Vespasiano
1014 1130 1110 1210 prodi-

110 1214 194 1292 dere,
212 1233 274 1275 cum
290 1233 306 1274 a
323 1213 413 1276 Galba
432 1215 634 1275 desciuissent.

192 1300 348 1377 Praecipiti
363 1299 391 1358 in
407 1315 542 1360 occasum
558 1297 604 1358 die
621 1298 659 1356 ob
676 1316 815 1377 pavorem
833 1299 1050 1376 magistratuum
1065 1318 1112 1359 se·

110 1392 312 1462 natorumque,
330 1384 377 1461 qui
395 1383 500 1462 dilapsi
516 1401 554 1442 ex
568 1381 639 1442 urbe
655 1390 703 1442 aut
719 1399 773 1461 per
789 1381 891 1442 domos
906 1380 1052 1442 clientium
1066 1401 1111 1442 se·

109 1475 167 1527 met
188 1465 390 1544 occultabant,
412 1469 514 1529 uocari
542 1474 660 1526 senatus
689 1483 747 1526 nou
775 1466 876 1545 potuit.
905 1464 1107 1540 Domitianum,
1121 1485 1146 1529 1⁵

110 1560 260 1631 postquam
284 1550 354 1610 nihil
374 1550 482 1611 hostile
503 1548 699 1622 metuebatur,
729 1549 765 1608 ad
788 1548 876 1609 duces
900 1550 1021 1628 partium
1044 1566 1110 1629 pro·

109 1651 241 1710 gressum
256 1643 286 1694 et
301 1632 458 1694 Gaesarem
473 1632 679 1693 consalutatum
691 1632 775 1692 miles
789 1632 929 1711 frequens
945 1641 1033 1711 utque
1051 1641 1113 1692 erat

109 1719 137 1777 iu
152 1719 238 1778 armis
254 1718 282 1776 iu
298 1725 436 1797 paternos
451 1724 573 1796 penates
588 1714 714 1775 deduxit.
