2536 3870
157 99 223 166 tu
400 107 565 158 conuentu
584 106 702 154 raom
716 103 917 154 acnrcouan

161 269 274 330 bantur.
306 281 361 323 nec
379 261 517 340 Agricola
539 277 670 339 umquam
688 279 741 338 per
759 259 833 320 alios
851 269 936 337 gesta
957 258 1059 320 avidus
1076 259 1167 320 inter·
1245 255 1246 258 ’

163 354 260 430 cepit:
284 367 337 408 seu
352 348 483 407 centurio
505 363 558 406 seu
573 344 740 426 praefectus
761 344 959 422 incorruptum
974 343 1044 403 iacti
1057 351 1169 404 testem

128 433 298 502 dehabebat.
328 431 404 510 apud
421 428 559 510 quosdam
577 426 711 489 acerbior
726 427 754 486 in
771 428 911 486 conviciis
926 425 1117 504 narrabatur,
1136 435 1170 486 ut
1245 467 1246 490 t

113 533 115 538 '
164 529 227 582 erat
250 516 339 577 comis
361 514 462 589 bonis,
485 515 524 572 ita
544 512 685 574 adversus
702 509 795 570 malos
817 509 995 570 iniucundus.
1033 518 1169 573 ceterum

163 623 202 665 ex
218 598 365 662 iracundia
379 596 449 658 nibil
461 605 629 675 superorum
651 602 795 655 secretum
808 593 858 654 vel
869 592 1012 654 silentium
1026 596 1090 654 eius
1108 612 1169 654 non

161 689 296 749 timeres:
318 682 469 743 honestius
484 679 603 758 putabat
618 678 768 740 offendere
783 695 869 756 quam
886 677 993 738 odisse.

219 767 269 830 23.
289 768 396 843 Quarta
408 771 504 825 aestas
516 762 762 840 obtinendisquae
772 769 997 846 percucurrerat
1007 761 1167 840 insumpta;
1244 775 1246 826 t

59 871 64 878 ·
161 872 198 915 ¹ac
214 855 239 913 si
260 853 350 911 virtus
366 849 542 909 exercituum
565 857 594 906 ct
607 846 729 908 Romani
748 845 871 905 nominis
886 845 982 922 glorta
1005 853 1170 924 pateretur,

163 941 297 997 inventus
313 935 341 994 in
362 936 426 1012 ipsa
445 931 591 991 Britannia
607 929 755 990 terminus.
783 946 906 1007 namque
924 927 1010 988 Clota
1025 937 1054 988 et
1068 927 1168 989 Bodo-
1245 947 1246 1004 ξ

163 1024 218 1080 tria
242 1018 350 1078 diversi
370 1017 457 1075 maris
474 1013 603 1074 aestibus
619 1029 672 1092 per
688 1012 847 1072 inmensum
863 1020 1017 1088 retectae,
1041 1021 1169 1089 angusto
1245 1025 1246 1034 ¹

139 1114 306 1163 eterrarum
325 1100 418 1180 spatio
440 1097 624 1158 dirimuntur:
648 1095 726 1176 quod
748 1095 978 1176 tumpraesidiis
1001 1095 1169 1158 firmabatur
1245 1149 1246 1168 ξ

165 1196 253 1266 atque
268 1185 360 1244 omnis
376 1183 497 1261 propior
509 1182 587 1241 sinus
603 1179 768 1259 tenebatur,
785 1180 934 1240 summotis
945 1178 1026 1241 velut
1041 1179 1070 1239 in
1082 1179 1163 1240 aliam
1245 1177 1246 1236 i

164 1270 287 1331 insulam
301 1266 445 1329 hostibus.

228 1353 279 1414 24.
303 1353 411 1429 Quinto
430 1349 645 1430 expeditionum
665 1365 741 1408 anuo
761 1366 835 1408 neve
853 1346 943 1426 prima
964 1356 1164 1424 transgressus

163 1442 280 1517 ignotae
298 1435 335 1497 ad
351 1435 378 1496 id
393 1445 509 1514 tempus
524 1433 620 1511 gentis
635 1430 748 1492 crebris
763 1431 846 1492 simul
860 1449 896 1491 ac
913 1433 1067 1510 prosperis
1081 1448 1166 1510 proe-

164 1523 211 1583 liis
223 1521 346 1589 domuit;
371 1533 492 1596 eamque
512 1525 624 1596 partem
636 1516 800 1576 Britanniae
818 1533 894 1594 qnae
907 1513 1074 1574 Hiberniam
1092 1514 1168 1593 aspi·

167 1607 205 1667 cit
222 1605 315 1683 copiis
332 1603 480 1678 instruxit,
500 1601 529 1659 in
549 1618 633 1679 spem
646 1600 739 1676 magis
760 1617 844 1679 quam
860 1597 898 1658 ob
920 1597 1124 1676 formidinem,
1149 1599 1173 1656 ai
1245 1653 1246 1662 ,

142 1689 281 1768 squidem
306 1685 442 1746 Hibernia
467 1683 562 1743 medio
587 1685 663 1743 inter
688 1681 833 1742 Britannia
887 1690 973 1761 atquc
999 1681 1173 1760 Hispaniam

165 1775 220 1832 sita
238 1781 267 1829 et
284 1769 396 1830 Gallico
412 1783 529 1846 quoque
543 1768 615 1826 mari
635 1774 799 1846 opportuna
815 1783 851 1826 va
864 1765 1040 1826 eutissimarn
1054 1766 1174 1845 imperii

166 1863 278 1933 partem
299 1853 411 1928 magnis
429 1852 458 1908 in
479 1851 573 1909 vicem
588 1849 688 1910 usibus
703 1849 861 1909 misouerit.
892 1850 1015 1928 spatium
1037 1851 1120 1926 eius,
1149 1853 1175 1908 si

165 1936 329 1999 Britanniae
346 1943 544 2013 comparetur,
564 1933 731 2011 angustius,
748 1935 839 1994 nostri
854 1935 941 1994 maris
955 1933 1064 1994 insulas
1080 1951 1173 2013 supe·

165 2031 220 2086 rat.
256 2019 351 2080 solum
368 2017 540 2095 caelumque
561 2026 591 2077 et
608 2017 725 2094 ingenia
749 2017 901 2097 cultusque
926 2017 1069 2078 hominum
1093 2015 1174 2078 haud

131 2097 1171 2178 10multumaBritanniadiliemnt:interiorcpcrttm,meliusadituspor·

169 2191 273 2261 tuaque
285 2200 340 2261 per
348 2183 523 2243 commercia
531 2184 769 2263 etnegotiatores
778 2185 897 2261 cogniti.
914 2182 1054 2260 Agricola
1062 2183 1170 2261 expul-

166 2283 229 2326 sum
243 2266 390 2328 seditione
402 2267 561 2328 domestica
574 2280 659 2326 unum
672 2285 711 2327 eu
724 2267 835 2345 repulia
849 2268 945 2345 gentis
959 2275 1122 2344 exoepcrat
1135 2285 1172 2326 ao

167 2351 635 2426 specieamioitaeiuoccasionem
646 2351 800 2412 retinebat.
818 2368 908 2429 saepe
921 2349 1109 2412 exeuaudivi
1125 2349 1170 2409 le·

167 2433 259 2510 gionc
273 2440 367 2495 unaet
379 2433 500 2494 modicis
514 2435 628 2494 auxiliis
640 2434 782 2496 debellari
797 2435 983 2512 obtinerique
996 2431 1172 2492 Hiberniam
1245 2461 1246 2472 κ

171 2533 274 2593 posse;
291 2515 1171 2598 idquectiamadversusBritanniamproluturum,siRomana
1245 2575 1246 2588 ,

170 2599 278 2677 ubique
296 2618 372 2661 arma
388 2609 423 2660 et‘
433 2601 514 2662 uelut
530 2620 547 2660 e
563 2610 722 2681 conspectu
737 2602 858 2662 libertas
875 2600 1038 2661 tolleretur.
1245 2593 1246 2602 ’

155 2701 159 2707 “
227 2679 279 2740 25.
306 2679 441 2742 (letarum
459 2691 569 2742 aestate
584 2700 639 2761 qua
655 2693 769 2744 sextum
784 2685 873 2746 oiiicii
889 2684 989 2746 annum
1005 2685 1173 2766 inchoabat,

167 2764 320 2842 amplexus
336 2767 467 2826 civitates
483 2775 561 2826 trans
576 2765 741 2828 Bodotriam
756 2769 841 2847 sitas,
861 2772 931 2847 quia
945 2778 1039 2831 motus
1055 2771 1172 2831 univer-

166 2866 262 2908 sarum
280 2847 354 2910 ultra
367 2850 496 2926 gentium
514 2859 544 2909 et
563 2850 666 2910 iniusta
691 2852 825 2912 hostibus
848 2852 996 2912 exercitus
1018 2855 1122 2914 itinera
1137 2856 1172 2913 ti·

167 2931 335 3009 mebautur,
355 2943 458 3011 portus
475 2933 571 2994 classe
592 2933 772 3014 exploravit}
797 2954 873 3015 quac
894 2935 930 2996 ab
951 2936 1095 3015 Agricola
1113 2939 1171 3016 pri-

144 3030 242 3075 smum
258 3015 408 3096 adsumpta
427 3019 455 3075 in
471 3025 582 3094 partem
598 3019 700 3079 virium
718 3019 896 3098 sequebatur
917 3021 1039 3100 egregia
1056 3022 1172 3100 specie,
1245 3031 1246 3086 i

166 3116 231 3158 oum
252 3098 336 3160 simul
357 3108 436 3161 terra
457 3101 539 3160 simul
557 3103 628 3161 mari
647 3101 754 3164 bellum
778 3104 998 3185 impelleretur,
1021 3123 1055 3166 ac
1078 3122 1171 3184 saepe
1245 3123 1246 3128 ¹

165 3179 256 3242 isdem
275 3185 379 3245 castris
394 3183 488 3264 pedes
504 3202 654 3264 equesque
675 3195 704 3246 ct
719 3187 851 3248 nauticus
869 3188 955 3250 miles
973 3189 1053 3248 ruisti
1074 3190 1170 3268 copiis
1245 3205 1246 3208 ¹

165 3271 195 3321 et
209 3263 317 3326 laetitia
332 3285 384 3328 sua
400 3267 522 3347 quisque
537 3269 631 3346 iacta,
647 3287 717 3331 suos
733 3289 817 3332 casus
832 3271 1015 3349 attollerent,
1030 3289 1066 3333 ao
1080 3271 1168 3332 modo
1244 3253 1246 3344 l

164 3343 300 3404 silvarum
327 3367 361 3408 ac
382 3353 519 3412 montium
541 3352 701 3431 probanda,
727 3354 814 3416 modo
837 3363 1037 3436 tempestatum
1057 3373 1094 3416 ac
1116 3354 1168 3418 du·
