2536 3870
411 189 563 242 uiuum-v.
581 189 661 244 cen.
677 153 798 250 ιι-ιι.
938 141 941 147 y
1044 187 1107 254 187

166 345 215 408 16.
238 343 362 405 Postera
377 342 443 403 lnce
460 343 583 408 Cerialis
598 350 696 428 equite
719 359 749 412 et
763 351 920 414 auxilieriis
932 353 1104 418 columbinus

92 431 225 491 frontem
249 425 365 508 explet;
385 427 414 486 in
438 429 566 494 secunda
587 433 651 494 acie
663 433 799 512 legiones
817 436 948 508 locatae;
972 431 1030 500 dun
1048 441 1103 502 sibi

93 513 234 574 delectos
255 512 412 573 retinuerat
427 511 463 574 ad
483 512 642 593 inprouisa.
687 515 787 580 civilis
803 519 879 582 haud
896 531 1035 600 porrecto
1051 541 1102 604 ag·

93 597 176 658 mine
190 594 244 658 sed
259 595 359 657 cuneis
373 594 498 668 adstitit:
513 597 614 660 Ratarl
627 598 815 684 (lugernique
830 605 860 666 in
874 604 997 684 dextro,
1017 605 1103 670 laeva

94 697 132 742 ac
155 679 296 761 propiora
325 677 432 741 domiui
460 679 671 745 Transrhenani
694 695 825 748 tenuere.
861 688 1025 752 exhortatio
1050 691 1129 760 dus
1223 695 1226 700 '

94 781 163 825 cum
185 780 244 824 non
260 779 343 824 more
367 765 509 825 contionis
533 765 609 845 apud
636 771 804 850 uniuersos,
835 771 889 833 sed
913 782 943 834 ut
968 791 1104 854 quosque

92 863 215 910 suornm
247 843 474 909 advehebantur.
515 847 639 912 Cerialis
670 861 800 915 veterem
830 856 953 918 Romani
979 859 1103 920 nominis

94 931 238 1010 gloriam,
265 931 397 1010 antiquas
421 941 615 1014 recentesque
636 931 789 1013 victoriasr
812 947 841 1000 ut
863 940 1003 1020 pertidum
1020 944 1102 1020 igna-

95 1031 165 1074 vum
186 1015 291 1075 victum
312 1013 424 1076 hostem
440 1015 470 1076 in
491 1025 639 1080 aeteruum
654 1021 858 1100 excinderent,
885 1024 995 1086 ultione
1009 1028 1102 1106 magis

96 1115 184 1178 qnam
198 1098 315 1178 proelio
332 1114 407 1177 opus
422 1117 500 1161 esse.
530 1103 686 1181 pauciores
699 1124 795 1185 nuper
811 1103 1020 1186 cumpluribus
1037 1127 1101 1172 cer·
1111 1133 1138 1176 ro

95 1191 193 1260 tasse,
211 1199 247 1243 ac
261 1186 357 1243 tamen
373 1181 455 1244 insos
471 1183 649 1267 Germanos,
672 1189 750 1269 quod
776 1188 893 1252 roboris
914 1192 1017 1255 inerit:
1053 1211 1101 1254 sn·

96 1283 221 1346 peresse
238 1267 287 1346 qni
305 1265 403 1346 iugum
424 1268 540 1348 animis,
571 1271 620 1350 qni
640 1272 763 1334 volnera
781 1281 868 1354 tergo
893 1275 998 1337 ierant.
1032 1294 1101 1356 pro·

96 1351 180 1430 prios
206 1349 273 1410 inde
301 1350 432 1412 stimulos
457 1351 622 1430 legionibus
646 1353 833 1436 admovebat,
864 1358 1025 1420 domitores
1038 1357 1101 1420 Bri-

96 1434 211 1496 tanniae
232 1434 511 1514 quartudecumanos
528 1437 695 1516 appellans;
719 1439 881 1521 principem
897 1439 1099 1504 Galbanser·

97 1529 144 1601 tae
158 1518 286 1598 legionis
300 1519 474 1596 auctoritaie
491 1519 612 1592 iactum;
636 1521 686 1586 illa
701 1523 822 1603 primum
837 1526 900 1586 acie
914 1525 1098 1587 secundanos
1109 1541 1136 1584 ιι

97 1621 173 1666 nova
198 1603 281 1682 signa
306 1621 468 1684 novamque
496 1604 620 1683 aquilam
645 1605 802 1670 dicaturos.
849 1609 1099 1688 hincpraerectus

9 1693 10 1696 ’
98 1685 134 1747 nd
151 1685 351 1750 Germanicum
370 1689 530 1750 exercitum
551 1707 651 1751 manus
671 1691 826 1770 tendebat,
849 1700 879 1753 ut
900 1711 981 1754 suam
995 1692 1099 1772 ripam,

8 1819 9 1828 ,
98 1789 148 1832 sua
172 1779 267 1834 castra
294 1771 436 1851 sangnine
457 1770 583 1834 hostium
604 1775 814 1854 reciperarent.
837 1774 1100 1838 alacrioromniunn

8 1907 9 1912 ,
97 1855 223 1934 clamor,
245 1856 310 1935 quis
329 1855 378 1917 rel
400 1875 439 1918 ex
459 1856 549 1936 longa
568 1875 643 1937 prce
665 1859 772 1939 proelii
793 1859 916 1940 cupido,
933 1858 995 1924 ,vel
1009 1859 1099 1922 iessls

8 1977 9 1992 ι
96 1940 175 2002 bello
196 1941 283 2020 pacis
301 1951 382 2004 amor
408 1943 595 2023 praemiaque
616 1950 645 2004 et
674 1944 756 2024 quies
776 1945 805 2004 iu
826 1951 975 2024 posterum
997 1959 1136 2025 spera-co

8 2075 9 2098 ι
96 2023 207 2086 bantur.

161 2111 210 2170 17.
237 2105 312 2210 ‘Nec‘
328 2107 429 2211 cipilis
455 2111 544 2172 silens
569 2111 703 2174 instruxit
724 2114 833 2192 aciem,
859 2113 957 2174 locum
982 2127 1259 2223 pugnae&

96 2202 200 2257 testem
216 2202 328 2256 virtutus
343 2211 440 2256 cuens:
465 2203 543 2257 stare
567 2194 728 2258 Germanos
743 2196 929 2276 Batavosque
944 2214 1035 2276 super
1049 2213 1099 2256 re·

8 2317 9 2354 3
97 2280 181 2360 stiqia
201 2279 332 2360 gloriae,
359 2278 474 2341 cineres
502 2297 628 2360 ossaque
661 2279 809 2360 legionum
838 2279 995 2342 calcantes.
1027 2297 1098 2360 quo·

8 2411 9 2436 ι
97 2382 217 2444 cumque
233 2361 338 2426 corios
351 2363 497 2427 llomanus
510 2364 687 2443 intenderet,
715 2364 910 2444 captivitatem
927 2363 1098 2444 clademque

8 2469 9 2526 ι
97 2457 126 2508 et
154 2447 215 2511 dira
243 2448 337 2511 omnin
368 2446 530 2511 obversari.
570 2468 607 2511 ne
638 2457 818 2511 terrerentur
841 2449 921 2510 vario
946 2447 1119 2512 Trevericiu

8 2573 9 2608 3
96 2531 201 2612 proelii
216 2542 337 2596 euentu:
354 2551 435 2597 suam
449 2534 511 2596 illic
524 2533 675 2598 victoriam
690 2532 840 2598 Germanis
855 2531 1015 2610 obstitisse,
1031 2531 1097 2594 dum

96 2617 209 2680 omissis
224 2617 291 2680 telis
307 2617 417 2698 praeda
431 2637 530 2682 manus
548 2619 722 2700 impediunt:
745 2617 799 2681 sed
823 2625 927 2680 cuncta
945 2635 1014 2679 mox
1030 2633 1097 2698 pro·

96 2721 182 2782 spera
197 2711 227 2764 et
240 2702 319 2765 hosti
333 2704 481 2766 contraria
497 2705 643 2766 euenisse.
678 2719 753 2784 quae
769 2703 918 2784 provideri
933 2709 998 2764 astu
1014 2700 1098 2776 ducis

96 2788 272 2867 oportuerit,
289 2789 419 2868 provisa,
434 2805 553 2868 campos
570 2787 719 2850 madentes
736 2797 766 2849 et
785 2788 857 2868 ipsis
874 2803 999 2866 gnaros,
1017 2786 1097 2866 palu·

8 2921 9 2924 ι
95 2871 146 2933 des
160 2870 295 2934 hostibus
309 2873 432 2934 noxias.
462 2873 594 2936 Rhenum
617 2880 646 2934 et
668 2871 838 2936 Germaniae
861 2871 935 2933 deos
949 2873 978 2933 iu
993 2870 1134 2951 adspem

96 2966 154 3028 ctu;
175 2974 297 3036 qnorum
311 2956 426 3018 numine
442 2966 635 3037 capesserent
650 2974 790 3036 pugnam,
815 2957 970 3036 coniugum
992 2973 1096 3035 pareu-

95 3049 151 3100 tum
172 3042 284 3120 patriae
303 3057 464 3103 memores:
493 3040 573 3102 illum
595 3042 671 3103 diem
693 3050 739 3102 ant
757 3041 1001 3120 gloriosissimum
1021 3039 1099 3099 inter

95 3123 219 3184 maiores
238 3130 286 3183 aut
298 3123 521 3200 ignominiosum
536 3125 612 3204 apud
630 3131 766 3205 posteros
786 3125 862 3188 iore.
896 3121 945 3184 ubi
961 3139 1036 3185 sono
1052 3140 1097 3185 ar·
1163 3128 1166 3132 '

97 3223 206 3277 morum
220 3205 410 3288 tripudiisque
432 3209 487 3287 (iia
501 3207 560 3268 iilis
576 3211 655 3288 mos)
672 3207 831 3288 adprobata
847 3216 913 3269 sunt
927 3207 1022 3282 dicta,
1050 3223 1097 3267 sa·

97 3289 141 3352 xis
156 3287 370 3370 glandibusque
386 3300 417 3354 et
430 3291 538 3352 ceteris
551 3290 708 3353 missilibus
723 3293 866 3370 proelium
881 3291 1029 3370 incipitur,
1044 3307 1092 3349 ne·
1107 3305 1135 3347 ru

98 3391 152 3453 que
172 3382 272 3436 nostro
294 3375 386 3438 milite
409 3371 543 3458 paludem
564 3374 745 3456 ingrediente
760 3384 790 3437 et
810 3373 975 3453 Germanis,
998 3380 1028 3433 ut
1043 3371 1098 3433 eli·

98 3468 206 3544 cenent,
221 3458 445 3524 lacessentibus.
