<?xml version="1.0" encoding="UTF-8"?>
<!DOCTYPE html PUBLIC "-//W3C//DTD XHTML 1.0 Transitional//EN"
    "http://www.w3.org/TR/xhtml1/DTD/xhtml1-transitional.dtd">
<html xmlns="http://www.w3.org/1999/xhtml" xml:lang="en" lang="en">
 <head>
  <title>
</title>
<meta http-equiv="Content-Type" content="text/html;charset=utf-8" />
  <meta name='ocr-system' content='tesseract 3.04.00' />
  <meta name='ocr-capabilities' content='ocr_page ocr_carea ocr_par ocr_line ocrx_word'/>
</head>
<body>
  <div class='ocr_page' id='page_1' title='image "./libriquisupersu02tacigoog/libriquisupersu02tacigoog_0147.png"; bbox 0 0 2540 3874; ppageno 0'>
   <div class='ocr_carea' id='block_1_1' title="bbox 55 149 912 212">
    <p class='ocr_par' dir='ltr' id='par_1_1' title="bbox 55 149 912 212">
     <span class='ocr_line' id='line_1_1' title="bbox 55 149 912 212; baseline -0.004 1"><span class='ocrx_word' id='word_1_1' title='bbox 55 174 58 180; x_wconf 95' lang='lat'>·</span> <span class='ocrx_word' id='word_1_2' title='bbox 167 149 206 212; x_wconf 80' lang='grc'><strong>88</strong></span> <span class='ocrx_word' id='word_1_3' title='bbox 421 161 587 212; x_wconf 76' lang='lat' dir='ltr'><strong>coamenti</strong></span> <span class='ocrx_word' id='word_1_4' title='bbox 601 161 912 210; x_wconf 77' lang='lat' dir='ltr'><strong>racrrrnnuanruu</strong></span> 
     </span>
    </p>
   </div>
   <div class='ocr_carea' id='block_1_2' title="bbox 132 313 1165 398">
    <p class='ocr_par' dir='ltr' id='par_1_2' title="bbox 132 313 1165 398">
     <span class='ocr_line' id='line_1_2' title="bbox 132 313 1165 398; baseline -0.003 -21"><span class='ocrx_word' id='word_1_5' title='bbox 132 336 156 378; x_wconf 83' lang='lat' dir='ltr'><strong>rc</strong></span> <span class='ocrx_word' id='word_1_6' title='bbox 166 317 322 397; x_wconf 70' lang='lat' dir='ltr'><strong>signiferos</strong></span> <span class='ocrx_word' id='word_1_7' title='bbox 348 317 426 398; x_wconf 94' lang='lat' dir='ltr'><strong>quod</strong></span> <span class='ocrx_word' id='word_1_8' title='bbox 446 318 599 378; x_wconf 88' lang='lat' dir='ltr'><strong>inconditis</strong></span> <span class='ocrx_word' id='word_1_9' title='bbox 624 325 672 376; x_wconf 89' lang='lat' dir='ltr'><strong>aut</strong></span> <span class='ocrx_word' id='word_1_10' title='bbox 693 315 891 377; x_wconf 78' lang='lat' dir='ltr'><strong>desertoribus</strong></span> <span class='ocrx_word' id='word_1_11' title='bbox 918 315 1000 376; x_wconf 86' lang='lat' dir='ltr'><strong>miles</strong></span> <span class='ocrx_word' id='word_1_12' title='bbox 1021 313 1165 374; x_wconf 78' lang='lat' dir='ltr'><strong>Romanus</strong></span> 
     </span>
    </p>
   </div>
   <div class='ocr_carea' id='block_1_3' title="bbox 165 397 1263 582">
    <p class='ocr_par' dir='ltr' id='par_1_3' title="bbox 165 397 1263 582">
     <span class='ocr_line' id='line_1_3' title="bbox 165 397 1263 480; baseline -0.004 -19"><span class='ocrx_word' id='word_1_13' title='bbox 165 410 248 480; x_wconf 79' lang='lat' dir='ltr'><strong>terga</strong></span> <span class='ocrx_word' id='word_1_14' title='bbox 264 401 362 470; x_wconf 73' lang='lat' dir='ltr'><strong>daret:</strong></span> <span class='ocrx_word' id='word_1_15' title='bbox 385 401 469 461; x_wconf 89' lang='lat' dir='ltr'><strong>simul</strong></span> <span class='ocrx_word' id='word_1_16' title='bbox 485 407 624 479; x_wconf 83' lang='lat' dir='ltr'><strong>exceptat</strong></span> <span class='ocrx_word' id='word_1_17' title='bbox 641 400 760 461; x_wconf 81' lang='lat' dir='ltr'><strong>vnlnere</strong></span> <span class='ocrx_word' id='word_1_18' title='bbox 778 410 807 461; x_wconf 87' lang='lat' dir='ltr'><strong>ct</strong></span> <span class='ocrx_word' id='word_1_19' title='bbox 820 412 988 478; x_wconf 81' lang='lat' dir='ltr'><strong>quamquam</strong></span> <span class='ocrx_word' id='word_1_20' title='bbox 1004 397 1166 459; x_wconf 75' lang='lat' dir='ltr'><strong>transfosso</strong></span> <span class='ocrx_word' id='word_1_21' title='bbox 1262 451 1263 476; x_wconf 67' lang='lat'><strong>,</strong></span> 
     </span>
     <span class='ocr_line' id='line_1_4' title="bbox 165 483 1263 582; baseline -0.005 -36"><span class='ocrx_word' id='word_1_22' title='bbox 165 486 252 546; x_wconf 90' lang='lat' dir='ltr'><strong>oeulc</strong></span> <span class='ocrx_word' id='word_1_23' title='bbox 269 485 422 546; x_wconf 86' lang='lat' dir='ltr'><strong>aduersam</strong></span> <span class='ocrx_word' id='word_1_24' title='bbox 438 503 472 545; x_wconf 88' lang='lat' dir='ltr'><strong>os</strong></span> <span class='ocrx_word' id='word_1_25' title='bbox 488 483 517 545; x_wconf 86' lang='lat' dir='ltr'><strong>id</strong></span> <span class='ocrx_word' id='word_1_26' title='bbox 533 484 645 545; x_wconf 81' lang='lat' dir='ltr'>hostem</span> <span class='ocrx_word' id='word_1_27' title='bbox 663 485 799 562; x_wconf 84' lang='lat' dir='ltr'><strong>intendit,</strong></span> <span class='ocrx_word' id='word_1_28' title='bbox 813 501 918 570; x_wconf 16' lang='lat' dir='ltr'><strong>‘neque</strong></span> <span class='ocrx_word' id='word_1_29' title='bbox 940 483 1167 562; x_wconf 77' lang='lat' dir='ltr'><strong>proelium-omi·</strong></span> <span class='ocrx_word' id='word_1_30' title='bbox 1262 487 1263 582; x_wconf 51' lang='lat' dir='ltr'><strong>p</strong></span> 
     </span>
    </p>
   </div>
   <div class='ocr_carea' id='block_1_4' title="bbox 164 567 695 645">
    <p class='ocr_par' dir='ltr' id='par_1_4' title="bbox 164 567 695 645">
     <span class='ocr_line' id='line_1_5' title="bbox 164 567 695 645; baseline -0.004 -17"><span class='ocrx_word' id='word_1_31' title='bbox 164 571 213 645; x_wconf 88' lang='lat' dir='ltr'><strong>sit,</strong></span> <span class='ocrx_word' id='word_1_32' title='bbox 230 569 325 629; x_wconf 86' lang='lat' dir='ltr'><strong>donee</strong></span> <span class='ocrx_word' id='word_1_33' title='bbox 340 569 474 630; x_wconf 84' lang='lat' dir='ltr'><strong>desertus</strong></span> <span class='ocrx_word' id='word_1_34' title='bbox 490 569 549 630; x_wconf 83' lang='lat' dir='ltr'><strong>sais</strong></span> <span class='ocrx_word' id='word_1_35' title='bbox 567 567 695 628; x_wconf 87' lang='lat' dir='ltr'><strong>caderet.</strong></span> 
     </span>
    </p>
   </div>
   <div class='ocr_carea' id='block_1_5' title="bbox 227 650 1163 732">
    <p class='ocr_par' dir='ltr' id='par_1_5' title="bbox 227 625 1263 732">
     <span class='ocr_line' id='line_1_6' title="bbox 227 650 1163 732; baseline -0.003 -19"><span class='ocrx_word' id='word_1_36' title='bbox 227 652 276 713; x_wconf 87' lang='grc'><strong>21.</strong></span> <span class='ocrx_word' id='word_1_37' title='bbox 303 651 384 726; x_wconf 81' lang='lat' dir='ltr'><strong>Quae</strong></span> <span class='ocrx_word' id='word_1_38' title='bbox 401 660 553 731; x_wconf 88' lang='lat' dir='ltr'><strong>postquam</strong></span> <span class='ocrx_word' id='word_1_39' title='bbox 568 650 599 712; x_wconf 84' lang='lat' dir='ltr'><strong>b.</strong></span> <span class='ocrx_word' id='word_1_40' title='bbox 615 651 747 730; x_wconf 73' lang='lat' dir='ltr'><strong>Apronio</strong></span> <span class='ocrx_word' id='word_1_41' title='bbox 770 653 851 732; x_wconf 83' lang='lat' dir='ltr'><strong>(nana</strong></span> <span class='ocrx_word' id='word_1_42' title='bbox 868 650 989 713; x_wconf 75' lang='lat' dir='ltr'><strong>Camillo</strong></span> <span class='ocrx_word' id='word_1_43' title='bbox 1012 663 1163 712; x_wconf 88' lang='lat' dir='ltr'><strong>successe·</strong></span> 
     </span>
    </p>
   </div>
   <div class='ocr_carea' id='block_1_6' title="bbox 100 733 1167 815">
    <p class='ocr_par' dir='ltr' id='par_1_6' title="bbox 100 733 1167 815">
     <span class='ocr_line' id='line_1_7' title="bbox 100 733 1167 815; baseline -0.007 -16"><span class='ocrx_word' id='word_1_44' title='bbox 100 793 106 806; x_wconf 84' lang='grc'>,</span> <span class='ocrx_word' id='word_1_45' title='bbox 165 738 225 815; x_wconf 86' lang='lat' dir='ltr'><strong>rat)</strong></span> <span class='ocrx_word' id='word_1_46' title='bbox 243 733 409 815; x_wconf 85' lang='lat' dir='ltr'><strong>comperta,</strong></span> <span class='ocrx_word' id='word_1_47' title='bbox 433 737 525 813; x_wconf 77' lang='lat' dir='ltr'><strong>magis</strong></span> <span class='ocrx_word' id='word_1_48' title='bbox 546 733 694 796; x_wconf 87' lang='lat' dir='ltr'><strong>dedecore</strong></span> <span class='ocrx_word' id='word_1_49' title='bbox 715 733 831 796; x_wconf 89' lang='lat' dir='ltr'><strong>snorum</strong></span> <span class='ocrx_word' id='word_1_50' title='bbox 854 752 937 815; x_wconf 89' lang='lat' dir='ltr'><strong>quam</strong></span> <span class='ocrx_word' id='word_1_51' title='bbox 959 735 1053 812; x_wconf 81' lang='lat' dir='ltr'><strong>gloria</strong></span> <span class='ocrx_word' id='word_1_52' title='bbox 1073 734 1167 794; x_wconf 87' lang='lat' dir='ltr'><strong>bostis</strong></span> 
     </span>
    </p>
   </div>
   <div class='ocr_carea' id='block_1_7' title="bbox 166 807 1263 983">
    <p class='ocr_par' dir='ltr' id='par_1_7' title="bbox 166 807 1263 983">
     <span class='ocr_line' id='line_1_8' title="bbox 166 807 1263 900; baseline -0.005 -18"><span class='ocrx_word' id='word_1_53' title='bbox 166 823 283 897; x_wconf 86' lang='lat' dir='ltr'><strong>anxius,</strong></span> <span class='ocrx_word' id='word_1_54' title='bbox 305 837 372 880; x_wconf 91' lang='lat' dir='ltr'><strong>raro</strong></span> <span class='ocrx_word' id='word_1_55' title='bbox 388 837 422 880; x_wconf 89' lang='lat' dir='ltr'><strong>ea</strong></span> <span class='ocrx_word' id='word_1_56' title='bbox 436 825 610 898; x_wconf 71' lang='lat' dir='ltr'><strong>tempestate</strong></span> <span class='ocrx_word' id='word_1_57' title='bbox 625 827 654 879; x_wconf 88' lang='lat' dir='ltr'><strong>et</strong></span> <span class='ocrx_word' id='word_1_58' title='bbox 668 827 685 880; x_wconf 89' lang='lat' dir='ltr'><strong>e</strong></span> <span class='ocrx_word' id='word_1_59' title='bbox 700 827 802 881; x_wconf 83' lang='lat' dir='ltr'><strong>vetere</strong></span> <span class='ocrx_word' id='word_1_60' title='bbox 817 821 956 882; x_wconf 85' lang='lat' dir='ltr'><strong>memoria</strong></span> <span class='ocrx_word' id='word_1_61' title='bbox 969 817 1165 900; x_wconf 75' lang='lat' dir='ltr'><strong>iecinorsde·</strong></span> <span class='ocrx_word' id='word_1_62' title='bbox 1262 807 1263 886; x_wconf 81' lang='lat' dir='ltr'><strong>l</strong></span> 
     </span>
     <span class='ocr_line' id='line_1_9' title="bbox 167 901 1263 983; baseline -0.005 -18"><span class='ocrx_word' id='word_1_63' title='bbox 167 923 277 971; x_wconf 83' lang='lat' dir='ltr'><strong>eumuna</strong></span> <span class='ocrx_word' id='word_1_64' title='bbox 303 921 447 983; x_wconf 83' lang='lat' dir='ltr'>quemque</span> <span class='ocrx_word' id='word_1_65' title='bbox 474 905 683 982; x_wconf 77' lang='lat' dir='ltr'><strong>ignominiosae</strong></span> <span class='ocrx_word' id='word_1_66' title='bbox 710 904 842 964; x_wconf 56' lang='lat' dir='ltr'><strong>*eobortis</strong></span> <span class='ocrx_word' id='word_1_67' title='bbox 865 913 945 964; x_wconf 83' lang='lat' dir='ltr'><strong>sorte</strong></span> <span class='ocrx_word' id='word_1_68' title='bbox 972 904 1074 967; x_wconf 85' lang='lat' dir='ltr'><strong>ductos</strong></span> <span class='ocrx_word' id='word_1_69' title='bbox 1098 901 1166 961; x_wconf 88' lang='lat' dir='ltr'><strong>lusti</strong></span> <span class='ocrx_word' id='word_1_70' title='bbox 1262 911 1263 924; x_wconf 64' lang='lat'>³</span> 
     </span>
    </p>
   </div>
   <div class='ocr_carea' id='block_1_8' title="bbox 71 988 1168 1820">
    <p class='ocr_par' dir='ltr' id='par_1_8' title="bbox 71 988 1168 1820">
     <span class='ocr_line' id='line_1_10' title="bbox 141 988 1164 1067; baseline -0.006 -17"><span class='ocrx_word' id='word_1_71' title='bbox 141 1013 153 1042; x_wconf 76' lang='grc' dir='ltr'><strong>ο</strong></span> <span class='ocrx_word' id='word_1_72' title='bbox 166 999 260 1050; x_wconf 88' lang='lat' dir='ltr'><strong>necat.</strong></span> <span class='ocrx_word' id='word_1_73' title='bbox 283 988 448 1067; x_wconf 85' lang='lat' dir='ltr'><strong>tantumque</strong></span> <span class='ocrx_word' id='word_1_74' title='bbox 460 988 620 1048; x_wconf 86' lang='lat' dir='ltr'><strong>severitate</strong></span> <span class='ocrx_word' id='word_1_75' title='bbox 633 988 806 1066; x_wconf 85' lang='lat' dir='ltr'><strong>proiectum,</strong></span> <span class='ocrx_word' id='word_1_76' title='bbox 821 993 851 1048; x_wconf 90' lang='lat' dir='ltr'><strong>ut</strong></span> <span class='ocrx_word' id='word_1_77' title='bbox 862 988 999 1048; x_wconf 84' lang='lat' dir='ltr'><strong>vexillam</strong></span> <span class='ocrx_word' id='word_1_78' title='bbox 1011 994 1164 1047; x_wconf 85' lang='lat' dir='ltr'><strong>veterano·</strong></span> 
     </span>
     <span class='ocr_line' id='line_1_11' title="bbox 71 1069 1164 1151; baseline 0.001 -21"><span class='ocrx_word' id='word_1_79' title='bbox 71 1126 73 1130; x_wconf 85' lang='lat'>.</span> <span class='ocrx_word' id='word_1_80' title='bbox 165 1091 238 1150; x_wconf 87' lang='lat' dir='ltr'><strong>rum,</strong></span> <span class='ocrx_word' id='word_1_81' title='bbox 254 1085 311 1132; x_wconf 92' lang='lat' dir='ltr'><strong>non</strong></span> <span class='ocrx_word' id='word_1_82' title='bbox 327 1072 449 1151; x_wconf 88' lang='lat' dir='ltr'><strong>amplius</strong></span> <span class='ocrx_word' id='word_1_83' title='bbox 466 1073 714 1151; x_wconf 80' lang='lat' dir='ltr'><strong>qnam-quingenti</strong></span> <span class='ocrx_word' id='word_1_84' title='bbox 726 1086 856 1149; x_wconf 79' lang='lat' dir='ltr'><strong>numero,</strong></span> <span class='ocrx_word' id='word_1_85' title='bbox 872 1072 990 1133; x_wconf 82' lang='lat' dir='ltr'><strong>easdam</strong></span> <span class='ocrx_word' id='word_1_86' title='bbox 999 1069 1164 1132; x_wconf 80' lang='lat' dir='ltr'><strong>Tacfarina-</strong></span> 
     </span>
     <span class='ocr_line' id='line_1_12' title="bbox 164 1150 1167 1236; baseline -0.003 -19"><span class='ocrx_word' id='word_1_87' title='bbox 164 1157 202 1217; x_wconf 90' lang='lat' dir='ltr'><strong>tis</strong></span> <span class='ocrx_word' id='word_1_88' title='bbox 225 1155 326 1236; x_wconf 86' lang='lat' dir='ltr'><strong>copias</strong></span> <span class='ocrx_word' id='word_1_89' title='bbox 347 1155 521 1235; x_wconf 76' lang='lat' dir='ltr'><strong>praesidium</strong></span> <span class='ocrx_word' id='word_1_90' title='bbox 545 1155 590 1215; x_wconf 88' lang='lat' dir='ltr'><strong>cai</strong></span> <span class='ocrx_word' id='word_1_91' title='bbox 611 1150 701 1216; x_wconf 76' lang='lat' dir='ltr'><strong>Thala</strong></span> <span class='ocrx_word' id='word_1_92' title='bbox 722 1171 826 1217; x_wconf 87' lang='lat' dir='ltr'><strong>nomen</strong></span> <span class='ocrx_word' id='word_1_93' title='bbox 853 1157 1009 1234; x_wconf 76' lang='lat' dir='ltr'><strong>adgressas</strong></span> <span class='ocrx_word' id='word_1_94' title='bbox 1030 1155 1167 1215; x_wconf 87' lang='lat' dir='ltr'><strong>luderint.</strong></span> 
     </span>
     <span class='ocr_line' id='line_1_13' title="bbox 164 1235 1168 1320; baseline -0.004 -18"><span class='ocrx_word' id='word_1_95' title='bbox 164 1256 223 1320; x_wconf 92' lang='lat' dir='ltr'><strong>quo</strong></span> <span class='ocrx_word' id='word_1_96' title='bbox 239 1239 354 1320; x_wconf 89' lang='lat' dir='ltr'><strong>proelio</strong></span> <span class='ocrx_word' id='word_1_97' title='bbox 373 1235 465 1300; x_wconf 76' lang='lat' dir='ltr'><strong>liuius</strong></span> <span class='ocrx_word' id='word_1_98' title='bbox 481 1237 601 1300; x_wconf 79' lang='lat' dir='ltr'><strong>Heluius</strong></span> <span class='ocrx_word' id='word_1_99' title='bbox 613 1240 765 1317; x_wconf 73' lang='lat' dir='ltr'><strong>gregarius</strong></span> <span class='ocrx_word' id='word_1_100' title='bbox 777 1239 861 1300; x_wconf 84' lang='lat' dir='ltr'><strong>miles</strong></span> <span class='ocrx_word' id='word_1_101' title='bbox 873 1241 981 1300; x_wconf 79' lang='lat' dir='ltr'><strong>servati</strong></span> <span class='ocrx_word' id='word_1_102' title='bbox 993 1241 1065 1300; x_wconf 86' lang='lat' dir='ltr'><strong>civis</strong></span> <span class='ocrx_word' id='word_1_103' title='bbox 1075 1239 1168 1300; x_wconf 85' lang='lat' dir='ltr'><strong>decus</strong></span> 
     </span>
     <span class='ocr_line' id='line_1_14' title="bbox 164 1320 1166 1404; baseline -0.002 -20"><span class='ocrx_word' id='word_1_104' title='bbox 164 1323 274 1385; x_wconf 90' lang='lat' dir='ltr'><strong>rettulit</strong></span> <span class='ocrx_word' id='word_1_105' title='bbox 290 1323 475 1402; x_wconf 65' lang='lat' dir='ltr'><strong>donatusque,</strong></span> <span class='ocrx_word' id='word_1_106' title='bbox 489 1332 534 1384; x_wconf 90' lang='lat' dir='ltr'><strong>est</strong></span> <span class='ocrx_word' id='word_1_107' title='bbox 547 1321 583 1384; x_wconf 89' lang='lat' dir='ltr'><strong>ab</strong></span> <span class='ocrx_word' id='word_1_108' title='bbox 597 1323 729 1402; x_wconf 74' lang='lat' dir='ltr'><strong>Apronio</strong></span> <span class='ocrx_word' id='word_1_109' title='bbox 745 1324 898 1404; x_wconf 73' lang='lat' dir='ltr'><strong>torquibus</strong></span> <span class='ocrx_word' id='word_1_110' title='bbox 916 1333 946 1385; x_wconf 91' lang='lat' dir='ltr'><strong>et</strong></span> <span class='ocrx_word' id='word_1_111' title='bbox 967 1323 1059 1384; x_wconf 87' lang='lat' dir='ltr'><strong>basta.</strong></span> <span class='ocrx_word' id='word_1_112' title='bbox 1091 1320 1166 1383; x_wconf 77' lang='lat' dir='ltr'><strong>(iae-</strong></span> 
     </span>
     <span class='ocr_line' id='line_1_15' title="bbox 130 1404 1166 1488; baseline -0.001 -21"><span class='ocrx_word' id='word_1_113' title='bbox 130 1423 212 1468; x_wconf 82' lang='lat' dir='ltr'><strong>rosar</strong></span> <span class='ocrx_word' id='word_1_114' title='bbox 228 1404 336 1470; x_wconf 87' lang='lat' dir='ltr'><strong>addidit</strong></span> <span class='ocrx_word' id='word_1_115' title='bbox 350 1409 471 1468; x_wconf 88' lang='lat' dir='ltr'><strong>civicam</strong></span> <span class='ocrx_word' id='word_1_116' title='bbox 487 1421 640 1483; x_wconf 82' lang='lat' dir='ltr'><strong>eoronam,</strong></span> <span class='ocrx_word' id='word_1_117' title='bbox 667 1409 745 1488; x_wconf 90' lang='lat' dir='ltr'><strong>qnod</strong></span> <span class='ocrx_word' id='word_1_118' title='bbox 766 1423 822 1470; x_wconf 91' lang='lat' dir='ltr'><strong>non</strong></span> <span class='ocrx_word' id='word_1_119' title='bbox 846 1425 908 1470; x_wconf 90' lang='lat' dir='ltr'><strong>cam</strong></span> <span class='ocrx_word' id='word_1_120' title='bbox 930 1419 1048 1488; x_wconf 88' lang='lat' dir='ltr'><strong>qaoque</strong></span> <span class='ocrx_word' id='word_1_121' title='bbox 1068 1406 1166 1485; x_wconf 74' lang='lat' dir='ltr'><strong>Apro-</strong></span> 
     </span>
     <span class='ocr_line' id='line_1_16' title="bbox 163 1489 1163 1573; baseline -0.003 -20"><span class='ocrx_word' id='word_1_122' title='bbox 163 1493 227 1554; x_wconf 84' lang='lat' dir='ltr'><strong>nius</strong></span> <span class='ocrx_word' id='word_1_123' title='bbox 243 1493 306 1553; x_wconf 91' lang='lat' dir='ltr'><strong>iure</strong></span> <span class='ocrx_word' id='word_1_124' title='bbox 322 1491 506 1572; x_wconf 79' lang='lat' dir='ltr'><strong>proconsulis</strong></span> <span class='ocrx_word' id='word_1_125' title='bbox 528 1491 693 1573; x_wconf 73' lang='lat' dir='ltr'><strong>tribuisset,</strong></span> <span class='ocrx_word' id='word_1_126' title='bbox 715 1501 835 1572; x_wconf 84' lang='lat' dir='ltr'><strong>questus</strong></span> <span class='ocrx_word' id='word_1_127' title='bbox 857 1493 948 1570; x_wconf 74' lang='lat' dir='ltr'><strong>magis</strong></span> <span class='ocrx_word' id='word_1_128' title='bbox 969 1503 1060 1571; x_wconf 88' lang='lat' dir='ltr'><strong>quam</strong></span> <span class='ocrx_word' id='word_1_129' title='bbox 1074 1489 1163 1550; x_wconf 82' lang='lat' dir='ltr'><strong>olien-</strong></span> 
     </span>
     <span class='ocr_line' id='line_1_17' title="bbox 164 1575 1167 1655; baseline -0.004 -17"><span class='ocrx_word' id='word_1_130' title='bbox 164 1595 225 1638; x_wconf 89' lang='lat' dir='ltr'><strong>sns.</strong></span> <span class='ocrx_word' id='word_1_131' title='bbox 257 1575 309 1638; x_wconf 84' lang='lat' dir='ltr'><strong>sed</strong></span> <span class='ocrx_word' id='word_1_132' title='bbox 331 1577 499 1637; x_wconf 78' lang='lat' dir='ltr'><strong>Tacfarinas</strong></span> <span class='ocrx_word' id='word_1_133' title='bbox 521 1575 666 1655; x_wconf 85' lang='lat' dir='ltr'><strong>perculsis</strong></span> <span class='ocrx_word' id='word_1_134' title='bbox 688 1575 818 1638; x_wconf 84' lang='lat' dir='ltr'><strong>Numidis</strong></span> <span class='ocrx_word' id='word_1_135' title='bbox 833 1587 863 1638; x_wconf 84' lang='lat' dir='ltr'><strong>at</strong></span> <span class='ocrx_word' id='word_1_136' title='bbox 880 1575 993 1638; x_wconf 83' lang='lat' dir='ltr'><strong>obsidia</strong></span> <span class='ocrx_word' id='word_1_137' title='bbox 1009 1587 1167 1654; x_wconf 86' lang='lat' dir='ltr'><strong>aspernan-</strong></span> 
     </span>
     <span class='ocr_line' id='line_1_18' title="bbox 164 1656 1167 1739; baseline -0.002 -17"><span class='ocrx_word' id='word_1_138' title='bbox 164 1661 240 1722; x_wconf 84' lang='lat' dir='ltr'><strong>tibus</strong></span> <span class='ocrx_word' id='word_1_139' title='bbox 253 1662 363 1739; x_wconf 74' lang='lat' dir='ltr'><strong>spargit</strong></span> <span class='ocrx_word' id='word_1_140' title='bbox 380 1656 498 1736; x_wconf 89' lang='lat' dir='ltr'><strong>bellum,</strong></span> <span class='ocrx_word' id='word_1_141' title='bbox 512 1659 559 1719; x_wconf 92' lang='lat' dir='ltr'><strong>ubi</strong></span> <span class='ocrx_word' id='word_1_142' title='bbox 573 1661 737 1738; x_wconf 78' lang='lat' dir='ltr'><strong>instaretur,</strong></span> <span class='ocrx_word' id='word_1_143' title='bbox 752 1661 859 1722; x_wconf 82' lang='lat' dir='ltr'><strong>cedens</strong></span> <span class='ocrx_word' id='word_1_144' title='bbox 874 1669 909 1721; x_wconf 86' lang='lat' dir='ltr'><strong>ac</strong></span> <span class='ocrx_word' id='word_1_145' title='bbox 921 1668 1032 1720; x_wconf 83' lang='lat' dir='ltr'><strong>rursum</strong></span> <span class='ocrx_word' id='word_1_146' title='bbox 1043 1661 1071 1718; x_wconf 82' lang='lat' dir='ltr'><strong>in·</strong></span> <span class='ocrx_word' id='word_1_147' title='bbox 1082 1668 1167 1736; x_wconf 78' lang='lat' dir='ltr'><strong>terga</strong></span> 
     </span>
     <span class='ocr_line' id='line_1_19' title="bbox 165 1740 1168 1820; baseline -0.002 -15"><span class='ocrx_word' id='word_1_148' title='bbox 165 1757 308 1805; x_wconf 85' lang='lat' dir='ltr'><strong>remeans.</strong></span> <span class='ocrx_word' id='word_1_149' title='bbox 339 1751 368 1802; x_wconf 91' lang='lat' dir='ltr'><strong>et</strong></span> <span class='ocrx_word' id='word_1_150' title='bbox 388 1745 454 1804; x_wconf 89' lang='lat' dir='ltr'><strong>duru</strong></span> <span class='ocrx_word' id='word_1_151' title='bbox 469 1758 504 1804; x_wconf 86' lang='lat' dir='ltr'><strong>ea</strong></span> <span class='ocrx_word' id='word_1_152' title='bbox 526 1745 599 1803; x_wconf 88' lang='lat' dir='ltr'><strong>ratio</strong></span> <span class='ocrx_word' id='word_1_153' title='bbox 622 1740 748 1805; x_wconf 85' lang='lat' dir='ltr'><strong>barbaro</strong></span> <span class='ocrx_word' id='word_1_154' title='bbox 769 1746 839 1820; x_wconf 88' lang='lat' dir='ltr'><strong>init,</strong></span> <span class='ocrx_word' id='word_1_155' title='bbox 862 1744 975 1804; x_wconf 88' lang='lat' dir='ltr'><strong>inritum</strong></span> <span class='ocrx_word' id='word_1_156' title='bbox 997 1743 1168 1820; x_wconf 83' lang='lat' dir='ltr'><strong>fessumque</strong></span> 
     </span>
    </p>
   </div>
   <div class='ocr_carea' id='block_1_9' title="bbox 25 1824 1168 1910">
    <p class='ocr_par' dir='ltr' id='par_1_9' title="bbox 25 1824 1168 1910">
     <span class='ocr_line' id='line_1_20' title="bbox 25 1824 1168 1910; baseline -0.003 -21"><span class='ocrx_word' id='word_1_157' title='bbox 25 1877 27 1881; x_wconf 93' lang='lat'>.</span> <span class='ocrx_word' id='word_1_158' title='bbox 132 1827 323 1888; x_wconf 82' lang='lat' dir='ltr'><strong>cliomannm</strong></span> <span class='ocrx_word' id='word_1_159' title='bbox 339 1827 453 1906; x_wconf 81' lang='lat' dir='ltr'><strong>impune</strong></span> <span class='ocrx_word' id='word_1_160' title='bbox 468 1824 687 1890; x_wconf 77' lang='lat' dir='ltr'><strong>ludificabatur:</strong></span> <span class='ocrx_word' id='word_1_161' title='bbox 709 1838 861 1910; x_wconf 85' lang='lat' dir='ltr'><strong>postquam</strong></span> <span class='ocrx_word' id='word_1_162' title='bbox 878 1827 997 1888; x_wconf 81' lang='lat' dir='ltr'><strong>dederit</strong></span> <span class='ocrx_word' id='word_1_163' title='bbox 1012 1827 1048 1886; x_wconf 89' lang='lat' dir='ltr'><strong>ad</strong></span> <span class='ocrx_word' id='word_1_164' title='bbox 1059 1827 1168 1886; x_wconf 89' lang='lat' dir='ltr'><strong>mariti·</strong></span> 
     </span>
    </p>
   </div>
   <div class='ocr_carea' id='block_1_10' title="bbox 53 1909 1167 3507">
    <p class='ocr_par' dir='ltr' id='par_1_10' title="bbox 53 1909 1167 1996">
     <span class='ocr_line' id='line_1_21' title="bbox 53 1909 1167 1996; baseline -0.001 -24"><span class='ocrx_word' id='word_1_165' title='bbox 53 1989 56 1996; x_wconf 33' lang='grc' dir='ltr'>Ι</span> <span class='ocrx_word' id='word_1_166' title='bbox 163 1909 615 1991; x_wconf 82' lang='lat' dir='ltr'><strong>mosloeosetinligatuspraeda</strong></span> <span class='ocrx_word' id='word_1_167' title='bbox 630 1914 743 1973; x_wconf 85' lang='lat' dir='ltr'><strong>stativis</strong></span> <span class='ocrx_word' id='word_1_168' title='bbox 758 1913 861 1974; x_wconf 83' lang='lat' dir='ltr'><strong>castris</strong></span> <span class='ocrx_word' id='word_1_169' title='bbox 872 1910 1060 1988; x_wconf 83' lang='lat' dir='ltr'><strong>adhaerebat,</strong></span> <span class='ocrx_word' id='word_1_170' title='bbox 1077 1912 1167 1972; x_wconf 89' lang='lat' dir='ltr'><strong>missu</strong></span> 
     </span>
    </p>

    <p class='ocr_par' dir='ltr' id='par_1_11' title="bbox 162 1991 1166 2245">
     <span class='ocr_line' id='line_1_22' title="bbox 162 1991 1166 2077; baseline -0.001 -21"><span class='ocrx_word' id='word_1_171' title='bbox 162 1998 252 2076; x_wconf 89' lang='lat' dir='ltr'><strong>patris</strong></span> <span class='ocrx_word' id='word_1_172' title='bbox 269 1995 415 2074; x_wconf 78' lang='lat' dir='ltr'><strong>Apronius</strong></span> <span class='ocrx_word' id='word_1_173' title='bbox 432 1991 590 2056; x_wconf 79' lang='lat' dir='ltr'><strong>Caesianus</strong></span> <span class='ocrx_word' id='word_1_174' title='bbox 608 2014 672 2057; x_wconf 90' lang='lat' dir='ltr'><strong>cum</strong></span> <span class='ocrx_word' id='word_1_175' title='bbox 690 1999 787 2077; x_wconf 88' lang='lat' dir='ltr'><strong>equite</strong></span> <span class='ocrx_word' id='word_1_176' title='bbox 803 2005 833 2057; x_wconf 88' lang='lat' dir='ltr'><strong>et</strong></span> <span class='ocrx_word' id='word_1_177' title='bbox 854 1995 1024 2056; x_wconf 81' lang='lat' dir='ltr'><strong>cohortibus</strong></span> <span class='ocrx_word' id='word_1_178' title='bbox 1047 1995 1166 2055; x_wconf 83' lang='lat' dir='ltr'><strong>auxilia·</strong></span> 
     </span>
     <span class='ocr_line' id='line_1_23' title="bbox 162 2076 1165 2222; baseline 0 -84"><span class='ocrx_word' id='word_1_179' title='bbox 162 2081 223 2155; x_wconf 84' lang='lat' dir='ltr'><strong>riis,</strong></span> <span class='ocrx_word' id='word_1_180' title='bbox 240 2080 306 2222; x_wconf 49' lang='lat' dir='ltr'><strong>quis</strong></span> <span class='ocrx_word' id='word_1_181' title='bbox 322 2079 525 2141; x_wconf 86' lang='lat' dir='ltr'><strong>velocissimos</strong></span> <span class='ocrx_word' id='word_1_182' title='bbox 540 2080 686 2158; x_wconf 78' lang='lat' dir='ltr'><strong>legionum</strong></span> <span class='ocrx_word' id='word_1_183' title='bbox 701 2081 861 2157; x_wconf 85' lang='lat' dir='ltr'><strong>addiderat,</strong></span> <span class='ocrx_word' id='word_1_184' title='bbox 879 2091 1050 2163; x_wconf 86' lang='lat' dir='ltr'><strong>prosperam</strong></span> <span class='ocrx_word' id='word_1_185' title='bbox 1063 2076 1165 2140; x_wconf 82' lang='lat' dir='ltr'><strong>adaer-</strong></span> 
     </span>
     <span class='ocr_line' id='line_1_24' title="bbox 162 2159 946 2245; baseline -0.001 -21"><span class='ocrx_word' id='word_1_186' title='bbox 162 2182 223 2224; x_wconf 89' lang='lat' dir='ltr'><strong>sum</strong></span> <span class='ocrx_word' id='word_1_187' title='bbox 267 2163 378 2224; x_wconf 87' lang='lat' dir='ltr'><strong>umidas</strong></span> <span class='ocrx_word' id='word_1_188' title='bbox 392 2178 516 2244; x_wconf 82' lang='lat' dir='ltr'><strong>pugnam</strong></span> <span class='ocrx_word' id='word_1_189' title='bbox 532 2159 602 2226; x_wconf 89' lang='lat' dir='ltr'><strong>lacit</strong></span> <span class='ocrx_word' id='word_1_190' title='bbox 619 2165 760 2245; x_wconf 85' lang='lat' dir='ltr'><strong>pellitque</strong></span> <span class='ocrx_word' id='word_1_191' title='bbox 775 2167 802 2225; x_wconf 92' lang='lat' dir='ltr'><strong>in</strong></span> <span class='ocrx_word' id='word_1_192' title='bbox 819 2165 946 2225; x_wconf 86' lang='lat' dir='ltr'><strong>deserta.</strong></span> 
     </span>
    </p>

    <p class='ocr_par' dir='ltr' id='par_1_12' title="bbox 163 2243 1166 2581">
     <span class='ocr_line' id='line_1_25' title="bbox 225 2243 1165 2328; baseline -0.005 -20"><span class='ocrx_word' id='word_1_193' title='bbox 225 2247 276 2309; x_wconf 89' lang='grc'><strong>22.</strong></span> <span class='ocrx_word' id='word_1_194' title='bbox 300 2249 340 2308; x_wconf 78' lang='lat' dir='ltr'><strong>At</strong></span> <span class='ocrx_word' id='word_1_195' title='bbox 361 2243 471 2309; x_wconf 80' lang='lat' dir='ltr'><strong>Romae</strong></span> <span class='ocrx_word' id='word_1_196' title='bbox 491 2243 616 2328; x_wconf 80' lang='lat' dir='ltr'><strong>Lepida,</strong></span> <span class='ocrx_word' id='word_1_197' title='bbox 640 2251 684 2308; x_wconf 88' lang='lat' dir='ltr'><strong>eui</strong></span> <span class='ocrx_word' id='word_1_198' title='bbox 706 2267 796 2328; x_wconf 87' lang='lat' dir='ltr'><strong>super</strong></span> <span class='ocrx_word' id='word_1_199' title='bbox 817 2246 1006 2310; x_wconf 73' lang='lat' dir='ltr'><strong>Aemiliorum</strong></span> <span class='ocrx_word' id='word_1_200' title='bbox 1027 2247 1117 2307; x_wconf 87' lang='lat' dir='ltr'><strong>decus</strong></span> <span class='ocrx_word' id='word_1_201' title='bbox 1132 2245 1165 2304; x_wconf 82' lang='lat' dir='ltr'><strong>b.</strong></span> 
     </span>
     <span class='ocr_line' id='line_1_26' title="bbox 164 2327 1166 2412; baseline -0.004 -20"><span class='ocrx_word' id='word_1_202' title='bbox 164 2331 245 2393; x_wconf 90' lang='lat' dir='ltr'><strong>Sulla</strong></span> <span class='ocrx_word' id='word_1_203' title='bbox 268 2342 297 2392; x_wconf 89' lang='lat' dir='ltr'><strong>ct</strong></span> <span class='ocrx_word' id='word_1_204' title='bbox 320 2329 371 2392; x_wconf 81' lang='lat' dir='ltr'><strong>Cn.</strong></span> <span class='ocrx_word' id='word_1_205' title='bbox 394 2327 548 2410; x_wconf 87' lang='lat' dir='ltr'><strong>Pompeius</strong></span> <span class='ocrx_word' id='word_1_206' title='bbox 574 2335 676 2412; x_wconf 88' lang='lat' dir='ltr'><strong>proavi</strong></span> <span class='ocrx_word' id='word_1_207' title='bbox 701 2342 803 2410; x_wconf 90' lang='lat' dir='ltr'><strong>erant,</strong></span> <span class='ocrx_word' id='word_1_208' title='bbox 829 2334 959 2394; x_wconf 85' lang='lat' dir='ltr'><strong>deleatur</strong></span> <span class='ocrx_word' id='word_1_209' title='bbox 983 2331 1166 2410; x_wconf 74' lang='lat' dir='ltr'><strong>simulavisse</strong></span> 
     </span>
     <span class='ocr_line' id='line_1_27' title="bbox 163 2411 1164 2496; baseline -0.004 -20"><span class='ocrx_word' id='word_1_210' title='bbox 163 2421 275 2495; x_wconf 88' lang='lat' dir='ltr'><strong>partam</strong></span> <span class='ocrx_word' id='word_1_211' title='bbox 290 2435 328 2477; x_wconf 84' lang='lat' dir='ltr'><strong>ex</strong></span> <span class='ocrx_word' id='word_1_212' title='bbox 343 2415 374 2476; x_wconf 85' lang='lat' dir='ltr'><strong>P.</strong></span> <span class='ocrx_word' id='word_1_213' title='bbox 392 2415 523 2492; x_wconf 81' lang='lat' dir='ltr'><strong>Quirinio</strong></span> <span class='ocrx_word' id='word_1_214' title='bbox 537 2411 624 2477; x_wconf 88' lang='lat' dir='ltr'><strong>divite</strong></span> <span class='ocrx_word' id='word_1_215' title='bbox 639 2426 726 2496; x_wconf 89' lang='lat' dir='ltr'><strong>atque</strong></span> <span class='ocrx_word' id='word_1_216' title='bbox 748 2417 831 2479; x_wconf 89' lang='lat' dir='ltr'><strong>orbo.</strong></span> <span class='ocrx_word' id='word_1_217' title='bbox 867 2416 1063 2478; x_wconf 78' lang='lat' dir='ltr'><strong>adiciebantur</strong></span> <span class='ocrx_word' id='word_1_218' title='bbox 1084 2413 1164 2472; x_wconf 84' lang='lat' dir='ltr'><strong>adul·</strong></span> 
     </span>
     <span class='ocr_line' id='line_1_28' title="bbox 163 2493 1163 2581; baseline -0.005 -23"><span class='ocrx_word' id='word_1_219' title='bbox 163 2497 251 2578; x_wconf 89' lang='lat' dir='ltr'><strong>teria,</strong></span> <span class='ocrx_word' id='word_1_220' title='bbox 274 2515 386 2560; x_wconf 85' lang='lat' dir='ltr'><strong>venena</strong></span> <span class='ocrx_word' id='word_1_221' title='bbox 406 2501 623 2581; x_wconf 84' lang='lat' dir='ltr'><strong>quaesitumque</strong></span> <span class='ocrx_word' id='word_1_222' title='bbox 644 2515 698 2580; x_wconf 91' lang='lat' dir='ltr'><strong>per</strong></span> <span class='ocrx_word' id='word_1_223' title='bbox 719 2499 884 2563; x_wconf 79' lang='lat' dir='ltr'><strong>chaldaeos</strong></span> <span class='ocrx_word' id='word_1_224' title='bbox 908 2502 936 2560; x_wconf 90' lang='lat' dir='ltr'><strong>in</strong></span> <span class='ocrx_word' id='word_1_225' title='bbox 955 2501 1067 2560; x_wconf 80' lang='lat' dir='ltr'><strong>domum</strong></span> <span class='ocrx_word' id='word_1_226' title='bbox 1089 2493 1163 2554; x_wconf 78' lang='lat' dir='ltr'><strong>(iae-</strong></span> 
     </span>
    </p>

    <p class='ocr_par' dir='ltr' id='par_1_13' title="bbox 126 2583 1166 3507">
     <span class='ocr_line' id='line_1_29' title="bbox 135 2583 1166 2666; baseline -0.006 -22"><span class='ocrx_word' id='word_1_227' title='bbox 135 2585 248 2660; x_wconf 77' lang='lat' dir='ltr'><strong>ssaris,</strong></span> <span class='ocrx_word' id='word_1_228' title='bbox 265 2583 441 2644; x_wconf 81' lang='lat' dir='ltr'><strong>defendente</strong></span> <span class='ocrx_word' id='word_1_229' title='bbox 456 2591 535 2645; x_wconf 89' lang='lat' dir='ltr'><strong>ream</strong></span> <span class='ocrx_word' id='word_1_230' title='bbox 549 2583 644 2647; x_wconf 80' lang='lat' dir='ltr'><strong>dianio</strong></span> <span class='ocrx_word' id='word_1_231' title='bbox 661 2585 771 2666; x_wconf 84' lang='lat' dir='ltr'><strong>Lepido</strong></span> <span class='ocrx_word' id='word_1_232' title='bbox 791 2587 890 2647; x_wconf 80' lang='lat' dir='ltr'><strong>fratre.</strong></span> <span class='ocrx_word' id='word_1_233' title='bbox 928 2583 1072 2658; x_wconf 82' lang='lat' dir='ltr'><strong>Quirinius</strong></span> <span class='ocrx_word' id='word_1_234' title='bbox 1095 2588 1166 2658; x_wconf 92' lang='lat' dir='ltr'><strong>post</strong></span> 
     </span>
     <span class='ocr_line' id='line_1_30' title="bbox 161 2665 1165 2748; baseline -0.001 -22"><span class='ocrx_word' id='word_1_235' title='bbox 161 2667 268 2727; x_wconf 91' lang='lat' dir='ltr'><strong>dictum</strong></span> <span class='ocrx_word' id='word_1_236' title='bbox 284 2668 435 2746; x_wconf 88' lang='lat' dir='ltr'><strong>repudium</strong></span> <span class='ocrx_word' id='word_1_237' title='bbox 455 2668 548 2729; x_wconf 90' lang='lat' dir='ltr'><strong>adbuc</strong></span> <span class='ocrx_word' id='word_1_238' title='bbox 571 2670 700 2730; x_wconf 82' lang='lat' dir='ltr'><strong>infensus</strong></span> <span class='ocrx_word' id='word_1_239' title='bbox 723 2673 854 2748; x_wconf 86' lang='lat' dir='ltr'><strong>quamvis</strong></span> <span class='ocrx_word' id='word_1_240' title='bbox 875 2669 971 2730; x_wconf 84' lang='lat' dir='ltr'><strong>iuiami</strong></span> <span class='ocrx_word' id='word_1_241' title='bbox 993 2683 1028 2726; x_wconf 89' lang='lat' dir='ltr'><strong>ac</strong></span> <span class='ocrx_word' id='word_1_242' title='bbox 1047 2665 1165 2725; x_wconf 88' lang='lat' dir='ltr'><strong>nocenti</strong></span> 
     </span>
     <span class='ocr_line' id='line_1_31' title="bbox 161 2748 1164 2834; baseline -0.004 -23"><span class='ocrx_word' id='word_1_243' title='bbox 161 2751 375 2812; x_wconf 85' lang='lat' dir='ltr'><strong>miserationem</strong></span> <span class='ocrx_word' id='word_1_244' title='bbox 391 2749 551 2824; x_wconf 82' lang='lat' dir='ltr'><strong>addiderat.</strong></span> <span class='ocrx_word' id='word_1_245' title='bbox 585 2752 661 2814; x_wconf 90' lang='lat' dir='ltr'><strong>band</strong></span> <span class='ocrx_word' id='word_1_246' title='bbox 681 2754 769 2815; x_wconf 85' lang='lat' dir='ltr'><strong>facile</strong></span> <span class='ocrx_word' id='word_1_247' title='bbox 796 2757 860 2834; x_wconf 86' lang='lat' dir='ltr'><strong>quis</strong></span> <span class='ocrx_word' id='word_1_248' title='bbox 882 2751 1043 2832; x_wconf 71' lang='lat' dir='ltr'><strong>disperserit</strong></span> <span class='ocrx_word' id='word_1_249' title='bbox 1063 2748 1114 2809; x_wconf 90' lang='lat' dir='ltr'><strong>illa</strong></span> <span class='ocrx_word' id='word_1_250' title='bbox 1136 2751 1164 2808; x_wconf 91' lang='lat' dir='ltr'><strong>in</strong></span> 
     </span>
     <span class='ocr_line' id='line_1_32' title="bbox 162 2833 1164 2916; baseline -0.002 -22"><span class='ocrx_word' id='word_1_251' title='bbox 162 2833 329 2912; x_wconf 74' lang='lat' dir='ltr'><strong>cognitione</strong></span> <span class='ocrx_word' id='word_1_252' title='bbox 345 2845 469 2897; x_wconf 89' lang='lat' dir='ltr'><strong>mentem</strong></span> <span class='ocrx_word' id='word_1_253' title='bbox 485 2837 639 2916; x_wconf 86' lang='lat' dir='ltr'><strong>principis:</strong></span> <span class='ocrx_word' id='word_1_254' title='bbox 664 2838 739 2898; x_wconf 88' lang='lat' dir='ltr'><strong>adeo</strong></span> <span class='ocrx_word' id='word_1_255' title='bbox 762 2841 850 2900; x_wconf 83' lang='lat' dir='ltr'><strong>vertit</strong></span> <span class='ocrx_word' id='word_1_256' title='bbox 873 2853 908 2899; x_wconf 91' lang='lat' dir='ltr'><strong>ac</strong></span> <span class='ocrx_word' id='word_1_257' title='bbox 929 2835 1118 2896; x_wconf 76' lang='lat' dir='ltr'><strong>miscuit-irae</strong></span> <span class='ocrx_word' id='word_1_258' title='bbox 1134 2841 1164 2892; x_wconf 90' lang='lat' dir='ltr'><strong>et</strong></span> 
     </span>
     <span class='ocr_line' id='line_1_33' title="bbox 162 2917 1162 3002; baseline -0.004 -25"><span class='ocrx_word' id='word_1_259' title='bbox 162 2919 333 2980; x_wconf 87' lang='lat' dir='ltr'><strong>clementiae</strong></span> <span class='ocrx_word' id='word_1_260' title='bbox 353 2923 445 2999; x_wconf 78' lang='lat' dir='ltr'><strong>signa.</strong></span> <span class='ocrx_word' id='word_1_261' title='bbox 489 2919 664 3000; x_wconf 88' lang='lat' dir='ltr'><strong>deprecatus</strong></span> <span class='ocrx_word' id='word_1_262' title='bbox 685 2923 778 3002; x_wconf 86' lang='lat' dir='ltr'><strong>primo</strong></span> <span class='ocrx_word' id='word_1_263' title='bbox 796 2931 925 2984; x_wconf 88' lang='lat' dir='ltr'><strong>senatum</strong></span> <span class='ocrx_word' id='word_1_264' title='bbox 946 2938 983 2981; x_wconf 91' lang='lat' dir='ltr'><strong>ne</strong></span> <span class='ocrx_word' id='word_1_265' title='bbox 1005 2917 1162 2980; x_wconf 84' lang='lat' dir='ltr'><strong>malestatis</strong></span> 
     </span>
     <span class='ocr_line' id='line_1_34' title="bbox 126 2999 1161 3080; baseline -0.003 -17"><span class='ocrx_word' id='word_1_266' title='bbox 126 3021 151 3063; x_wconf 82' lang='lat' dir='ltr'><strong>aa</strong></span> <span class='ocrx_word' id='word_1_267' title='bbox 162 2999 280 3063; x_wconf 89' lang='lat' dir='ltr'><strong>crimina</strong></span> <span class='ocrx_word' id='word_1_268' title='bbox 289 3013 501 3080; x_wconf 83' lang='lat' dir='ltr'><strong>tractarentur,</strong></span> <span class='ocrx_word' id='word_1_269' title='bbox 520 3017 589 3065; x_wconf 82' lang='lat' dir='ltr'><strong>mox</strong></span> <span class='ocrx_word' id='word_1_270' title='bbox 602 3005 641 3066; x_wconf 85' lang='lat' dir='ltr'><strong>nl.</strong></span> <span class='ocrx_word' id='word_1_271' title='bbox 654 3007 841 3076; x_wconf 77' lang='lat' dir='ltr'><strong>Sertlllums</strong></span> <span class='ocrx_word' id='word_1_272' title='bbox 859 3001 1058 3070; x_wconf 82' lang='lat' dir='ltr'><strong>consularibus</strong></span> <span class='ocrx_word' id='word_1_273' title='bbox 1076 3001 1161 3063; x_wconf 83' lang='lat' dir='ltr'><strong>alios·</strong></span> 
     </span>
     <span class='ocr_line' id='line_1_35' title="bbox 160 3083 1163 3169; baseline -0.002 -23"><span class='ocrx_word' id='word_1_274' title='bbox 160 3101 217 3166; x_wconf 87' lang='lat' dir='ltr'><strong>que</strong></span> <span class='ocrx_word' id='word_1_275' title='bbox 232 3095 325 3148; x_wconf 87' lang='lat' dir='ltr'><strong>testes</strong></span> <span class='ocrx_word' id='word_1_276' title='bbox 340 3087 443 3150; x_wconf 83' lang='lat' dir='ltr'><strong>inlexit</strong></span> <span class='ocrx_word' id='word_1_277' title='bbox 458 3083 493 3150; x_wconf 92' lang='lat' dir='ltr'><strong>ad</strong></span> <span class='ocrx_word' id='word_1_278' title='bbox 509 3090 685 3169; x_wconf 82' lang='lat' dir='ltr'><strong>proterenda</strong></span> <span class='ocrx_word' id='word_1_279' title='bbox 703 3103 778 3169; x_wconf 83' lang='lat' dir='ltr'><strong>quae</strong></span> <span class='ocrx_word' id='word_1_280' title='bbox 791 3084 872 3150; x_wconf 85' lang='lat' dir='ltr'><strong>velut</strong></span> <span class='ocrx_word' id='word_1_281' title='bbox 885 3091 1002 3152; x_wconf 81' lang='lat' dir='ltr'><strong>reicere</strong></span> <span class='ocrx_word' id='word_1_282' title='bbox 1018 3086 1163 3148; x_wconf 74' lang='lat' dir='ltr'><strong>valnmal.</strong></span> 
     </span>
     <span class='ocr_line' id='line_1_36' title="bbox 157 3167 1163 3252; baseline -0.002 -20"><span class='ocrx_word' id='word_1_283' title='bbox 157 3167 295 3252; x_wconf 79' lang='lat' dir='ltr'><strong>idemque</strong></span> <span class='ocrx_word' id='word_1_284' title='bbox 314 3185 417 3233; x_wconf 84' lang='lat' dir='ltr'><strong>servos</strong></span> <span class='ocrx_word' id='word_1_285' title='bbox 432 3171 666 3252; x_wconf 77' lang='lat' dir='ltr'><strong>Lepidae‚&#39;eum</strong></span> <span class='ocrx_word' id='word_1_286' title='bbox 686 3175 801 3236; x_wconf 88' lang='lat' dir='ltr'><strong>militari</strong></span> <span class='ocrx_word' id='word_1_287' title='bbox 824 3175 956 3236; x_wconf 85' lang='lat' dir='ltr'><strong>custodia</strong></span> <span class='ocrx_word' id='word_1_288' title='bbox 976 3171 1163 3246; x_wconf 86' lang='lat' dir='ltr'><strong>haberentur,</strong></span> 
     </span>
     <span class='ocr_line' id='line_1_37' title="bbox 158 3253 1164 3337; baseline 0 -22"><span class='ocrx_word' id='word_1_289' title='bbox 158 3253 303 3316; x_wconf 87' lang='lat' dir='ltr'><strong>transtulit</strong></span> <span class='ocrx_word' id='word_1_290' title='bbox 318 3255 353 3316; x_wconf 90' lang='lat' dir='ltr'><strong>ad</strong></span> <span class='ocrx_word' id='word_1_291' title='bbox 370 3257 507 3317; x_wconf 86' lang='lat' dir='ltr'><strong>eonsules</strong></span> <span class='ocrx_word' id='word_1_292' title='bbox 522 3271 618 3336; x_wconf 88' lang='lat' dir='ltr'><strong>neque</strong></span> <span class='ocrx_word' id='word_1_293' title='bbox 634 3263 689 3337; x_wconf 87' lang='lat' dir='ltr'><strong>per</strong></span> <span class='ocrx_word' id='word_1_294' title='bbox 704 3264 846 3320; x_wconf 88' lang='lat' dir='ltr'><strong>tormenta</strong></span> <span class='ocrx_word' id='word_1_295' title='bbox 862 3259 1038 3336; x_wconf 75' lang='lat' dir='ltr'><strong>interrogari</strong></span> <span class='ocrx_word' id='word_1_296' title='bbox 1058 3271 1164 3334; x_wconf 85' lang='lat' dir='ltr'><strong>passas</strong></span> 
     </span>
     <span class='ocr_line' id='line_1_38' title="bbox 160 3336 1164 3422; baseline 0.001 -26"><span class='ocrx_word' id='word_1_297' title='bbox 160 3344 205 3396; x_wconf 89' lang='lat' dir='ltr'><strong>est</strong></span> <span class='ocrx_word' id='word_1_298' title='bbox 225 3336 262 3396; x_wconf 90' lang='lat' dir='ltr'><strong>de</strong></span> <span class='ocrx_word' id='word_1_299' title='bbox 284 3341 318 3398; x_wconf 90' lang='lat' dir='ltr'><strong>iis</strong></span> <span class='ocrx_word' id='word_1_300' title='bbox 339 3353 416 3418; x_wconf 89' lang='lat' dir='ltr'><strong>quae</strong></span> <span class='ocrx_word' id='word_1_301' title='bbox 435 3339 470 3400; x_wconf 91' lang='lat' dir='ltr'><strong>ad</strong></span> <span class='ocrx_word' id='word_1_302' title='bbox 493 3340 606 3402; x_wconf 91' lang='lat' dir='ltr'><strong>domum</strong></span> <span class='ocrx_word' id='word_1_303' title='bbox 629 3357 709 3404; x_wconf 90' lang='lat' dir='ltr'><strong>suam</strong></span> <span class='ocrx_word' id='word_1_304' title='bbox 729 3345 918 3422; x_wconf 87' lang='lat' dir='ltr'><strong>pertinerent.</strong></span> <span class='ocrx_word' id='word_1_305' title='bbox 954 3343 1062 3403; x_wconf 80' lang='lat' dir='ltr'><strong>eremit</strong></span> <span class='ocrx_word' id='word_1_306' title='bbox 1078 3341 1164 3399; x_wconf 76' lang='lat' dir='ltr'><strong>edam</strong></span> 
     </span>
     <span class='ocr_line' id='line_1_39' title="bbox 126 3419 1163 3507; baseline 0.01 -29"><span class='ocrx_word' id='word_1_307' title='bbox 126 3433 149 3472; x_wconf 79' lang='lat' dir='ltr'><strong>tt</strong></span> <span class='ocrx_word' id='word_1_308' title='bbox 159 3419 283 3480; x_wconf 85' lang='lat' dir='ltr'><strong>Drusum</strong></span> <span class='ocrx_word' id='word_1_309' title='bbox 296 3423 444 3484; x_wconf 88' lang='lat' dir='ltr'><strong>consulem</strong></span> <span class='ocrx_word' id='word_1_310' title='bbox 455 3426 634 3502; x_wconf 79' lang='lat' dir='ltr'><strong>designatum</strong></span> <span class='ocrx_word' id='word_1_311' title='bbox 647 3427 789 3489; x_wconf 86' lang='lat' dir='ltr'><strong>dicendae</strong></span> <span class='ocrx_word' id='word_1_312' title='bbox 799 3428 892 3507; x_wconf 91' lang='lat' dir='ltr'><strong>primo</strong></span> <span class='ocrx_word' id='word_1_313' title='bbox 904 3428 972 3491; x_wconf 89' lang='lat' dir='ltr'><strong>loco</strong></span> <span class='ocrx_word' id='word_1_314' title='bbox 984 3428 1163 3488; x_wconf 69' lang='lat' dir='ltr'><strong>sententiares</strong></span> 
     </span>
    </p>
   </div>
   <div class='ocr_carea' id='block_1_11' title="bbox 0 0 1274 3874">
    <p class='ocr_par' dir='ltr' id='par_1_14' title="bbox 0 0 1274 3874">
     <span class='ocr_line' id='line_1_40' title="bbox 0 0 1274 3874; baseline 0 0"><span class='ocrx_word' id='word_1_315' title='bbox 0 0 1274 3874; x_wconf 95' lang='lat' dir='ltr'><strong> </strong></span> 
     </span>
    </p>
   </div>
  </div>
 </body>
</html>
