2540 3874
136 153 196 216 132
387 161 551 210 conuunu
567 160 684 208 nactur
702 158 887 208 aunarnuu

135 319 243 395 aviam,
268 317 408 397 propiora
427 315 557 376 consilia.
591 315 750 395 simplicius
766 321 909 392 actumm,
927 313 964 375 de
982 312 1137 378 inimicitiis

102 403 256 484 reprimam
271 401 466 480 Agrippinae,
485 417 555 479 quas
574 398 665 477 longe
678 399 774 468 acrius
791 414 922 475 arsuras,
946 397 970 457 si
992 401 1140 462 matrimo-

135 488 212 546 nium
231 485 330 545 Liviae
350 485 429 546 velut
454 485 483 543 in
508 490 607 564 partes
628 482 740 543 domum
765 479 920 543 Caesarum
942 481 1138 546 distraxisset.

136 572 180 630 sic
193 585 309 648 quoque
324 584 477 648 erumpere
493 566 712 628 aemulationem
722 565 902 646 laminarum,
919 584 1012 646 eaque
1026 566 1138 629 discor·

137 653 183 714 dia
205 661 329 730 nepotes
352 669 422 712 snos
444 651 584 712 convelli:
612 650 679 732 quid
697 651 721 710 ei
739 649 901 710 intendatur
921 658 1065 712 certamen
1089 652 1139 714 tali

137 733 294 813 coniugio?
319 735 443 796 ‘falleris
464 735 554 813 enim,
569 735 690 813 Seiana,
716 735 740 796 si
760 743 790 795 te
804 752 964 795 mansurum
986 735 1015 794 in
1034 735 1137 796 eodem

103 819 240 887 reordine
267 827 367 897 putas,
395 828 424 880 et
446 817 571 896 Liviam,
601 836 675 897 quae
697 818 767 880 Galo
790 816 925 896 Caesari,
949 835 1018 879 mox
1040 819 1136 880 Druso

137 913 224 983 nupta
245 903 347 980 luerit,
369 920 403 963 ea
423 910 520 963 mente
540 911 683 981 acturam,
705 912 735 962 ut
756 919 819 963 cum
835 902 931 982 equite
944 903 1073 964 Romano
1090 919 1135 963 se·

137 995 248 1047 nescat.
279 1003 337 1062 ego
361 988 517 1064 utrinam,
541 986 673 1046 credisne
692 1003 834 1065 passuros
855 987 903 1065 qul
924 986 1040 1048 trabem
1063 989 1136 1064 eius,

139 1072 187 1150 qui
205 1077 317 1150 patrem
336 1071 519 1150 maioresque
539 1078 657 1131 nostros
676 1071 705 1129 ln
726 1072 842 1131 summis
868 1071 997 1150 imperiis
1017 1067 1138 1132 ridere?

137 1157 183 1214 vis
198 1162 229 1212 tu
245 1153 360 1232 quidem
374 1155 459 1214 istum
475 1156 548 1214 intra
563 1154 658 1214 locum
681 1155 802 1216 sistere:
824 1154 876 1215 sed
896 1154 939 1215 illi
954 1157 1138 1233 magistratus

104 1263 130 1304 20
140 1247 168 1298 et
186 1239 339 1317 primores,
356 1239 450 1317 quite
464 1237 581 1297 invitum
592 1247 781 1318 perrumpunt
795 1237 985 1318 omnibusque
997 1239 1034 1300 de
1051 1236 1139 1300 rebus

140 1320 303 1399 consulunt,
316 1323 482 1382 excessisse
493 1322 550 1382 iam
563 1321 673 1401 pridem
686 1331 822 1402 equestre
834 1323 979 1401 fastigium
990 1323 1140 1401 longeque

139 1407 248 1466 antisse
269 1404 361 1484 patris
380 1405 436 1464 mei
453 1406 592 1466 amicitiae
612 1423 671 1467 non
694 1405 801 1467 occulti
819 1406 914 1466 lerunt
934 1424 1046 1488 perque
1067 1406 1139 1465 invi·

139 1489 215 1550 diam
229 1491 269 1548 tui
282 1505 329 1548 me
344 1505 459 1568 quoque
473 1490 614 1550 inaurant.
640 1499 670 1550 at
692 1491 766 1550 enim
781 1490 930 1568 Augustus
951 1489 1037 1552 liliam
1059 1507 1140 1550 snam

141 1572 230 1652 equiti
245 1571 375 1633 Romano
390 1571 506 1632 tradere
520 1572 671 1634 meditatus
687 1583 740 1634 est.
769 1576 869 1634 mirum
880 1573 1020 1654 hercule,
1037 1575 1061 1634 si
1077 1591 1140 1634 oum
1177 1577 1178 1580 ’

105 1658 168 1720 asin
189 1657 281 1716 omnis
297 1673 381 1716 curas
398 1654 609 1730 discuteretur,
619 1651 842 1736 immensumque
861 1656 955 1718 attolli
970 1657 1140 1737 provideret

142 1757 227 1818 quem
245 1740 448 1804 coniunctione
464 1738 515 1800 tali
530 1757 618 1820 super
634 1741 709 1802 alios
724 1741 893 1818 extulisset,
908 1739 940 1802 (l.
958 1741 1147 1812 Proculeium,

141 1831 171 1882 et
189 1821 328 1900 quosdam
348 1823 378 1880 in
398 1822 579 1884 sermonibus
597 1823 695 1885 hebuit
708 1825 814 1903 insigni
830 1824 1035 1904 tranquillitate
1049 1826 1138 1905 vitae,

141 1905 226 1965 nullis
252 1906 295 1966 rei
323 1903 458 1984 publicae
481 1909 606 1985 negotiis
627 1909 795 1987 permixtos.
838 1906 891 1969 sed
915 1911 939 1968 ei
962 1907 1144 1971 dubitatione

140 1990 265 2066 Augusti
279 2005 437 2066 moremur,
451 2000 557 2068 quanto
571 1990 696 2053 validius
712 1992 846 2071 estquod
858 1991 958 2054 ttarco
973 1992 1138 2074 Agrippae,

107 2089 209 2135 somox
228 2071 295 2133 mibi
314 2073 499 2134 conlocarit?
520 2083 605 2154 atque
628 2093 686 2152 ego
709 2076 783 2138 baec
805 2092 859 2154 pro
874 2077 996 2138 amicitia
1016 2095 1074 2139 non
1089 2095 1138 2138 oc·

142 2155 262 2217 culturi:
286 2165 413 2217 ceterum
432 2175 528 2237 neque
548 2161 604 2219 tuis
624 2176 720 2238 neque
743 2159 840 2220 Liviae
867 2158 1014 2221 destinatis
1036 2162 1138 2223 adver·

141 2238 239 2300 saber.
277 2239 342 2319 ipse
363 2242 430 2322 quid
453 2243 526 2303 intra
548 2244 669 2304 animum
692 2243 898 2320 salutaverim,
920 2243 1023 2323 quibus
1045 2245 1139 2307 adbuc

140 2323 401 2386 necessitudinibus
424 2327 578 2388 inmiscere
598 2335 628 2387 te
649 2327 716 2387 mihi
731 2344 847 2406 parem,
863 2328 988 2389 ornittam
1003 2329 1039 2390 ad
1054 2348 1137 2409 prae-

141 2425 209 2467 sens
229 2407 358 2468 referre:
381 2408 409 2469 id
433 2419 540 2472 tantum
562 2412 704 2489 aperiam,
729 2410 800 2471 nihil
818 2429 885 2473 esse
904 2421 960 2473 tam
979 2413 1137 2491 excelsum,

107 2507 132 2550 aa
143 2489 222 2570 quod
234 2506 293 2551 non
308 2492 428 2553 virtutes
446 2496 520 2554 istae
535 2504 657 2573 tuasque
671 2496 700 2555 in
713 2513 759 2554 me
774 2497 882 2556 animus
895 2504 1072 2573 mereantur,
1089 2495 1136 2558 da-

141 2583 232 2652 toque
245 2583 378 2654 tempore
394 2577 442 2638 vel
456 2579 484 2636 in
499 2587 600 2639 senatu
613 2578 662 2638 rel
678 2579 858 2640 incautione
874 2596 932 2640 non
947 2579 1101 2642 reticebo.’

201 2657 252 2718 41.
271 2659 394 2720 llursum
410 2657 545 2739 Seianus,
569 2680 628 2723 non
642 2663 698 2723 iam
714 2662 750 2722 de
764 2664 959 2743 matrimonio,
983 2661 1035 2724 sed
1053 2663 1138 2724 altius

141 2750 285 2818 metuens,
302 2744 389 2809 tacita
404 2747 617 2824 suspicionum,
629 2747 709 2824 vulgi
725 2763 885 2826 rumorem,
902 2747 1082 2826 ingruentem
1096 2750 1137 2810 in·

141 2823 246 2884 vidium
262 2826 445 2906 depreeatur.
469 2846 504 2894 ac
517 2847 555 2889 ne
571 2828 706 2892 adsiduos
721 2833 749 2891 in
764 2831 878 2893 domum
893 2840 995 2892 coetus
1009 2833 1137 2906 arcendo

140 2908 314 2986 infringeret
326 2912 483 2990 potentiam
495 2922 542 2973 ant
554 2913 733 2994 receptando
746 2916 912 2977 facultatem
926 2915 1137 2979 criminantibus

119 2991 314 3070 apraeberet,
340 2993 397 3055 buc
419 2995 515 3074 llexit,
536 3005 567 3056 ut
588 2997 735 3059 'liberium
756 2999 791 3060 ad
815 2999 901 3060 vitam
923 3001 1025 3078 procul
1045 3001 1137 3064 Roma

142 3077 354 3138 amoenislocis
365 3079 524 3157 degendam
535 3081 707 3160 impelleret.
730 3083 815 3144 multa
827 3085 936 3163 quippe
949 3085 1137 3162 providebat:

142 3177 193 3219 sua
209 3161 237 3220 in
257 3179 341 3222 manu
361 3163 453 3224 aditus
468 3165 672 3244 literarumque
685 3185 788 3246 magna
804 3186 841 3228 ex
857 3175 939 3246 parte
954 3185 987 3228 se
1002 3169 1139 3230 arbitrum

125 3243 222 3322 lore,
248 3265 311 3306 eum
328 3264 381 3325 per
397 3248 503 3309 milites
518 3260 724 3322 commearent;
743 3267 812 3313 mox
826 3249 981 3312 Gaesarem
995 3261 1139 3332 vergente

27 3369 30 3372 -
141 3326 196 3385 iarn
215 3339 333 3391 senecta
353 3342 529 3412 secretoque
552 3332 611 3394 loci
636 3334 774 3396 mollitum
788 3335 882 3397 munia
896 3336 1008 3415 imperii
1023 3336 1140 3398 facilius

109 3430 133 3472 ιι
143 3413 350 3484 tramissurum
366 3424 394 3477 et
407 3418 493 3478 minui
505 3415 560 3477 sibi
573 3418 706 3480 invidiam
718 3420 850 3502 adempta
863 3419 1032 3482 salutantum
1042 3419 1139 3502 turba,
