2536 3870
454 143 529 190 ttAP.
549 141 669 194 eir-46·
829 121 831 126 ⁵
1002 133 1061 192 211

63 302 123 363 cria
139 297 272 360 animalia
289 296 461 376 plerumque
476 295 663 373 interlucent,
687 315 762 376 quae
781 299 929 376 implicata
945 297 1065 358 bumore

63 402 130 445 mox
147 384 320 442 durescente
334 380 454 441 materia
469 378 629 439 cluduntur
658 380 828 440 fecundiora
844 383 931 460 igitur
947 397 1064 441 nemora

63 472 224 546 lucosque,
251 465 327 524 sicut
346 464 467 523 orientis
486 465 628 540 secretis,
654 465 702 524 ubi
723 473 786 524 tura
808 464 994 545 balsamaque
1018 482 1064 524 su·

54 553 181 628 dantur,
208 549 248 609 ita
271 547 432 609 occidentis
455 545 559 608 insulis
580 549 724 626 terrisque
749 549 847 608 inesse
876 548 1064 616 crediderim,

64 633 236 714 quiusucina
255 630 326 693 solis
340 631 429 692 radiis
445 649 589 712 expressa
603 641 689 710 atque
704 631 866 710 liquentia
857 651 885 693 m
903 633 1063 711 proximum
1073 654 1098 695 cs

60 736 142 779 mare
156 716 289 777 labuntur
302 734 339 778 ac
356 719 385 776 vi
404 716 632 794 tempestatum
624 733 652 774 m
667 715 790 775 aduersa
808 716 892 776 litora
910 716 1064 776 exundant.

61 805 86 863 si
103 811 231 862 naturam
248 801 340 859 sucini
355 799 469 860 admoto
486 798 545 876 igni
561 807 702 878 temptes,
723 799 752 857 in
769 799 883 859 modum
900 799 1004 860 taedae
1018 817 1064 859 ao·

62 886 194 947 cenditnr
209 883 318 960 alitque
331 882 471 944 dammam
488 883 625 962 pinguem
641 891 670 966 et
687 883 829 953 olentem;
848 899 917 943 mox
934 892 964 942 ut
979 885 1007 944 iu
1023 885 1064 963 pi·

63 988 127 1032 cem
143 969 307 1028 resinamve
322 966 468 1027 lentescit.

126 1050 282 1112 Suionibus
297 1049 446 1110 Sithonum
478 1067 552 1126 gens
583 1051 774 1110 continuatur.
804 1057 918 1117 cetera
954 1051 1100 1113 similesne
1197 1109 1201 1111 ,

61 1153 120 1198 nno
136 1136 270 1197 diiierunt
289 1134 367 1233 quod
387 1135 493 1194 iemina
510 1133 686 1195 dominatur:
708 1135 737 1195 in
751 1144 859 1195 tantum
873 1152 931 1194 non
946 1135 1032 1196 modo
1048 1153 1064 1194 a

64 1222 197 1282 libertate
213 1217 266 1278 sed
282 1219 367 1278 etiam
385 1237 401 1277 a
417 1218 556 1278 servitute
572 1218 761 1296 degenerant.

125 1303 176 1364 46.
194 1301 249 1362 llic
263 1301 388 1362 Suebiae
400 1303 474 1361 linis.
499 1301 691 1373 Peucinorum
701 1303 937 1381 Venetorumque
950 1311 979 1362 et
990 1267 1064 1362 Fen-

64 1403 165 1446 norum
175 1385 308 1444 natioues
321 1383 470 1445 Germanis
482 1402 518 1444 an
527 1384 663 1445 Sarmatis
674 1385 835 1447 adscribam
846 1384 945 1447 dubito
947 1403 1064 1467 ‚-qnum

63 1488 149 1551 quam
162 1467 291 1544 Peucini,
309 1484 383 1548 quos
395 1467 508 1546 quidam
518 1466 673 1529 Bastarnas
687 1478 811 1548 vocant,
826 1487 961 1531 sermone
975 1469 1065 1547 cultu,

63 1553 136 1616 sede
152 1571 188 1615 ac
203 1550 356 1612 domiciliis
372 1560 402 1610 ut
417 1549 552 1614 Germani
567 1560 664 1628 agunt.
694 1552 799 1614 sordes
817 1553 942 1614 omnium
956 1571 992 1614 ac
1005 1562 1064 1616 tor·

66 1635 1059 1716 por.PeuoinorumoraconubiismixtisuonnibilinSarmatarumba·

65 1725 155 1781 bitum
169 1720 333 1781 foedantur
360 1718 468 1779 Veneti
485 1719 603 1778 multum
618 1737 657 1779 ex
672 1719 801 1780 moribus
817 1729 980 1788 traxerunt:
997 1740 1060 1780 nam

12 1833 14 1862 ;
59 1799 197 1882 quidquid
211 1803 285 1861 inter
299 1799 444 1860 Peucinos
458 1797 634 1881 Fennosque
649 1801 785 1864 silvarum
800 1821 836 1864 ac
850 1805 987 1864 montium
1005 1807 1060 1864 cri·

57 1887 135 1966 gitur
155 1885 315 1946 latrociniis
332 1894 494 1964 pererrant.
525 1885 554 1945 bi
575 1894 669 1946 tumen
686 1887 760 1946 inter
780 1886 940 1966 Germanos
962 1889 1061 1967 potius

12 2009 13 2038 1
54 1970 239 2045 nommetur,
261 1971 326 2047 quia
348 1977 378 2029 et
400 1968 501 2031 domos
518 1971 610 2062 liquat
625 1979 654 2030 et
669 1979 753 2044 scuta
772 1961 888 2048 gestent
909 1979 939 2029 et
957 1971 1060 2050 pedum
1137 1995 1141 2001 ·

12 2089 13 2106 ι
58 2072 112 2115 usu
127 2070 162 2112 ac
173 2053 346 2129 pernicitate
358 2055 499 2132 gaudem.
518 2071 593 2132 quae
608 2054 701 2115 omnia
713 2053 829 2114 diuersa
843 2053 982 2116 Sarmatis
996 2063 1060 2113 sunt
1070 2073 1097 2114 uo

12 2169 14 2204 ι
58 2143 88 2199 in
109 2136 239 2215 plaustro
260 2153 397 2222 equoque
415 2137 589 2199 virentibus.
619 2137 727 2199 Pennis
743 2139 815 2199 mira
834 2137 950 2216 ieritas,
973 2136 1061 2198 foeda

12 2261 13 2274 ι
60 2228 232 2320 paupertas.
247 2237 305 2279 uon
320 2238 415 2299 arma,
436 2222 591 2302 conequi,
612 2239 671 2283 non
686 2231 824 2302 penates;
848 2221 936 2282 victui
958 2220 1059 2297 berbn,

13 2351 15 2362 .
59 2305 176 2365 vestitui
192 2302 304 2382 pelles,
321 2304 416 2366 cubile
430 2304 547 2367 burnus:
540 2307 681 2368 solaein
693 2306 807 2384 sagittis
819 2324 911 2404 qpes‚
932 2323 1003 2404 quas
1019 2306 1059 2364 in

59 2390 129 2466 opia
143 2386 214 2446 lerri
228 2387 344 2447 ossibus
357 2396 503 2467 asperent.
526 2388 659 2469 idemque
673 2399 794 2451 venatus
808 2391 888 2450 uiros
903 2389 1013 2468 pariter
1025 2406 1061 2449 ac

59 2472 183 2534 feminas
197 2469 262 2540 ulit;
281 2473 388 2548 passim
404 2473 479 2534 enim
495 2475 664 2533 comitantur
679 2482 849 2553 partemque
864 2471 993 2552 praedae
1008 2490 1058 2553 pe·
1069 2487 1096 2530 ιι

58 2565 130 2619 ιιιιιι.
174 2572 231 2615 nec
258 2553 335 2614 aliud
361 2554 516 2616 infantibus
542 2557 668 2617 ferarum
692 2556 880 2637 imbriumque
907 2555 1060 2634 retugium

31 2645 36 2651 ’
59 2659 145 2721 marn
161 2640 236 2700 utin
255 2638 353 2718 aliquo
373 2655 516 2700 ramorum
532 2657 610 2699 nexu
634 2649 840 2718 contegantur:
864 2641 921 2701 buc
938 2640 1062 2701 redeunt

58 2729 195 2802 iuvenes,
226 2723 285 2784 boc
306 2741 406 2784 aenum
427 2723 654 2802 receptaculum.
683 2723 735 2784 sed
755 2722 867 2786 beatus
887 2721 1061 2786 arbitrantur

59 2827 144 2889 ιῐιιιιιιι
158 2811 307 2888 ingemere
328 2809 422 2886 agris,
445 2806 778 2886 inlaborarefdomrbum
801 2826 868 2869 suas
889 2806 1060 2888 alienasque
1089 2853 1090 2858 ι

58 2895 189 2954 fortunas
204 2912 258 2974 spe
273 2901 407 2972 metuque
423 2910 559 2954 versare:
579 2892 675 2954 securi
688 2890 828 2952 adversus
841 2891 989 2970 homines,
1011 2911 1056 2952 se·
1068 2917 1097 2958 eu

59 2980 122 3036 curi
142 2977 284 3038 adversus
304 2977 377 3038 deos
397 2995 459 3037 rem
480 2975 677 3037 difficillimam
697 2975 826 3037 adsecuti
845 2984 923 3050 sunt,
952 2984 982 3035 ut
1001 2975 1059 3036 illis
1155 3026 1158 3032 ,

58 3077 98 3120 ne
112 3068 183 3120 voto
199 3059 315 3138 quidem
332 3067 505 3138 opusesset.
524 3057 843 3118 ceteruiamiabulosa:
862 3057 1009 3122 Hellusios
1030 3068 1061 3118 et

60 3143 192 3204 Oxionas
204 3160 256 3203 ore
266 3144 409 3210 bominmn
421 3143 586 3221 voltusque,
603 3159 729 3222 corpora
744 3152 831 3221 atque
844 3151 922 3204 artus
933 3141 1059 3204 ferarum

12 3281 14 3330 p
59 3243 185 3306 gerere:
207 3226 284 3304 quod
299 3244 356 3306 ego
372 3236 403 3288 ut
417 3229 625 3307 incompertum
640 3228 668 3287 in
683 3226 777 3287 medio
793 3227 973 3305 relinquam„

826 3477 887 3538 14*
