2536 3870
178 66 240 152 168
401 97 565 150 cocuntur
581 98 699 148 namur
712 99 956 148 nrsnomauuu
1055 133 1057 138 s

179 266 265 318 tatem
289 264 319 314 et
340 243 424 314 nobis
444 253 544 324 ddam;
567 273 621 316 nec
641 254 767 333 Sequani
793 253 996 328 detractavere
1019 264 1186 316 certamen.
1245 259 1246 344 l

154 343 294 401 slortuna
308 337 476 398 melioribus
491 339 593 399 adluit:
610 338 666 398 iusi
687 337 843 415 Lingones.
869 335 993 397 Sabinus
1012 337 1189 399 festinatum

180 435 290 484 temere
305 423 447 502 proelium
459 423 521 503 pari
534 420 685 482 lormidine
700 421 838 483 deseruit.
874 429 961 500 utque
979 421 1083 482 lamam
1097 425 1191 483 exitii

181 509 224 568 sui
239 508 366 585 iaceret,
384 506 483 566 uillam
496 508 525 565 iu
541 523 624 585 quam
642 505 812 585 perfugerat
828 506 982 581 cremavit,
1000 505 1061 565 illic
1075 506 1190 566 volun-

180 592 252 652 taria
267 599 360 651 morte
375 591 510 651 interisse
525 589 661 650 creditus.
689 589 741 648 sed
756 589 858 666 quibus
873 587 982 649 artibus
996 587 1194 668 latebrisque

180 679 266 735 vitam
281 693 334 752 per
351 690 455 734 novern
470 689 537 732 nrorr
554 690 644 734 annos
662 673 829 748 traduxerit,
846 671 929 732 simul
944 671 1100 732 amicorum
1117 675 1193 733 eius

141 777 173 818 *ro
182 758 373 820 constantiam
386 767 416 817 et
426 758 539 836 insigne
551 756 724 836 Epponinae
738 758 836 816 uxoris
848 755 1028 834 exemplum,
1043 772 1098 814 suu
1110 756 1190 816 loco

181 840 345 903 reddemus.
383 842 581 920 Sequanorum
599 857 743 921 prospera
765 841 828 899 acie
850 839 922 900 belli
944 841 1066 917 impetus
1089 841 1189 899 stetit.

182 926 359 1004 resipiscere
380 925 517 1003 paulatim
540 925 671 986 civitates
699 924 801 1001 lasque
823 931 852 983 ct
873 922 993 982 loedere
1014 924 1190 1001 respicere,

181 1007 360 1088 principibus
381 1009 497 1084 Remis,
519 1009 568 1087 qui
587 1026 642 1087 per
656 1006 763 1070 Gallias
778 1006 898 1066 edixere
919 1015 950 1066 ut
963 1006 1059 1067 missis
1073 1006 1191 1084 legatis

181 1093 209 1150 in
229 1109 378 1152 commuue
397 1090 613 1167 consultarent,
628 1091 747 1151 libertas
762 1109 799 1150 au
814 1107 871 1170 par
888 1089 1029 1167 placeret.

244 1174 295 1236 68.
317 1174 357 1235 Ar
371 1175 493 1250 ,Romae
516 1184 617 1234 cuncta
638 1177 667 1234 in
688 1174 814 1234 deterius
833 1172 927 1234 audita
947 1172 1112 1235 Mucianum
1136 1191 1185 1233 an·

181 1259 305 1338 genunt,
324 1276 361 1318 ne
381 1276 551 1338 quamquam
574 1258 687 1336 egregii
706 1257 795 1317 duces
814 1256 886 1333 (iarn
903 1257 977 1316 enim
993 1255 1108 1318 Gallum
1125 1257 1180 1316 An·

181 1345 257 1404 nium
278 1351 307 1402 et
328 1341 460 1403 Petilium
481 1339 625 1403 Cerialem
647 1341 814 1419 delegerat)
836 1357 970 1400 summam
991 1339 1062 1400 belli
1082 1358 1182 1419 parum

181 1429 348 1488 tolerarent.
380 1446 436 1487 nec
449 1425 637 1505 relinquenda
660 1425 730 1485 urbs
751 1426 814 1484 sine
829 1433 961 1492 rectore;
983 1433 1012 1482 et
1027 1423 1184 1485 Domitiani

136 1507 338 1573 'sindonitae
353 1509 488 1570 libidines
503 1509 690 1586 timebantur,
707 1509 867 1587 suspectis,
883 1509 924 1567 uti
937 1506 1069 1583 diximus,
1085 1507 1187 1568 Primo

181 1595 309 1664 Antonio
323 1595 462 1672 Varoque
476 1590 573 1653 Arrio.
606 1594 702 1653 Varus
718 1593 908 1669 praetorianis
924 1592 1111 1671 praepositus
1126 1594 1186 1654 vinu

181 1687 268 1757 atque
291 1694 369 1735 arma
389 1676 547 1736 retinebat:
582 1694 646 1734 eunr
660 1674 807 1734 Mucianus
830 1675 942 1753 pulsum
957 1674 1041 1753 luco,
1065 1693 1103 1734 ne
1118 1677 1188 1734 siue

182 1761 293 1819 solacio
311 1768 428 1834 ageret,
453 1777 583 1819 annonae
600 1759 750 1836 praefecit.
782 1768 870 1836 utque
884 1759 1039 1819 Domitiani
1059 1761 1186 1818 animum

182 1845 262 1904 Varo
279 1841 354 1901 haud
368 1842 491 1902 alienum
508 1841 668 1917 deleniret,
686 1843 851 1904 Arretinum
870 1841 1063 1919 Clementem,
1086 1841 1186 1902 domui

146 1924 358 2003 uollespasiani
385 1943 439 2004 per
459 1924 633 1986 adfinitatem
653 1925 786 1984 innexum
816 1934 846 1986 et
871 1926 1063 2004 gratissimum
1083 1925 1184 1984 Domi·

183 2012 277 2084 tlano,
298 2010 489 2086 praetorianis
502 2009 682 2088 praeposuit,
700 2019 811 2088 patrem
823 2010 884 2068 eius
899 2009 952 2068 sub
969 2008 1039 2071 Gaio
1053 2007 1185 2070 Caesare

184 2095 308 2170 egregie
332 2097 457 2152 iunctum
479 2110 515 2153 ea
536 2110 605 2153 cura
633 2091 780 2162 dictitans;
807 2093 914 2152 laetum
940 2091 1077 2152 'militibus
1105 2092 1184 2153 idem

183 2194 304 2251 nomen,
326 2185 411 2255 atquc
433 2177 540 2254 ipsum,
565 2193 733 2255 quamquam
758 2177 895 2235 senatorii
912 2175 1035 2252 ordinis,
1052 2175 1089 2236 ad
1105 2185 1183 2236 utra·

184 2279 240 2338 que
259 2261 353 2318 nrunia
370 2259 516 2319 sulficere.
546 2258 731 2320 adsrununtur
750 2277 767 2318 e
785 2261 900 2319 civitate
914 2259 1090 2320 clarissimus
1105 2261 1182 2338 quin·

148 2361 242 2422 usque
259 2351 288 2401 et
310 2343 357 2402 alii
378 2360 432 2422 per
455 2343 646 2402 ambitionem.
685 2342 767 2402 simul
781 2341 960 2404 Domitianus
974 2342 1183 2423 Mucianusque

180 2425 429 2502 accingebantur,
450 2426 558 2505 dispari
579 2427 688 2502 animo,
714 2424 763 2485 ille
779 2442 834 2504 spe
849 2443 884 2486 ac
900 2427 1016 2487 iuventa
1029 2443 1182 2506 properus,

182 2509 231 2569 bic
248 2527 344 2568 moras
360 2519 498 2587 nectens,
514 2509 579 2588 quis
593 2509 764 2588 flagrantem
783 2511 939 2588 retineret,
953 2528 991 2570 ne
1006 2511 1119 2571 ferocia
1133 2529 1181 2570 ae-

183 2595 250 2652 ratis
266 2601 295 2652 et
309 2593 407 2671 pravis
421 2593 629 2671 inpulsoribus,
645 2594 670 2653 si
685 2593 845 2654 exercitum
859 2594 1023 2672 invasisset,
1041 2595 1106 2674 paci
1120 2593 1181 2653 bel·

185 2679 274 2753 loque
287 2676 362 2736 male
375 2677 550 2736 consuleret.
569 2676 703 2754 legiones
713 2677 849 2736 victrices
860 2677 1010 2738 undecima
1024 2686 1054 2739 et
1068 2686 1181 2752 octava,

127 2759 406 2830 ,auVitellianarum
421 2761 679 2835 unaetvicensima,
702 2778 838 2821 ereneus
855 2761 1028 2842 conscriptis
1044 2761 1180 2838 secundo,

184 2841 321 2902 Poeninis
345 2841 543 2923 Cottianisque
564 2843 705 2922 Alpibus,
728 2863 795 2922 pars
816 2852 912 2929 monle
928 2843 1014 2906 Graio
1030 2844 1180 2905 traducun-

185 2934 245 2992 tur;
272 2935 373 3003 quarta
388 2926 508 2987 decuma
525 2927 605 3006 legio
626 2947 643 2988 e
662 2928 820 3006 Britannia,
846 2937 928 2990 sexta
947 2946 982 2990 ac
1005 2928 1124 2988 decuma
1144 2949 1179 2987 ex

183 3008 321 3087 Hispania
339 3013 460 3072 accitae.

247 3091 339 3172 Igitur
353 3094 498 3156 uenientis
515 3097 661 3156 exercitus
681 3095 755 3154 lama
775 3105 804 3154 et
824 3105 929 3174 suopte
944 3095 1064 3174 ingenio
1081 3097 1116 3158 ad
1133 3099 1180 3156 ori-

147 3179 258 3250 rstiora
285 3179 455 3239 inclinantes
478 3177 633 3242 Galliarum
662 3179 794 3238 civitates
819 3179 847 3238 in
871 3179 981 3240 lierucs
1007 3197 1179 3240 conuenere.

183 3259 382 3321 Treverorum
397 3261 507 3339 legatio
528 3261 589 3322 illic
603 3261 828 3342 opperiebatur,
847 3264 995 3325 acerrimo
1013 3264 1180 3326 instinctore

180 3341 255 3403 belli
269 3341 343 3403 lulio
355 3344 519 3406 Valentino.
551 3345 724 3406 inmeditate
741 3347 873 3406 oratione
886 3355 990 3409 cuncta
1005 3349 1119 3426 magnis
1134 3350 1179 3406 irr-
