<?xml version="1.0" encoding="UTF-8"?>
<!DOCTYPE html PUBLIC "-//W3C//DTD XHTML 1.0 Transitional//EN"
    "http://www.w3.org/TR/xhtml1/DTD/xhtml1-transitional.dtd">
<html xmlns="http://www.w3.org/1999/xhtml" xml:lang="en" lang="en">
 <head>
  <title>
</title>
<meta http-equiv="Content-Type" content="text/html;charset=utf-8" />
  <meta name='ocr-system' content='tesseract 3.04.00' />
  <meta name='ocr-capabilities' content='ocr_page ocr_carea ocr_par ocr_line ocrx_word'/>
</head>
<body>
  <div class='ocr_page' id='page_1' title='image "./libriquisupersu02tacigoog/libriquisupersu02tacigoog_0515.png"; bbox 0 0 2568 3870; ppageno 0'>
   <div class='ocr_carea' id='block_1_1' title="bbox 187 213 972 294">
    <p class='ocr_par' dir='ltr' id='par_1_1' title="bbox 187 213 972 294">
     <span class='ocr_line' id='line_1_1' title="bbox 187 213 972 294; baseline -0.008 0"><span class='ocrx_word' id='word_1_1' title='bbox 187 235 229 294; x_wconf 84' lang='lat' dir='ltr'><strong>to</strong></span> <span class='ocrx_word' id='word_1_2' title='bbox 356 213 360 222; x_wconf 77' lang='lat'>&#39;</span> <span class='ocrx_word' id='word_1_3' title='bbox 404 240 570 290; x_wconf 74' lang='lat' dir='ltr'><strong>concussu</strong></span> <span class='ocrx_word' id='word_1_4' title='bbox 587 239 705 288; x_wconf 81' lang='lat' dir='ltr'><strong>rucrsu</strong></span> <span class='ocrx_word' id='word_1_5' title='bbox 721 237 972 289; x_wconf 80' lang='lat' dir='ltr'><strong>msromssum.</strong></span> 
     </span>
    </p>
   </div>
   <div class='ocr_carea' id='block_1_2' title="bbox 85 392 1269 3322">
    <p class='ocr_par' dir='ltr' id='par_1_2' title="bbox 124 392 1203 1892">
     <span class='ocr_line' id='line_1_2' title="bbox 190 392 1199 476; baseline -0.003 -17"><span class='ocrx_word' id='word_1_6' title='bbox 190 401 220 460; x_wconf 88' lang='lat' dir='ltr'><strong>iu</strong></span> <span class='ocrx_word' id='word_1_7' title='bbox 235 405 338 458; x_wconf 84' lang='lat' dir='ltr'><strong>senatu</strong></span> <span class='ocrx_word' id='word_1_8' title='bbox 355 405 458 476; x_wconf 78' lang='lat' dir='ltr'><strong>cuncta</strong></span> <span class='ocrx_word' id='word_1_9' title='bbox 470 395 568 472; x_wconf 75' lang='lat' dir='ltr'><strong>longis</strong></span> <span class='ocrx_word' id='word_1_10' title='bbox 582 394 703 456; x_wconf 91' lang='lat' dir='ltr'><strong>aliorum</strong></span> <span class='ocrx_word' id='word_1_11' title='bbox 723 392 931 474; x_wconf 84' lang='lat' dir='ltr'><strong>priucipatibus</strong></span> <span class='ocrx_word' id='word_1_12' title='bbox 952 397 1117 474; x_wconf 88' lang='lat' dir='ltr'><strong>composita</strong></span> <span class='ocrx_word' id='word_1_13' title='bbox 1139 406 1199 457; x_wconf 90' lang='lat' dir='ltr'><strong>sta·</strong></span> 
     </span>
     <span class='ocr_line' id='line_1_3' title="bbox 188 477 1202 556; baseline -0.003 -12"><span class='ocrx_word' id='word_1_14' title='bbox 188 483 239 544; x_wconf 89' lang='lat' dir='ltr'><strong>tim</strong></span> <span class='ocrx_word' id='word_1_15' title='bbox 266 480 473 549; x_wconf 87' lang='lat' dir='ltr'><strong>deccmuntur;</strong></span> <span class='ocrx_word' id='word_1_16' title='bbox 496 477 611 540; x_wconf 91' lang='lat' dir='ltr'><strong>additae</strong></span> <span class='ocrx_word' id='word_1_17' title='bbox 633 495 705 556; x_wconf 75' lang='lat' dir='ltr'><strong>erga</strong></span> <span class='ocrx_word' id='word_1_18' title='bbox 729 477 928 538; x_wconf 84' lang='lat' dir='ltr'><strong>Germanicum</strong></span> <span class='ocrx_word' id='word_1_19' title='bbox 953 481 1113 540; x_wconf 83' lang='lat' dir='ltr'><strong>exercitum</strong></span> <span class='ocrx_word' id='word_1_20' title='bbox 1137 480 1202 541; x_wconf 90' lang='lat' dir='ltr'><strong>lau·</strong></span> 
     </span>
     <span class='ocr_line' id='line_1_4' title="bbox 157 560 1201 643; baseline -0.007 -12"><span class='ocrx_word' id='word_1_21' title='bbox 157 587 182 630; x_wconf 86' lang='lat' dir='ltr'><strong>rc</strong></span> <span class='ocrx_word' id='word_1_22' title='bbox 191 566 245 628; x_wconf 91' lang='lat' dir='ltr'><strong>des</strong></span> <span class='ocrx_word' id='word_1_23' title='bbox 259 573 419 642; x_wconf 76' lang='lat' dir='ltr'><strong>gratesque</strong></span> <span class='ocrx_word' id='word_1_24' title='bbox 441 571 471 623; x_wconf 91' lang='lat' dir='ltr'><strong>et</strong></span> <span class='ocrx_word' id='word_1_25' title='bbox 492 564 579 623; x_wconf 92' lang='lat' dir='ltr'><strong>missa</strong></span> <span class='ocrx_word' id='word_1_26' title='bbox 597 563 706 640; x_wconf 75' lang='lat' dir='ltr'><strong>legatio</strong></span> <span class='ocrx_word' id='word_1_27' title='bbox 723 577 797 640; x_wconf 87' lang='lat' dir='ltr'><strong>quac</strong></span> <span class='ocrx_word' id='word_1_28' title='bbox 821 560 927 638; x_wconf 77' lang='lat' dir='ltr'><strong>gaudio</strong></span> <span class='ocrx_word' id='word_1_29' title='bbox 944 560 1127 643; x_wconf 78' lang='lat' dir='ltr'><strong>fungeretur.</strong></span> <span class='ocrx_word' id='word_1_30' title='bbox 1154 583 1201 624; x_wconf 90' lang='lat' dir='ltr'><strong>re·</strong></span> 
     </span>
     <span class='ocr_line' id='line_1_5' title="bbox 192 644 1203 726; baseline -0.004 -16"><span class='ocrx_word' id='word_1_31' title='bbox 192 650 298 710; x_wconf 84' lang='lat' dir='ltr'><strong>citatae</strong></span> <span class='ocrx_word' id='word_1_32' title='bbox 325 646 407 708; x_wconf 80' lang='lat' dir='ltr'><strong>Fabii</strong></span> <span class='ocrx_word' id='word_1_33' title='bbox 432 647 565 708; x_wconf 85' lang='lat' dir='ltr'><strong>Valentis</strong></span> <span class='ocrx_word' id='word_1_34' title='bbox 592 646 735 726; x_wconf 74' lang='lat' dir='ltr'><strong>epistulae</strong></span> <span class='ocrx_word' id='word_1_35' title='bbox 760 644 796 704; x_wconf 92' lang='lat' dir='ltr'><strong>ad</strong></span> <span class='ocrx_word' id='word_1_36' title='bbox 818 644 954 706; x_wconf 85' lang='lat' dir='ltr'><strong>consules</strong></span> <span class='ocrx_word' id='word_1_37' title='bbox 973 648 1103 725; x_wconf 75' lang='lat' dir='ltr'><strong>scriptae</strong></span> <span class='ocrx_word' id='word_1_38' title='bbox 1122 647 1203 708; x_wconf 91' lang='lat' dir='ltr'><strong>haud</strong></span> 
     </span>
     <span class='ocr_line' id='line_1_6' title="bbox 190 726 1203 808; baseline -0.001 -16"><span class='ocrx_word' id='word_1_39' title='bbox 190 730 396 792; x_wconf 88' lang='lat' dir='ltr'><strong>immoderate:</strong></span> <span class='ocrx_word' id='word_1_40' title='bbox 435 731 546 808; x_wconf 79' lang='lat' dir='ltr'><strong>gratior</strong></span> <span class='ocrx_word' id='word_1_41' title='bbox 576 729 721 792; x_wconf 77' lang='lat' dir='ltr'><strong>caecinae</strong></span> <span class='ocrx_word' id='word_1_42' title='bbox 751 726 894 788; x_wconf 86' lang='lat' dir='ltr'><strong>modestia</strong></span> <span class='ocrx_word' id='word_1_43' title='bbox 922 728 992 806; x_wconf 86' lang='lat' dir='ltr'><strong>luit,</strong></span> <span class='ocrx_word' id='word_1_44' title='bbox 1026 729 1106 808; x_wconf 93' lang='lat' dir='ltr'><strong>quod</strong></span> <span class='ocrx_word' id='word_1_45' title='bbox 1140 748 1203 791; x_wconf 87' lang='lat' dir='ltr'><strong>non</strong></span> 
     </span>
     <span class='ocr_line' id='line_1_7' title="bbox 190 821 1203 975; baseline -0.002 -15"><span class='ocrx_word' id='word_1_46' title='bbox 190 821 467 960; x_wconf 44' lang='lat' dir='ltr'><strong>son¹.&#39;:li¹.“llte⁸terum</strong></span> <span class='ocrx_word' id='word_1_47' title='bbox 481 895 566 957; x_wconf 87' lang='lat' dir='ltr'><strong>ltalia</strong></span> <span class='ocrx_word' id='word_1_48' title='bbox 579 893 698 975; x_wconf 74' lang='lat' dir='ltr'><strong>gravius</strong></span> <span class='ocrx_word' id='word_1_49' title='bbox 711 905 798 974; x_wconf 91' lang='lat' dir='ltr'><strong>atque</strong></span> <span class='ocrx_word' id='word_1_50' title='bbox 813 897 940 955; x_wconf 88' lang='lat' dir='ltr'><strong>atrocius</strong></span> <span class='ocrx_word' id='word_1_51' title='bbox 949 911 1034 974; x_wconf 90' lang='lat' dir='ltr'><strong>quam</strong></span> <span class='ocrx_word' id='word_1_52' title='bbox 1048 896 1133 957; x_wconf 91' lang='lat' dir='ltr'><strong>bello</strong></span> <span class='ocrx_word' id='word_1_53' title='bbox 1152 898 1203 958; x_wconf 90' lang='lat' dir='ltr'><strong>ad·</strong></span> 
     </span>
     <span class='ocr_line' id='line_1_8' title="bbox 190 979 1202 1062; baseline -0.003 -19"><span class='ocrx_word' id='word_1_54' title='bbox 190 981 363 1044; x_wconf 80' lang='lat' dir='ltr'><strong>dictabatur.</strong></span> <span class='ocrx_word' id='word_1_55' title='bbox 396 979 523 1060; x_wconf 88' lang='lat' dir='ltr'><strong>dispersi</strong></span> <span class='ocrx_word' id='word_1_56' title='bbox 537 998 592 1058; x_wconf 89' lang='lat' dir='ltr'><strong>per</strong></span> <span class='ocrx_word' id='word_1_57' title='bbox 606 981 759 1058; x_wconf 88' lang='lat' dir='ltr'><strong>municipia</strong></span> <span class='ocrx_word' id='word_1_58' title='bbox 775 987 806 1039; x_wconf 88' lang='lat' dir='ltr'><strong>et</strong></span> <span class='ocrx_word' id='word_1_59' title='bbox 821 979 951 1040; x_wconf 90' lang='lat' dir='ltr'><strong>colonias</strong></span> <span class='ocrx_word' id='word_1_60' title='bbox 964 979 1117 1041; x_wconf 76' lang='lat' dir='ltr'><strong>Vitelliani</strong></span> <span class='ocrx_word' id='word_1_61' title='bbox 1129 999 1202 1062; x_wconf 88' lang='lat' dir='ltr'><strong>spo-</strong></span> 
     </span>
     <span class='ocr_line' id='line_1_9' title="bbox 189 1062 1203 1144; baseline -0.002 -18"><span class='ocrx_word' id='word_1_62' title='bbox 189 1066 280 1143; x_wconf 90' lang='lat' dir='ltr'><strong>liare,</strong></span> <span class='ocrx_word' id='word_1_63' title='bbox 304 1080 426 1144; x_wconf 90' lang='lat' dir='ltr'><strong>rapere,</strong></span> <span class='ocrx_word' id='word_1_64' title='bbox 448 1065 476 1122; x_wconf 86' lang='lat' dir='ltr'><strong>vi</strong></span> <span class='ocrx_word' id='word_1_65' title='bbox 499 1071 529 1122; x_wconf 92' lang='lat' dir='ltr'><strong>et</strong></span> <span class='ocrx_word' id='word_1_66' title='bbox 549 1065 659 1142; x_wconf 89' lang='lat' dir='ltr'><strong>stupris</strong></span> <span class='ocrx_word' id='word_1_67' title='bbox 673 1063 825 1142; x_wconf 78' lang='lat' dir='ltr'><strong>polluere:</strong></span> <span class='ocrx_word' id='word_1_68' title='bbox 851 1062 880 1122; x_wconf 89' lang='lat' dir='ltr'><strong>iu</strong></span> <span class='ocrx_word' id='word_1_69' title='bbox 894 1079 980 1122; x_wconf 92' lang='lat' dir='ltr'><strong>omne</strong></span> <span class='ocrx_word' id='word_1_70' title='bbox 995 1063 1039 1124; x_wconf 85' lang='lat' dir='ltr'><strong>fas</strong></span> <span class='ocrx_word' id='word_1_71' title='bbox 1053 1062 1203 1144; x_wconf 76' lang='lat' dir='ltr'><strong>nefasque</strong></span> 
     </span>
     <span class='ocr_line' id='line_1_10' title="bbox 190 1145 1202 1227; baseline -0.001 -18"><span class='ocrx_word' id='word_1_72' title='bbox 190 1148 266 1211; x_wconf 86' lang='lat' dir='ltr'><strong>avidi</strong></span> <span class='ocrx_word' id='word_1_73' title='bbox 278 1156 326 1208; x_wconf 89' lang='lat' dir='ltr'><strong>aut</strong></span> <span class='ocrx_word' id='word_1_74' title='bbox 337 1145 459 1207; x_wconf 86' lang='lat' dir='ltr'><strong>venales</strong></span> <span class='ocrx_word' id='word_1_75' title='bbox 470 1162 529 1206; x_wconf 89' lang='lat' dir='ltr'><strong>uon</strong></span> <span class='ocrx_word' id='word_1_76' title='bbox 541 1163 638 1224; x_wconf 84' lang='lat' dir='ltr'><strong>sucro,</strong></span> <span class='ocrx_word' id='word_1_77' title='bbox 652 1163 710 1206; x_wconf 90' lang='lat' dir='ltr'><strong>non</strong></span> <span class='ocrx_word' id='word_1_78' title='bbox 722 1147 845 1227; x_wconf 84' lang='lat' dir='ltr'><strong>profano</strong></span> <span class='ocrx_word' id='word_1_79' title='bbox 857 1145 1049 1207; x_wconf 72' lang='lat' dir='ltr'><strong>abstinebant.</strong></span> <span class='ocrx_word' id='word_1_80' title='bbox 1073 1156 1104 1207; x_wconf 92' lang='lat' dir='ltr'><strong>et</strong></span> <span class='ocrx_word' id='word_1_81' title='bbox 1116 1148 1202 1208; x_wconf 88' lang='lat' dir='ltr'><strong>luere</strong></span> 
     </span>
     <span class='ocr_line' id='line_1_11' title="bbox 137 1229 1199 1312; baseline -0.005 -16"><span class='ocrx_word' id='word_1_82' title='bbox 137 1262 140 1268; x_wconf 60' lang='grc'><strong>’</strong></span> <span class='ocrx_word' id='word_1_83' title='bbox 167 1234 239 1312; x_wconf 84' lang='lat' dir='ltr'><strong>squi</strong></span> <span class='ocrx_word' id='word_1_84' title='bbox 256 1231 388 1291; x_wconf 86' lang='lat' dir='ltr'><strong>inimicos</strong></span> <span class='ocrx_word' id='word_1_85' title='bbox 409 1248 479 1292; x_wconf 88' lang='lat' dir='ltr'><strong>suos</strong></span> <span class='ocrx_word' id='word_1_86' title='bbox 501 1231 603 1309; x_wconf 89' lang='lat' dir='ltr'><strong>specie</strong></span> <span class='ocrx_word' id='word_1_87' title='bbox 617 1229 736 1291; x_wconf 89' lang='lat' dir='ltr'><strong>militum</strong></span> <span class='ocrx_word' id='word_1_88' title='bbox 756 1229 963 1290; x_wconf 83' lang='lat' dir='ltr'><strong>interficerent.</strong></span> <span class='ocrx_word' id='word_1_89' title='bbox 994 1231 1113 1310; x_wconf 76' lang='lat' dir='ltr'><strong>ipsique</strong></span> <span class='ocrx_word' id='word_1_90' title='bbox 1127 1232 1199 1291; x_wconf 92' lang='lat' dir='ltr'><strong>mili-</strong></span> 
     </span>
     <span class='ocr_line' id='line_1_12' title="bbox 190 1311 1194 1394; baseline -0.005 -17"><span class='ocrx_word' id='word_1_91' title='bbox 190 1327 236 1377; x_wconf 92' lang='lat' dir='ltr'><strong>tcs</strong></span> <span class='ocrx_word' id='word_1_92' title='bbox 261 1316 414 1392; x_wconf 77' lang='lat' dir='ltr'><strong>regionum</strong></span> <span class='ocrx_word' id='word_1_93' title='bbox 432 1315 515 1392; x_wconf 70' lang='lat' dir='ltr'><strong>gnari</strong></span> <span class='ocrx_word' id='word_1_94' title='bbox 541 1313 668 1374; x_wconf 84' lang='lat' dir='ltr'><strong>refertos</strong></span> <span class='ocrx_word' id='word_1_95' title='bbox 690 1331 796 1392; x_wconf 77' lang='lat' dir='ltr'><strong>egros,</strong></span> <span class='ocrx_word' id='word_1_96' title='bbox 819 1313 893 1373; x_wconf 89' lang='lat' dir='ltr'><strong>dites</strong></span> <span class='ocrx_word' id='word_1_97' title='bbox 913 1311 1044 1374; x_wconf 86' lang='lat' dir='ltr'><strong>dominos</strong></span> <span class='ocrx_word' id='word_1_98' title='bbox 1065 1317 1095 1373; x_wconf 93' lang='lat' dir='ltr'><strong>in</strong></span> <span class='ocrx_word' id='word_1_99' title='bbox 1114 1333 1194 1394; x_wconf 89' lang='lat' dir='ltr'><strong>prae·</strong></span> 
     </span>
     <span class='ocr_line' id='line_1_13' title="bbox 124 1396 1192 1476; baseline -0.007 -13"><span class='ocrx_word' id='word_1_100' title='bbox 124 1411 126 1414; x_wconf 82' lang='grc'><strong>’</strong></span> <span class='ocrx_word' id='word_1_101' title='bbox 191 1401 336 1476; x_wconf 84' lang='lat' dir='ltr'><strong>damant,</strong></span> <span class='ocrx_word' id='word_1_102' title='bbox 360 1399 385 1476; x_wconf 87' lang='lat' dir='ltr'><strong>si</strong></span> <span class='ocrx_word' id='word_1_103' title='bbox 399 1406 591 1476; x_wconf 78' lang='lat' dir='ltr'><strong>repugnatum</strong></span> <span class='ocrx_word' id='word_1_104' title='bbox 609 1397 704 1476; x_wconf 84' lang='lat' dir='ltr'><strong>foret,</strong></span> <span class='ocrx_word' id='word_1_105' title='bbox 724 1397 760 1459; x_wconf 88' lang='lat' dir='ltr'><strong>sd</strong></span> <span class='ocrx_word' id='word_1_106' title='bbox 774 1397 917 1457; x_wconf 84' lang='lat' dir='ltr'><strong>excidium</strong></span> <span class='ocrx_word' id='word_1_107' title='bbox 936 1396 1192 1474; x_wconf 58' lang='lat' dir='ltr'><strong>destinabantur»</strong></span> 
     </span>
     <span class='ocr_line' id='line_1_14' title="bbox 190 1481 1198 1562; baseline -0.004 -18"><span class='ocrx_word' id='word_1_108' title='bbox 190 1485 286 1544; x_wconf 80' lang='lat' dir='ltr'><strong>noxiis</strong></span> <span class='ocrx_word' id='word_1_109' title='bbox 314 1482 435 1544; x_wconf 89' lang='lat' dir='ltr'><strong>ducibus</strong></span> <span class='ocrx_word' id='word_1_110' title='bbox 463 1491 492 1543; x_wconf 91' lang='lat' dir='ltr'><strong>et</strong></span> <span class='ocrx_word' id='word_1_111' title='bbox 515 1481 674 1562; x_wconf 89' lang='lat' dir='ltr'><strong>probibere</strong></span> <span class='ocrx_word' id='word_1_112' title='bbox 694 1495 751 1541; x_wconf 91' lang='lat' dir='ltr'><strong>non</strong></span> <span class='ocrx_word' id='word_1_113' title='bbox 773 1481 861 1540; x_wconf 87' lang='lat' dir='ltr'><strong>susis.</strong></span> <span class='ocrx_word' id='word_1_114' title='bbox 892 1482 984 1540; x_wconf 91' lang='lat' dir='ltr'><strong>minus</strong></span> <span class='ocrx_word' id='word_1_115' title='bbox 1010 1483 1150 1542; x_wconf 83' lang='lat' dir='ltr'><strong>auaritiae</strong></span> <span class='ocrx_word' id='word_1_116' title='bbox 1170 1483 1198 1541; x_wconf 89' lang='lat' dir='ltr'><strong>iu</strong></span> 
     </span>
     <span class='ocr_line' id='line_1_15' title="bbox 191 1563 1197 1646; baseline -0.004 -18"><span class='ocrx_word' id='word_1_117' title='bbox 191 1566 333 1646; x_wconf 71' lang='lat' dir='ltr'><strong>Caecina,</strong></span> <span class='ocrx_word' id='word_1_118' title='bbox 350 1566 416 1646; x_wconf 90' lang='lat' dir='ltr'><strong>plus</strong></span> <span class='ocrx_word' id='word_1_119' title='bbox 429 1565 608 1626; x_wconf 90' lang='lat' dir='ltr'><strong>ambitionis:</strong></span> <span class='ocrx_word' id='word_1_120' title='bbox 637 1565 748 1626; x_wconf 88' lang='lat' dir='ltr'><strong>Valens</strong></span> <span class='ocrx_word' id='word_1_121' title='bbox 764 1563 801 1624; x_wconf 95' lang='lat' dir='ltr'><strong>cb</strong></span> <span class='ocrx_word' id='word_1_122' title='bbox 817 1564 899 1625; x_wconf 88' lang='lat' dir='ltr'><strong>laura</strong></span> <span class='ocrx_word' id='word_1_123' title='bbox 918 1573 947 1624; x_wconf 88' lang='lat' dir='ltr'><strong>et</strong></span> <span class='ocrx_word' id='word_1_124' title='bbox 964 1574 1104 1642; x_wconf 79' lang='lat' dir='ltr'><strong>quaestus</strong></span> <span class='ocrx_word' id='word_1_125' title='bbox 1128 1566 1197 1625; x_wconf 89' lang='lat' dir='ltr'><strong>inia-</strong></span> 
     </span>
     <span class='ocr_line' id='line_1_16' title="bbox 156 1647 1200 1729; baseline -0.003 -18"><span class='ocrx_word' id='word_1_126' title='bbox 156 1676 181 1718; x_wconf 75' lang='grc' dir='ltr'><strong>ιο</strong></span> <span class='ocrx_word' id='word_1_127' title='bbox 191 1653 244 1712; x_wconf 90' lang='lat' dir='ltr'><strong>mis</strong></span> <span class='ocrx_word' id='word_1_128' title='bbox 271 1668 367 1729; x_wconf 90' lang='lat' dir='ltr'><strong>ecque</strong></span> <span class='ocrx_word' id='word_1_129' title='bbox 393 1649 506 1710; x_wconf 87' lang='lat' dir='ltr'><strong>alienae</strong></span> <span class='ocrx_word' id='word_1_130' title='bbox 526 1650 612 1710; x_wconf 89' lang='lat' dir='ltr'><strong>etiam</strong></span> <span class='ocrx_word' id='word_1_131' title='bbox 639 1649 743 1726; x_wconf 89' lang='lat' dir='ltr'><strong>culpae</strong></span> <span class='ocrx_word' id='word_1_132' title='bbox 765 1647 968 1709; x_wconf 88' lang='lat' dir='ltr'><strong>dissimulator.</strong></span> <span class='ocrx_word' id='word_1_133' title='bbox 1000 1649 1056 1709; x_wconf 93' lang='lat' dir='ltr'><strong>iam</strong></span> <span class='ocrx_word' id='word_1_134' title='bbox 1083 1649 1200 1728; x_wconf 85' lang='lat' dir='ltr'><strong>pridem</strong></span> 
     </span>
     <span class='ocr_line' id='line_1_17' title="bbox 192 1732 1199 1812; baseline -0.004 -16"><span class='ocrx_word' id='word_1_135' title='bbox 192 1734 304 1796; x_wconf 84' lang='lat' dir='ltr'><strong>adtritis</strong></span> <span class='ocrx_word' id='word_1_136' title='bbox 319 1732 420 1793; x_wconf 88' lang='lat' dir='ltr'><strong>ltaliae</strong></span> <span class='ocrx_word' id='word_1_137' title='bbox 440 1733 529 1793; x_wconf 92' lang='lat' dir='ltr'><strong>rebus</strong></span> <span class='ocrx_word' id='word_1_138' title='bbox 547 1741 624 1792; x_wconf 89' lang='lat' dir='ltr'><strong>tanta</strong></span> <span class='ocrx_word' id='word_1_139' title='bbox 641 1732 768 1809; x_wconf 91' lang='lat' dir='ltr'><strong>peditum</strong></span> <span class='ocrx_word' id='word_1_140' title='bbox 784 1732 970 1812; x_wconf 88' lang='lat' dir='ltr'><strong>equitumque</strong></span> <span class='ocrx_word' id='word_1_141' title='bbox 979 1732 1024 1792; x_wconf 84' lang='lat' dir='ltr'><strong>sis</strong></span> <span class='ocrx_word' id='word_1_142' title='bbox 1035 1732 1199 1812; x_wconf 87' lang='lat' dir='ltr'><strong>damnaque</strong></span> 
     </span>
     <span class='ocr_line' id='line_1_18' title="bbox 192 1814 764 1892; baseline -0.005 -15"><span class='ocrx_word' id='word_1_143' title='bbox 192 1827 222 1877; x_wconf 90' lang='lat' dir='ltr'><strong>et</strong></span> <span class='ocrx_word' id='word_1_144' title='bbox 236 1817 357 1876; x_wconf 89' lang='lat' dir='ltr'><strong>iniuriae</strong></span> <span class='ocrx_word' id='word_1_145' title='bbox 375 1831 465 1892; x_wconf 74' lang='lat' dir='ltr'><strong>aegre</strong></span> <span class='ocrx_word' id='word_1_146' title='bbox 480 1814 689 1876; x_wconf 86' lang='lat' dir='ltr'><strong>tolerabantur.</strong></span> <span class='ocrx_word' id='word_1_147' title='bbox 762 1823 764 1827; x_wconf 83' lang='lat'>&#39;</span> 
     </span>
    </p>

    <p class='ocr_par' dir='ltr' id='par_1_3' title="bbox 190 1897 1267 2230">
     <span class='ocr_line' id='line_1_19' title="bbox 255 1897 1267 1978; baseline 0.002 -18"><span class='ocrx_word' id='word_1_148' title='bbox 255 1900 306 1960; x_wconf 84' lang='lat'><strong>57.</strong></span> <span class='ocrx_word' id='word_1_149' title='bbox 336 1897 454 1959; x_wconf 86' lang='lat' dir='ltr'><strong>Interim</strong></span> <span class='ocrx_word' id='word_1_150' title='bbox 474 1897 612 1960; x_wconf 83' lang='lat' dir='ltr'><strong>Vitellius</strong></span> <span class='ocrx_word' id='word_1_151' title='bbox 633 1899 775 1959; x_wconf 79' lang='lat' dir='ltr'><strong>uictoriae</strong></span> <span class='ocrx_word' id='word_1_152' title='bbox 796 1915 866 1958; x_wconf 89' lang='lat' dir='ltr'><strong>suae</strong></span> <span class='ocrx_word' id='word_1_153' title='bbox 883 1899 999 1959; x_wconf 90' lang='lat' dir='ltr'><strong>nescius</strong></span> <span class='ocrx_word' id='word_1_154' title='bbox 1020 1908 1050 1959; x_wconf 88' lang='lat' dir='ltr'><strong>ut</strong></span> <span class='ocrx_word' id='word_1_155' title='bbox 1071 1899 1109 1959; x_wconf 90' lang='lat' dir='ltr'><strong>ad</strong></span> <span class='ocrx_word' id='word_1_156' title='bbox 1124 1903 1199 1962; x_wconf 89' lang='lat' dir='ltr'><strong>iute-</strong></span> <span class='ocrx_word' id='word_1_157' title='bbox 1266 1965 1267 1978; x_wconf 17' lang='grc' dir='ltr'>ἢ</span> 
     </span>
     <span class='ocr_line' id='line_1_20' title="bbox 191 1980 1199 2062; baseline 0.002 -19"><span class='ocrx_word' id='word_1_158' title='bbox 191 1999 274 2062; x_wconf 76' lang='lat' dir='ltr'><strong>grum</strong></span> <span class='ocrx_word' id='word_1_159' title='bbox 299 1982 407 2043; x_wconf 89' lang='lat' dir='ltr'><strong>bellum</strong></span> <span class='ocrx_word' id='word_1_160' title='bbox 436 1982 566 2060; x_wconf 89' lang='lat' dir='ltr'><strong>reliquas</strong></span> <span class='ocrx_word' id='word_1_161' title='bbox 592 1980 755 2043; x_wconf 84' lang='lat' dir='ltr'><strong>Germanici</strong></span> <span class='ocrx_word' id='word_1_162' title='bbox 781 1983 927 2042; x_wconf 82' lang='lat' dir='ltr'><strong>exercitus</strong></span> <span class='ocrx_word' id='word_1_163' title='bbox 949 1983 1029 2042; x_wconf 87' lang='lat' dir='ltr'><strong>vires</strong></span> <span class='ocrx_word' id='word_1_164' title='bbox 1051 1984 1199 2045; x_wconf 81' lang='lat' dir='ltr'><strong>trahebat.</strong></span> 
     </span>
     <span class='ocr_line' id='line_1_21' title="bbox 190 2065 1200 2146; baseline 0 -18"><span class='ocrx_word' id='word_1_165' title='bbox 190 2065 276 2146; x_wconf 89' lang='lat' dir='ltr'><strong>pauci</strong></span> <span class='ocrx_word' id='word_1_166' title='bbox 295 2075 425 2127; x_wconf 82' lang='lat' dir='ltr'><strong>veterum</strong></span> <span class='ocrx_word' id='word_1_167' title='bbox 440 2065 559 2126; x_wconf 91' lang='lat' dir='ltr'><strong>militum</strong></span> <span class='ocrx_word' id='word_1_168' title='bbox 575 2065 603 2124; x_wconf 92' lang='lat' dir='ltr'><strong>in</strong></span> <span class='ocrx_word' id='word_1_169' title='bbox 618 2066 747 2126; x_wconf 88' lang='lat' dir='ltr'><strong>bibernis</strong></span> <span class='ocrx_word' id='word_1_170' title='bbox 762 2065 873 2144; x_wconf 83' lang='lat' dir='ltr'><strong>relicti,</strong></span> <span class='ocrx_word' id='word_1_171' title='bbox 901 2066 1042 2126; x_wconf 85' lang='lat' dir='ltr'><strong>festinatis</strong></span> <span class='ocrx_word' id='word_1_172' title='bbox 1058 2084 1114 2145; x_wconf 91' lang='lat' dir='ltr'><strong>per</strong></span> <span class='ocrx_word' id='word_1_173' title='bbox 1131 2068 1200 2130; x_wconf 84' lang='lat' dir='ltr'><strong>Gal·</strong></span> 
     </span>
     <span class='ocr_line' id='line_1_22' title="bbox 190 2149 1199 2230; baseline 0.002 -20"><span class='ocrx_word' id='word_1_174' title='bbox 190 2151 245 2211; x_wconf 91' lang='lat' dir='ltr'><strong>iias</strong></span> <span class='ocrx_word' id='word_1_175' title='bbox 261 2149 426 2229; x_wconf 84' lang='lat' dir='ltr'><strong>dilectibus,</strong></span> <span class='ocrx_word' id='word_1_176' title='bbox 453 2159 483 2210; x_wconf 92' lang='lat' dir='ltr'><strong>ut</strong></span> <span class='ocrx_word' id='word_1_177' title='bbox 498 2151 705 2210; x_wconf 85' lang='lat' dir='ltr'><strong>remanentium</strong></span> <span class='ocrx_word' id='word_1_178' title='bbox 723 2150 871 2228; x_wconf 71' lang='lat' dir='ltr'><strong>legionum</strong></span> <span class='ocrx_word' id='word_1_179' title='bbox 891 2151 1005 2211; x_wconf 86' lang='lat' dir='ltr'><strong>uomina</strong></span> <span class='ocrx_word' id='word_1_180' title='bbox 1022 2151 1199 2230; x_wconf 87' lang='lat' dir='ltr'><strong>suppleren-</strong></span> 
     </span>
    </p>

    <p class='ocr_par' dir='ltr' id='par_1_4' title="bbox 172 2233 1194 2317">
     <span class='ocr_line' id='line_1_23' title="bbox 172 2233 1194 2317; baseline 0.003 -20"><span class='ocrx_word' id='word_1_181' title='bbox 172 2245 250 2297; x_wconf 86' lang='lat' dir='ltr'><strong>stur.</strong></span> <span class='ocrx_word' id='word_1_182' title='bbox 268 2253 335 2296; x_wconf 88' lang='lat' dir='ltr'><strong>cura</strong></span> <span class='ocrx_word' id='word_1_183' title='bbox 351 2237 432 2314; x_wconf 88' lang='lat' dir='ltr'><strong>ripae</strong></span> <span class='ocrx_word' id='word_1_184' title='bbox 446 2233 615 2294; x_wconf 88' lang='lat' dir='ltr'><strong>Hordeonio</strong></span> <span class='ocrx_word' id='word_1_185' title='bbox 625 2235 732 2295; x_wconf 87' lang='lat' dir='ltr'><strong>Flacco</strong></span> <span class='ocrx_word' id='word_1_186' title='bbox 745 2239 900 2313; x_wconf 72' lang='lat' dir='ltr'><strong>permissa}</strong></span> <span class='ocrx_word' id='word_1_187' title='bbox 915 2239 979 2317; x_wconf 90' lang='lat' dir='ltr'><strong>ipse</strong></span> <span class='ocrx_word' id='word_1_188' title='bbox 993 2257 1011 2297; x_wconf 93' lang='lat' dir='ltr'><strong>e</strong></span> <span class='ocrx_word' id='word_1_189' title='bbox 1023 2237 1194 2300; x_wconf 85' lang='lat' dir='ltr'><strong>Britannico</strong></span> 
     </span>
    </p>

    <p class='ocr_par' dir='ltr' id='par_1_5' title="bbox 85 2317 1195 2399">
     <span class='ocr_line' id='line_1_24' title="bbox 85 2317 1195 2399; baseline 0.005 -21"><span class='ocrx_word' id='word_1_190' title='bbox 85 2333 88 2338; x_wconf 60' lang='lat'><strong><em>⁴</em></strong></span> <span class='ocrx_word' id='word_1_191' title='bbox 195 2319 327 2379; x_wconf 88' lang='lat' dir='ltr'><strong>exercitu</strong></span> <span class='ocrx_word' id='word_1_192' title='bbox 340 2317 456 2390; x_wconf 87' lang='lat' dir='ltr'><strong>delecta</strong></span> <span class='ocrx_word' id='word_1_193' title='bbox 472 2325 540 2376; x_wconf 92' lang='lat' dir='ltr'><strong>octo</strong></span> <span class='ocrx_word' id='word_1_194' title='bbox 553 2318 631 2379; x_wconf 90' lang='lat' dir='ltr'><strong>milia</strong></span> <span class='ocrx_word' id='word_1_195' title='bbox 643 2319 699 2377; x_wconf 90' lang='lat' dir='ltr'><strong>sibi</strong></span> <span class='ocrx_word' id='word_1_196' title='bbox 717 2319 853 2379; x_wconf 84' lang='lat' dir='ltr'><strong>adiunxit.</strong></span> <span class='ocrx_word' id='word_1_197' title='bbox 871 2328 901 2380; x_wconf 92' lang='lat' dir='ltr'><strong>ct</strong></span> <span class='ocrx_word' id='word_1_198' title='bbox 912 2337 1068 2399; x_wconf 88' lang='lat' dir='ltr'><strong>paucorum</strong></span> <span class='ocrx_word' id='word_1_199' title='bbox 1081 2321 1195 2384; x_wconf 88' lang='lat' dir='ltr'><strong>dierum</strong></span> 
     </span>
    </p>

    <p class='ocr_par' dir='ltr' id='par_1_6' title="bbox 85 2401 1193 2652">
     <span class='ocr_line' id='line_1_25' title="bbox 85 2401 1193 2484; baseline 0.002 -21"><span class='ocrx_word' id='word_1_200' title='bbox 85 2453 88 2463; x_wconf 21' lang='grc' dir='ltr'>ε</span> <span class='ocrx_word' id='word_1_201' title='bbox 129 2474 131 2480; x_wconf 18' lang='grc' dir='ltr'><strong><em>Α</em></strong></span> <span class='ocrx_word' id='word_1_202' title='bbox 193 2401 1193 2484; x_wconf 79' lang='lat' dir='ltr'><strong>iterprogressusprosperasupudBedriacumresacmortcOthcuis</strong></span> 
     </span>
     <span class='ocr_line' id='line_1_26' title="bbox 185 2487 1191 2568; baseline -0.001 -17"><span class='ocrx_word' id='word_1_203' title='bbox 185 2489 350 2551; x_wconf 88' lang='lat' dir='ltr'><strong>concidisse</strong></span> <span class='ocrx_word' id='word_1_204' title='bbox 366 2488 475 2550; x_wconf 90' lang='lat' dir='ltr'><strong>beilum</strong></span> <span class='ocrx_word' id='word_1_205' title='bbox 490 2488 621 2568; x_wconf 88' lang='lat' dir='ltr'><strong>accepit:</strong></span> <span class='ocrx_word' id='word_1_206' title='bbox 651 2492 757 2550; x_wconf 85' lang='lat' dir='ltr'><strong>vocata</strong></span> <span class='ocrx_word' id='word_1_207' title='bbox 775 2488 911 2549; x_wconf 87' lang='lat' dir='ltr'><strong>contione</strong></span> <span class='ocrx_word' id='word_1_208' title='bbox 923 2487 1057 2549; x_wconf 81' lang='lat' dir='ltr'><strong>virtutem</strong></span> <span class='ocrx_word' id='word_1_209' title='bbox 1070 2489 1191 2550; x_wconf 91' lang='lat' dir='ltr'><strong>militum</strong></span> 
     </span>
     <span class='ocr_line' id='line_1_27' title="bbox 183 2571 1190 2652; baseline 0 -18"><span class='ocrx_word' id='word_1_210' title='bbox 183 2573 316 2634; x_wconf 82' lang='lat' dir='ltr'><strong>laudibus</strong></span> <span class='ocrx_word' id='word_1_211' title='bbox 329 2572 462 2636; x_wconf 92' lang='lat' dir='ltr'><strong>cumulat.</strong></span> <span class='ocrx_word' id='word_1_212' title='bbox 486 2572 650 2652; x_wconf 85' lang='lat' dir='ltr'><strong>postulante</strong></span> <span class='ocrx_word' id='word_1_213' title='bbox 666 2573 809 2648; x_wconf 84' lang='lat' dir='ltr'><strong>exercitu,</strong></span> <span class='ocrx_word' id='word_1_214' title='bbox 826 2579 855 2632; x_wconf 90' lang='lat' dir='ltr'><strong>ut</strong></span> <span class='ocrx_word' id='word_1_215' title='bbox 866 2571 1000 2633; x_wconf 90' lang='lat' dir='ltr'><strong>libertum</strong></span> <span class='ocrx_word' id='word_1_216' title='bbox 1011 2582 1092 2633; x_wconf 90' lang='lat' dir='ltr'><strong>suum</strong></span> <span class='ocrx_word' id='word_1_217' title='bbox 1105 2572 1190 2634; x_wconf 78' lang='lat' dir='ltr'><strong>Asia·</strong></span> 
     </span>
    </p>

    <p class='ocr_par' dir='ltr' id='par_1_7' title="bbox 150 2654 1191 2986">
     <span class='ocr_line' id='line_1_28' title="bbox 150 2654 1191 2737; baseline 0.001 -21"><span class='ocrx_word' id='word_1_218' title='bbox 150 2658 272 2718; x_wconf 81' lang='lat' dir='ltr'><strong>ucticum</strong></span> <span class='ocrx_word' id='word_1_219' title='bbox 284 2657 413 2737; x_wconf 88' lang='lat' dir='ltr'><strong>equestri</strong></span> <span class='ocrx_word' id='word_1_220' title='bbox 430 2657 568 2735; x_wconf 75' lang='lat' dir='ltr'><strong>dignitate</strong></span> <span class='ocrx_word' id='word_1_221' title='bbox 580 2655 711 2734; x_wconf 88' lang='lat' dir='ltr'><strong>donaret,</strong></span> <span class='ocrx_word' id='word_1_222' title='bbox 723 2654 903 2717; x_wconf 85' lang='lat' dir='ltr'><strong>inhonestam</strong></span> <span class='ocrx_word' id='word_1_223' title='bbox 914 2655 1110 2717; x_wconf 87' lang='lat' dir='ltr'><strong>adulationem</strong></span> <span class='ocrx_word' id='word_1_224' title='bbox 1122 2675 1191 2718; x_wconf 93' lang='lat' dir='ltr'><strong>con·</strong></span> 
     </span>
     <span class='ocr_line' id='line_1_29' title="bbox 185 2738 1191 2819; baseline 0 -19"><span class='ocrx_word' id='word_1_225' title='bbox 185 2742 296 2819; x_wconf 90' lang='lat' dir='ltr'><strong>pescit:</strong></span> <span class='ocrx_word' id='word_1_226' title='bbox 315 2739 382 2801; x_wconf 89' lang='lat' dir='ltr'><strong>dein</strong></span> <span class='ocrx_word' id='word_1_227' title='bbox 398 2739 559 2800; x_wconf 85' lang='lat' dir='ltr'><strong>mobilitate</strong></span> <span class='ocrx_word' id='word_1_228' title='bbox 575 2740 701 2819; x_wconf 77' lang='lat' dir='ltr'><strong>ingenii,</strong></span> <span class='ocrx_word' id='word_1_229' title='bbox 724 2738 802 2818; x_wconf 88' lang='lat' dir='ltr'><strong>quod</strong></span> <span class='ocrx_word' id='word_1_230' title='bbox 820 2739 914 2819; x_wconf 90' lang='lat' dir='ltr'><strong>palam</strong></span> <span class='ocrx_word' id='word_1_231' title='bbox 932 2739 1088 2815; x_wconf 85' lang='lat' dir='ltr'><strong>abnuerat,</strong></span> <span class='ocrx_word' id='word_1_232' title='bbox 1114 2741 1191 2801; x_wconf 90' lang='lat' dir='ltr'><strong>inter</strong></span> 
     </span>
     <span class='ocr_line' id='line_1_30' title="bbox 185 2823 1189 2903; baseline 0 -19"><span class='ocrx_word' id='word_1_233' title='bbox 185 2832 301 2884; x_wconf 87' lang='lat' dir='ltr'><strong>secretu</strong></span> <span class='ocrx_word' id='word_1_234' title='bbox 317 2823 441 2883; x_wconf 83' lang='lat' dir='ltr'><strong>conuiuii</strong></span> <span class='ocrx_word' id='word_1_235' title='bbox 456 2824 589 2901; x_wconf 77' lang='lat' dir='ltr'><strong>largitur,</strong></span> <span class='ocrx_word' id='word_1_236' title='bbox 606 2823 817 2902; x_wconf 81' lang='lat' dir='ltr'><strong>honoravitque</strong></span> <span class='ocrx_word' id='word_1_237' title='bbox 833 2823 993 2884; x_wconf 80' lang='lat' dir='ltr'><strong>Asiaticum</strong></span> <span class='ocrx_word' id='word_1_238' title='bbox 1009 2824 1112 2903; x_wconf 84' lang='lat' dir='ltr'><strong>anulis,</strong></span> <span class='ocrx_word' id='word_1_239' title='bbox 1127 2823 1189 2890; x_wconf 85' lang='lat' dir='ltr'><strong>ioe-</strong></span> 
     </span>
     <span class='ocr_line' id='line_1_31' title="bbox 185 2906 911 2986; baseline -0.003 -19"><span class='ocrx_word' id='word_1_240' title='bbox 185 2906 251 2969; x_wconf 89' lang='lat' dir='ltr'><strong>dum</strong></span> <span class='ocrx_word' id='word_1_241' title='bbox 265 2906 438 2986; x_wconf 78' lang='lat' dir='ltr'><strong>mancipium</strong></span> <span class='ocrx_word' id='word_1_242' title='bbox 454 2917 484 2968; x_wconf 90' lang='lat' dir='ltr'><strong>et</strong></span> <span class='ocrx_word' id='word_1_243' title='bbox 497 2906 581 2968; x_wconf 89' lang='lat' dir='ltr'><strong>malis</strong></span> <span class='ocrx_word' id='word_1_244' title='bbox 596 2906 705 2968; x_wconf 87' lang='lat' dir='ltr'><strong>artibus</strong></span> <span class='ocrx_word' id='word_1_245' title='bbox 720 2907 911 2968; x_wconf 89' lang='lat' dir='ltr'><strong>ambitiosum.</strong></span> 
     </span>
    </p>

    <p class='ocr_par' dir='ltr' id='par_1_8' title="bbox 184 2989 1269 3322">
     <span class='ocr_line' id='line_1_32' title="bbox 250 2989 1191 3070; baseline 0.001 -18"><span class='ocrx_word' id='word_1_246' title='bbox 250 2990 300 3054; x_wconf 84' lang='grc'><strong>58.</strong></span> <span class='ocrx_word' id='word_1_247' title='bbox 321 2989 417 3051; x_wconf 89' lang='lat' dir='ltr'><strong>isdem</strong></span> <span class='ocrx_word' id='word_1_248' title='bbox 433 2990 536 3051; x_wconf 89' lang='lat' dir='ltr'><strong>diebus</strong></span> <span class='ocrx_word' id='word_1_249' title='bbox 552 2991 718 3052; x_wconf 86' lang='lat' dir='ltr'><strong>accessisse</strong></span> <span class='ocrx_word' id='word_1_250' title='bbox 737 2991 865 3069; x_wconf 88' lang='lat' dir='ltr'><strong>partibus</strong></span> <span class='ocrx_word' id='word_1_251' title='bbox 881 2999 1031 3070; x_wconf 89' lang='lat' dir='ltr'><strong>utramque</strong></span> <span class='ocrx_word' id='word_1_252' title='bbox 1046 2991 1191 3053; x_wconf 84' lang='lat' dir='ltr'><strong>blaureta·</strong></span> 
     </span>
     <span class='ocr_line' id='line_1_33' title="bbox 184 3073 1191 3153; baseline 0.001 -17"><span class='ocrx_word' id='word_1_253' title='bbox 184 3076 270 3153; x_wconf 88' lang='lat' dir='ltr'><strong>aiam,</strong></span> <span class='ocrx_word' id='word_1_254' title='bbox 285 3074 442 3135; x_wconf 85' lang='lat' dir='ltr'><strong>interfecto</strong></span> <span class='ocrx_word' id='word_1_255' title='bbox 454 3083 646 3153; x_wconf 86' lang='lat' dir='ltr'><strong>procuratore</strong></span> <span class='ocrx_word' id='word_1_256' title='bbox 659 3073 779 3150; x_wconf 76' lang='lat' dir='ltr'><strong>Albino,</strong></span> <span class='ocrx_word' id='word_1_257' title='bbox 794 3077 883 3137; x_wconf 90' lang='lat' dir='ltr'><strong>nuntii</strong></span> <span class='ocrx_word' id='word_1_258' title='bbox 899 3093 1017 3135; x_wconf 88' lang='lat' dir='ltr'><strong>venere.</strong></span> <span class='ocrx_word' id='word_1_259' title='bbox 1046 3073 1191 3137; x_wconf 84' lang='lat' dir='ltr'><strong>Lucceius</strong></span> 
     </span>
     <span class='ocr_line' id='line_1_34' title="bbox 185 3155 1179 3240; baseline 0.002 -20"><span class='ocrx_word' id='word_1_260' title='bbox 185 3159 309 3220; x_wconf 80' lang='lat' dir='ltr'><strong>Albinus</strong></span> <span class='ocrx_word' id='word_1_261' title='bbox 331 3157 482 3218; x_wconf 89' lang='lat' dir='ltr'><strong>aNercnc</strong></span> <span class='ocrx_word' id='word_1_262' title='bbox 496 3155 693 3220; x_wconf 77' lang='lat' dir='ltr'><strong>Mauretaniae</strong></span> <span class='ocrx_word' id='word_1_263' title='bbox 715 3157 900 3220; x_wconf 80' lang='lat' dir='ltr'><strong>caesariensi</strong></span> <span class='ocrx_word' id='word_1_264' title='bbox 915 3161 1119 3240; x_wconf 86' lang='lat' dir='ltr'><strong>praepositus,</strong></span> <span class='ocrx_word' id='word_1_265' title='bbox 1142 3161 1179 3222; x_wconf 90' lang='lat' dir='ltr'><strong>ad</strong></span> 
     </span>
     <span class='ocr_line' id='line_1_35' title="bbox 186 3240 1269 3322; baseline 0 -18"><span class='ocrx_word' id='word_1_266' title='bbox 186 3243 244 3304; x_wconf 90' lang='lat' dir='ltr'><strong>dita</strong></span> <span class='ocrx_word' id='word_1_267' title='bbox 265 3260 318 3322; x_wconf 91' lang='lat' dir='ltr'><strong>per</strong></span> <span class='ocrx_word' id='word_1_268' title='bbox 334 3240 454 3304; x_wconf 83' lang='lat' dir='ltr'><strong>Galbam</strong></span> <span class='ocrx_word' id='word_1_269' title='bbox 469 3241 639 3320; x_wconf 67' lang='lat' dir='ltr'><strong>Tingitanae</strong></span> <span class='ocrx_word' id='word_1_270' title='bbox 653 3243 823 3322; x_wconf 83' lang='lat' dir='ltr'><strong>provinciae</strong></span> <span class='ocrx_word' id='word_1_271' title='bbox 839 3243 1097 3322; x_wconf 85' lang='lat' dir='ltr'><strong>administratione,</strong></span> <span class='ocrx_word' id='word_1_272' title='bbox 1114 3244 1189 3306; x_wconf 87' lang='lat' dir='ltr'><strong>baud</strong></span> <span class='ocrx_word' id='word_1_273' title='bbox 1268 3245 1269 3248; x_wconf 74' lang='grc'>’</span> 
     </span>
    </p>
   </div>
   <div class='ocr_carea' id='block_1_3' title="bbox 147 3324 1192 3575">
    <p class='ocr_par' dir='ltr' id='par_1_9' title="bbox 147 3324 1192 3575">
     <span class='ocr_line' id='line_1_36' title="bbox 165 3324 1191 3465; baseline 0.007 -84"><span class='ocrx_word' id='word_1_274' title='bbox 165 3324 361 3465; x_wconf 79' lang='lat' dir='ltr'><strong>ssperuepdis</strong></span> <span class='ocrx_word' id='word_1_275' title='bbox 375 3325 485 3386; x_wconf 83' lang='lat' dir='ltr'><strong>viribus</strong></span> <span class='ocrx_word' id='word_1_276' title='bbox 501 3326 630 3404; x_wconf 54' lang='lat' dir='ltr'><strong>agebat«¹</strong></span> <span class='ocrx_word' id='word_1_277' title='bbox 646 3325 871 3389; x_wconf 79' lang='lat' dir='ltr'><strong>decemnovem</strong></span> <span class='ocrx_word' id='word_1_278' title='bbox 889 3327 1037 3405; x_wconf 80' lang='lat' dir='ltr'><strong>cobortes,</strong></span> <span class='ocrx_word' id='word_1_279' title='bbox 1062 3330 1191 3428; x_wconf 83' lang='lat' dir='ltr'><strong>qpipque</strong></span> 
     </span>
     <span class='ocr_line' id='line_1_37' title="bbox 147 3409 1192 3575; baseline 0.008 -29"><span class='ocrx_word' id='word_1_280' title='bbox 147 3515 160 3538; x_wconf 84' lang='lat'><strong>.</strong></span> <span class='ocrx_word' id='word_1_281' title='bbox 189 3409 903 3569; x_wconf 56' lang='lat' dir='ltr'><strong>titt·tttttltitttttiititt„</strong></span> <span class='ocrx_word' id='word_1_282' title='bbox 917 3411 1192 3575; x_wconf 62' lang='lat' dir='ltr'><strong>stilistas</strong></span> 
     </span>
    </p>
   </div>
   <div class='ocr_carea' id='block_1_4' title="bbox 0 0 1288 3870">
    <p class='ocr_par' dir='ltr' id='par_1_10' title="bbox 0 0 1288 3870">
     <span class='ocr_line' id='line_1_38' title="bbox 0 0 1288 3870; baseline 0 2"><span class='ocrx_word' id='word_1_283' title='bbox 0 0 1288 3870; x_wconf 95' lang='lat' dir='ltr'><strong> </strong></span> 
     </span>
    </p>
   </div>
  </div>
 </body>
</html>
