2440 3886
116 153 135 212 t
373 161 871 212 cosnnnrsrscrrrsnnsnrnm

117 309 248 377 vinxerat
263 316 349 394 adeo,
365 318 405 377 uti
418 326 555 396 nepotem
570 318 692 394 unicum,
710 315 869 396 Agrippam
886 316 1064 394 Postumum,
1090 317 1122 378 in

117 401 237 461 insulam
255 401 415 462 Planasiam
433 401 601 480 proiecerit,
617 400 716 460 rudem
730 418 800 460 sane
818 399 956 461 bonarum
971 400 1073 462 artium
1090 410 1122 462 et

82 507 107 547 ro
116 483 224 546 robore
242 487 375 564 corporis
391 485 497 545 stolide
515 485 664 560 ferocem,
687 484 791 545 nullius
808 493 907 544 tamen
924 485 1024 563 flagitii
1048 501 1120 544 con·

116 577 237 647 pertum,
276 578 305 647 at
326 569 448 630 hercule
475 567 674 631 Germanicum
698 567 794 628 Druso
828 577 921 642 ortum
946 577 1014 628 octo
1040 569 1120 647 apud

115 652 247 712 Rhenum
262 653 428 730 legionibus
442 653 569 732 inposuit
587 654 751 732 adscirique
768 671 820 731 per
835 653 1021 732 adoptionem
1036 671 1052 713 a
1069 650 1120 711 ut-

115 736 199 796 berio
213 737 313 814 iussit,
334 754 505 816 quamquam
521 746 600 797 esset
615 739 644 797 in
664 737 749 797 domo
765 735 872 796 'liberii
896 737 972 796 lilius
990 737 1118 812 iuvenis,
1146 781 1149 788 .

115 820 169 880 sed
182 837 239 899 quc
253 821 386 906 pluribus
397 823 576 882 munimentis
590 822 746 882 insisteret.
774 820 883 880 bellum
895 837 930 881 ea
941 828 1119 899 tempestate

81 923 107 963 rs
116 902 223 964 nullum
240 905 295 964 nisi
315 905 454 965 adversus
470 905 627 966 Germanos
649 913 818 985 supererat,
842 903 1004 965 abolendae
1023 905 1119 980 magis

115 987 248 1048 infamiae
265 988 302 1047 ub
321 990 456 1049 amissum
473 1007 535 1049 cum
551 989 779 1062 QuintilloVaro
792 988 951 1049 exercitum
967 1005 1050 1066 quam
1067 1006 1121 1047 ou-

115 1072 212 1150 pidine
225 1071 395 1149 proferendi
410 1074 524 1152 imperii
539 1082 587 1134 aut
600 1073 715 1150 dignum
729 1073 767 1133 ob
783 1073 949 1151 praemium.
978 1071 1053 1132 domi
1068 1089 1119 1130 res

114 1155 304 1234 tranquillae,
335 1157 436 1216 eadem
462 1155 676 1235 magistratuum
705 1156 864 1225 vocabula;
891 1156 1019 1216 iuniores
1048 1165 1119 1234 post

115 1239 263 1299 Actiacam
281 1238 449 1318 victoriam,
472 1243 557 1301 etiam
573 1259 659 1300 senes
676 1241 808 1320 plerique
822 1241 897 1300 iuter
919 1239 997 1300 bella
1013 1238 1118 1300 civium

80 1345 105 1386 ao
115 1324 188 1384 nati:
206 1333 311 1401 quotus
326 1325 448 1403 quisque
465 1324 595 1404 reliquus
610 1325 657 1403 qul
671 1323 890 1404 rempublicam
910 1320 1051 1384 vidisset?

174 1409 205 1468 4.
227 1405 317 1485 Igitur
332 1425 419 1468 verso
438 1409 561 1469 civitatis
576 1417 651 1468 statu
666 1408 735 1468 nihil
749 1425 867 1486 usquam
883 1409 972 1486 prisci
997 1416 1027 1467 et
1043 1408 1125 1466 inte-¹

114 1491 159 1569 gri
176 1493 281 1552 moris:
299 1508 399 1551 omnes
413 1500 500 1553 exuta
514 1493 690 1571 aequalitate
704 1494 782 1553 iussa
797 1492 934 1570 principis
949 1499 1112 1569 aspectare,

114 1575 192 1635 nulla
208 1577 236 1634 in
252 1592 392 1653 praeseus
409 1575 573 1656 formidine,
589 1575 654 1636 dum
669 1575 818 1654 Augustus
832 1583 927 1636 aetate
942 1574 1054 1636 validus
1067 1591 1112 1634 se·

115 1677 172 1737 que
187 1667 217 1718 ct
232 1659 347 1719 domurn
366 1669 395 1719 et
409 1678 511 1738 paoem
528 1662 708 1720 sustentavit.
734 1669 886 1739 postquam
905 1667 1045 1738 provecta
1059 1659 1115 1717 iam

91 1750 252 1802 ssenectus
268 1760 359 1820 aegro
377 1752 406 1803 et
423 1761 549 1822 corpore
564 1743 737 1821 fatigabatur
753 1743 912 1822 aderatque
926 1742 989 1802 linis
1003 1750 1033 1802 et
1044 1761 1115 1820 spes

115 1843 219 1902 norae,
237 1829 322 1904 pauci
340 1826 417 1887 bona
432 1826 575 1888 libertatis
590 1828 619 1886 in
631 1845 744 1887 cassum
760 1827 919 1902 disserere,
938 1826 1037 1904 plures
1052 1826 1113 1886 bel-

115 1911 173 1968 lum
188 1926 367 1989 pavescere,
388 1911 437 1971 alii
461 1929 580 1990 cupere.
610 1929 679 1990 pars
700 1910 789 1972 multo
811 1913 933 1970 maxima
954 1909 1113 1970 inminehtis

116 1993 247 2052 dominus
268 1995 356 2054 variis
376 1995 539 2055 rumoribus
564 1994 752 2056 differebant:
776 2003 885 2055 trucem
905 1993 1065 2073 Agrippam
1086 2004 1114 2054 et

115 2076 270 2154 ignominia
289 2095 445 2139 accensum
471 2096 529 2139 non
559 2088 655 2140 aetate
681 2097 778 2158 neque
807 2096 903 2138 rerum
933 2078 1113 2156 experientia

82 2168 211 2223 rctautae
231 2159 300 2222 moli
316 2181 425 2242 parem,
446 2160 593 2223 'liberium
613 2161 759 2223 Neronem
777 2172 916 2222 maturum
930 2161 1028 2236 aunis,
1047 2181 1112 2240 spe·

116 2252 222 2304 etatum
239 2244 394 2322 bello„set
408 2255 510 2307 vetere
523 2256 609 2326 atque
623 2248 707 2308 insita
721 2245 858 2307 Claudiae
874 2245 999 2306 familiae
1010 2263 1111 2324 super·

115 2328 174 2404 bia,
193 2329 339 2412 multaque
354 2331 459 2391 indicia
476 2333 626 2408 saevitiae,
642 2347 813 2411 quamquam
827 2340 1001 2410 premantur,
1021 2347 1110 2390 erum·

114 2430 197 2491 pere.
229 2413 305 2474 hunc
321 2424 350 2474 et
367 2416 457 2493 prima
471 2415 507 2475 ab
518 2415 634 2476 infantia
647 2416 781 2476 eductum
793 2416 821 2474 in
833 2415 918 2475 domo
932 2415 1109 2491 regnatrice:

115 2505 275 2574 congestos
290 2498 388 2565 iuueni,
404 2499 582 2576 consulatus,
598 2499 772 2579 triumphos;
791 2517 828 2559 ne
844 2499 878 2558 iis
895 2498 1010 2578 quidem
1022 2497 1120 2572 annis,
1216 2517 1217 2520 ¹

83 2580 218 2658 tequlbus
234 2580 329 2641 Rhodi
347 2583 448 2662 specie
467 2601 605 2644 secessus
620 2582 688 2643 exul
705 2583 809 2661 egerit,
831 2583 914 2645 aliud
940 2599 1024 2663 quam
1043 2582 1111 2664 iram

115 2674 144 2723 et
159 2665 369 2726 simulationem
388 2675 417 2726 et
439 2676 571 2728 secretas
592 2667 736 2728 lubidines
759 2667 933 2728 meditatum.
967 2665 1111 2726 accedere
1216 2703 1217 2706 =

114 2757 233 2808 matrem
247 2749 381 2810 muliebri
399 2752 573 2830 inpotentia:
594 2752 777 2812 serviendum
798 2750 921 2812 feminae
943 2749 1110 2828 duobusque

114 2833 497 2912 insuperadulercentibus,
522 2836 570 2915 qui
591 2834 817 2914 rempublicam
838 2836 950 2896 interim
972 2845 1110 2913 premant,

115 2915 289 2994 quandoque
305 2917 471 2980 distrahant.

177 3001 206 3059 5.
226 2999 307 3060 llaec
323 3011 409 3080 atque
424 3002 493 3062 talia
511 3002 682 3079 agitantibus
703 3021 880 3082 gravescere
901 3001 1038 3064 valetudo
1054 3000 1109 3060 hu-

67 3145 69 3149 ,
114 3084 200 3160 gusti,
219 3091 248 3142 et
266 3085 380 3162 qnidam
395 3086 492 3146 scelus
508 3088 608 3146 uxoris
633 3087 849 3164 suspectabant.
885 3089 993 3167 quippe
1015 3102 1110 3145 rumor

113 3168 293 3246 incesserat,
313 3187 423 3247 paucos
438 3178 505 3230 aute
525 3188 641 3230 menses
662 3169 840 3248 Augustum,
861 3172 966 3232 electis
986 3170 1110 3229 consciis

116 3259 145 3308 et
164 3252 269 3312 comite
284 3270 340 3312 unc
356 3252 446 3314 Fabio
463 3251 599 3331 Maximo,
616 3255 777 3316 Planasiam
791 3265 906 3316 rectum
918 3255 953 3315 ad
964 3254 1108 3314 visendum

92 3333 290 3414 thgrippam;
313 3336 415 3397 multas
436 3337 497 3399 illic
513 3339 656 3418 utrimque
679 3338 813 3400 lacrimas
834 3349 863 3400 et
886 3340 969 3416 signa
984 3337 1107 3400 caritatis
1214 3353 1217 3360 ⁴

115 3434 256 3498 spemque
276 3437 314 3480 ex
337 3437 372 3479 eo
397 3420 463 3481 lure
487 3431 518 3482 ut
539 3424 650 3484 iuvenis
678 3424 830 3502 penatibus
854 3423 900 3483 avi
924 3422 1105 3484 redderetur:
