2570 3878
473 172 749 243 nmnnv,o-1o.
1055 163 1120 232 153

117 345 178 393 nou
193 327 376 391 elementiam
391 329 558 407 cuiusquam
581 332 733 410 experiar,
757 330 811 392 sed
833 330 910 394 liber
926 332 1037 394 etmihi
1059 335 1116 415 ipsi

62 417 65 424 ’
117 414 263 496 probatus
275 412 375 474 antibo
387 413 557 492 periculum.
579 430 634 475 vos
647 415 783 477 obtestor
796 433 834 476 ue
845 418 1116 479 memoriarunostri

116 513 175 578 per
192 514 356 558 maerorem
370 513 455 576 quum
474 497 543 558 laeti
561 501 731 577 retineatis,
754 499 907 562 abiciendo
929 517 976 562 rue
999 519 1116 582 quoquo
1130 535 1161 576 ι,

117 584 157 644 iis
175 583 225 660 qui
241 582 299 642 lluo
315 582 440 660 egregio
455 581 571 661 publiea
586 583 663 644 ulala-
675 583 863 661 effugerunt?

185 665 230 743 V,
246 664 276 727 'l.
291 663 372 726 'luno
383 665 529 744 singulos,
545 669 692 748 uterique
709 669 865 746 adsistere,
878 669 995 748 adloqui
1006 671 1116 730 unimus

117 748 1117 832 erat,rotinensautdiuuittenspartem7dieiabsumpsit,rnultoquea‹l-

114 833 175 895 buc
187 841 277 895 coetu
288 841 319 894 et
329 835 441 900 cuuctis
448 835 624 914 intrepidum
632 835 742 908 uulturn
753 837 816 897 eius
826 837 1039 916 spectantibus,
1053 853 1118 898 cum

10 941 12 980 i
116 919 751 998 superessetempuanovissimiscretlerent,
764 919 1117 1001 gladioquemsinuabdi·

116 1001 202 1063 derat
209 1001 348 1062 incubuit.
366 999 882 1080 noqueGaesarulliocrinriuibusaut
894 1004 1152 1086 prohibicione-5

9 1151 10 1154 ,
117 1086 1117 1168 ctumiusectatusest,euruinBlaesuurmultaioedaqueinouaurisset.

182 1164 228 1248 V,
254 1169 283 1233 8.
306 1169 442 1230 Relatum
467 1170 535 1232 iude
563 1171 599 1232 de
627 1170 657 1232 l’.
686 1169 810 1232 Vitellio
831 1181 862 1233 ot
881 1172 1046 1252 Pomponio
1065 1168 1118 1234 So·

117 1253 224 1315 cundo.
247 1253 328 1314 illum
347 1253 460 1314 indices
480 1255 641 1334 urguebant
661 1255 787 1315 claustra
808 1257 932 1334 aerarii,
960 1258 1014 1317 cui»
1032 1273 1118 1335 prae-

9 1333 10 1380 ἕ
116 1339 214 1399 fectus
231 1346 311 1416 erat,
333 1345 364 1398 et
384 1337 539 1399 militarem
562 1341 713 1418 pecuniam
733 1340 824 1400 rebus
849 1341 936 1400 novis
956 1341 1116 1410 obtulisee;

116 1421 185 1483 linio
209 1441 226 1482 a
252 1419 394 1482 considio
419 1431 557 1501 praetura
581 1423 682 1484 iuncto
709 1423 912 1484 obiectabatur
937 1421 1016 1484 Aelli
1043 1423 1118 1486 Galli

9 1527 10 1556 1
116 1507 259 1584 amicitia,
276 1507 325 1584 qui
346 1507 448 1585 punito
467 1505 574 1568 Seiano
589 1509 619 1566 in
633 1505 736 1567 hortos
747 1505 901 1586 Pomponii
917 1510 999 1586 quasi
1014 1507 1145 1568 fidissi-e

116 1603 193 1652 utum
209 1589 245 1650 aul
267 1589 428 1651 subsidium
450 1590 640 1669 perfugisset.
671 1608 767 1670 neque
787 1590 865 1652 aliud
884 1590 1118 1671 periclitantibus

117 1674 219 1736 auxilii
236 1689 323 1754 quam»
333 1676 364 1735 in
378 1675 499 1736 iratrunr
518 1671 681 1758 constantia
695 1675 766 1754 luit,
787 1676 836 1754 qui
857 1675 947 1736 vades
963 1673 1117 1736 exstitere.

116 1775 186 1821 rnox
208 1759 321 1820 erebus
347 1758 565 1838 prolationibus
591 1775 675 1839 spem
695 1774 730 1820 ao
749 1768 857 1821 netum
877 1760 959 1822 iuxta
980 1767 1120 1838 graccus

8 1883 10 1918 ,
117 1840 257 1904 Vitellius
269 1845 365 1922 petito
383 1859 439 1922 per
456 1844 586 1924 speciem
604 1843 766 1904 studiorum
782 1843 899 1924 scalpro
917 1843 1015 1906 leuem
1030 1845 1121 1904 icturi·

8 1925 12 1981 l
117 1929 203 1989 venis
215 1927 311 1988 intulit
325 1928 472 2007 vitamne
483 1928 668 2006 aegrituiiue
679 1929 763 1988 anirui
777 1925 878 1989 inivit.
901 1928 1117 2006 atPoupouius
1130 1955 1162 1998 ω

116 2010 207 2073 multa
217 2025 328 2072 ntorum
339 2011 487 2090 elegantia
498 2021 529 2072 et
540 2013 660 2090 iugenio
674 2011 801 2090 inlustri,
816 2012 882 2073 duru
896 2011 1048 2073 aduersam
1058 2007 1118 2072 fur-

118 2103 215 2156 tunam
232 2111 342 2175 aequus
360 2093 485 2173 tolerat,
503 2093 629 2157 Tiberio·
640 2103 794 2174 superstes
809 2097 871 2156 luit.

181 2179 228 2258 V,
249 2171 279 2242 9.
307 2177 447 2240 Placitum
473 2179 597 2259 postbuo
618 2188 650 2239 ut
675 2182 705 2240 in
731 2179 864 2256 reliquos
885 2177 984 2241 Seiani
1004 2177 1118 2240 liberos

54 2275 58 2282 '
118 2263 344 2341 adverteretur,
364 2271 546 2324 vanescente
560 2279 730 2343 quamquam
746 2262 844 2343 plebis
859 2265 903 2324 ira
917 2279 953 2324 ac
966 2262 1120 2342 plerisque

117 2361 174 2428 per
189 2349 290 2427 priora
314 2345 458 2426 supplicia
477 2346 586 2408 lenitis.
628 2347 720 2426 igitur
733 2355 887 2426 portantur
906 2347 937 2408 in
956 2360 1117 2424 struerem,

119 2431 195 2494 ilius
210 2433 416 2492 imminentium
432 2429 621 2510 intellegens,
637 2429 736 2510 puella
746 2429 823 2491 adeo
837 2431 945 2510 nescia,
962 2438 993 2490 ut
1008 2428 1118 2490 crebro

117 2517 331 2594 interrogaret,
344 2512 467 2592 quoiob
476 2514 651 2576 deliettnuet
661 2511 911 2594 quotruberetun
925 2513 1148 2592 aequemur-s

92 2646 101 2664 .
117 2610 179 2662 rum
186 2599 272 2676 ultra,
287 2596 840 2680 etposueaepuerlliaerbereruouerl.
853 2597 1118 2675 traduuttempcris

120 2679 1119 2762 eiusauctcros,ouriatriumuiralisupplicioaalllcivirgiaenlinaudi-

117 2777 179 2830 tum
194 2767 368 2846 habebatur,
384 2783 400 2828 o
415 2767 552 2830 oarullice
566 2765 700 2846 laqueum
720 2765 801 2827 iuxta
816 2782 1024 2846 conpressam
1041 2766 1120 2826 enirn
1172 2803 1178 2822 .

120 2851 227 2916 oblisis
241 2852 374 2913 incubus
390 2853 418 2913 il
434 2853 540 2914 aetatis
554 2865 682 2931 terpora
697 2852 728 2911 iu
743 2849 900 2912 Gemonias
914 2848 1041 2912 abiecta.

182 2931 228 3015 V,
245 2934 296 3000 10.
319 2932 379 2997 l¹er
398 2936 474 2997 idern
491 2945 606 3014 tempus
627 2934 700 2995 Asia
720 2943 807 3013 utque
824 2932 936 2996 Acbaia
956 2935 1123 2994 exterritae

8 3061 21 3087 c
117 3029 185 3085 suut
208 3023 270 3083 acri
290 3022 382 3099 magio
398 3033 482 3100 quarn
503 3018 640 3080 diuturno
659 3035 794 3096 rmore,
815 3016 941 3080 Drusum
955 3016 1122 3079 (lornauloi

117 3107 209 3168 lilim
225 3105 301 3186 cpud
317 3102 461 3181 Cycladas
481 3101 608 3182 tamtus,
629 3117 699 3164 inor
723 3105 754 3163 iu
773 3103 934 3164 contuenti
949 3103 1051 3164 virum.
1088 3109 1123 3162 et

118 3199 183 3253 erat
199 3187 404 3252 inveniebant
418 3187 526 3268 utspurt
537 3195 657 3266 aetate,
667 3186 838 3266 quibusdam
851 3185 987 3248 caesum
1002 3186 1123 3246 libertis

116 3275 200 3334 velut
226 3273 377 3352 adgnituec
406 3290 462 3352 per
490 3271 645 3352 dolumque
673 3270 878 3332 comitantibus
907 3269 1153 3340 adliciebantur,

116 3351 214 3436 ignari
232 3358 306 3418 lanta
323 3357 449 3419 nominis
463 3355 494 3418 a't
512 3357 658 3436 promptia
673 3355 852 3418 (laccorum
866 3352 967 3414 animis
991 3350 1027 3411 ad
1041 3361 1118 3409 uouu

119 3449 152 3501 ut
166 3443 254 3504 ruiru.
270 3443 379 3522 quippe
391 3439 523 3521 elapsum
534 3439 684 3502 custodiae
695 3455 826 3520 perpere
836 3436 1020 3516 atpateruca
1032 3449 1120 3494 exer·
