2540 3874
179 183 220 244 62
428 191 593 241 coenum
608 190 725 240 uncum
744 192 928 241 nunninus

177 349 283 424 ninam,
304 344 430 425 Cymen,
455 346 585 407 Tmolum
605 347 695 406 levari
717 345 791 406 idem
813 347 840 404 in
862 355 973 426 tempus
989 347 1100 410 tributus
1114 351 1175 412 mit·

178 433 257 511 tique
279 448 316 490 ex
337 440 438 491 senatu
457 429 564 509 placuit
585 430 645 508 qui.
657 428 821 509 praesentis
843 437 990 509 spectaret
1010 431 1177 494 refoveret·

145 533 263 659 “ltu
277 512 649 658 litlitltlnltt?
667 513 928 676 tltttlti
945 515 1175 677 tittittti

179 689 319 743 oreretur.
651 688 655 694 '

238 763 289 826 48.
313 765 496 842 Magnificam
523 762 551 821 in
583 761 728 841 publicum
754 763 940 840 largitionem
963 765 1041 825 auxit
1063 763 1176 827 (laesor

177 850 251 910 baud
274 849 364 909 minus
388 856 471 925 grate
490 845 680 925 liberalitate,
703 845 779 925 quod
804 846 879 908 bona
904 846 1044 908 Aemiliae
1065 847 1175 927 llnsae,

176 931 332 1010 locupletis
352 933 519 1007 intestatae,
539 930 628 1008 petita
649 931 678 989 in
694 931 794 990 lisonm
808 929 932 990 Aemilio
947 930 1072 1010 Lepido,
1094 933 1176 992 euius

177 1015 298 1076 edomo
320 1013 484 1092 videbatur,
506 1021 536 1073 et
549 1013 658 1074 Petulei
679 1012 773 1073 divitis
794 1013 897 1092 equitis
916 1014 1037 1076 llomaui
1059 1015 1175 1076 bereli-

150 1118 162 1157 s
178 1108 279 1176 tatem,
302 1115 472 1178 quamquam
494 1097 558 1176 ipse
579 1094 666 1156 heres
681 1098 709 1155 in
722 1105 804 1176 perte
820 1097 986 1175 legeretur,
1006 1096 1120 1159 tradidit
1134 1098 1176 1160 tl.

177 1182 316 1259 Servilio,
345 1198 429 1259 quem
458 1179 602 1260 prioribus
630 1197 724 1258 neque
745 1181 889 1260 suspectis
910 1181 1014 1242 tubulis
1036 1183 1175 1260 seriptum

177 1273 375 1344 compererat,
401 1263 580 1324 nobilitatem
601 1265 749 1342 utriusque
770 1266 892 1343 pecunia
913 1263 1062 1326 iuvandam
1090 1283 1174 1344 prae·

175 1349 260 1410 latus.
299 1366 395 1427 neque
415 1346 604 1407 hereditatem
621 1347 786 1425 cuiusquam
808 1346 875 1409 adiit
891 1349 953 1408 nisi
965 1366 1028 1410 eum
1049 1349 1174 1410 amicitia

176 1434 345 1494 meruisset:
373 1433 493 1510 ignotos
520 1438 550 1490 et
571 1429 634 1490 sliis
655 1430 785 1490 infensus
807 1447 901 1510 eoque
917 1427 1082 1512 'prinoipem
1103 1450 1174 1493 nun·

142 1523 316 1596 reeupantes
337 1513 440 1594 prooul
461 1513 587 1574 eruebat.
612 1521 739 1574 osterum
762 1523 792 1574 ut
814 1513 963 1576 honestam
980 1515 1175 1579 innooentinm

175 1607 374 1678 paupertatem
389 1597 511 1674 levavit,
534 1598 574 1658 lta
590 1596 730 1675 prodigos
748 1606 776 1658 et
790 1597 830 1657 ob
843 1599 951 1676 flagitia
965 1607 1101 1676 egentes,
1122 1599 1174 1660 Vi·

175 1682 280 1743 bislium
305 1683 484 1758 Varronem,
516 1680 635 1742 llarium
659 1680 821 1760 Nepotem,
847 1680 973 1761 Appium
997 1680 1174 1762 Appianum,

169 1764 340 1840 ,Cornelium
360 1762 484 1840 Sullam,
505 1765 540 1838 Q.
557 1763 703 1824 Vitellium
724 1764 813 1824 morit
827 1773 928 1825 senatu
942 1774 990 1826 aut
1005 1773 1109 1845 sponte
1125 1785 1174 1826 oe·

175 1848 245 1910 dere
262 1865 366 1928 pessus
382 1856 437 1906 est.
611 1905 613 1908 ,
1256 1917 1257 1922 ¹

236 1934 287 1994 49.
304 1930 398 1992 Isdem
412 1930 590 2010 temporibus
606 1930 690 1991 tleum
710 1931 799 1990 aedes
813 1941 955 1993 uetustate
969 1940 1016 1993 aut
1030 1933 1089 2010 igni
1103 1933 1174 1993 sbo-

172 2015 238 2076 lites
255 2023 434 2094 eoeptasque
447 2013 483 2074 ab
495 2013 629 2093 Augusto
646 2013 804 2092 dedicavit,
827 2014 931 2076 Libero
947 2015 1126 2094 liberaeque
1143 2025 1175 2076 et
1255 2019 1256 2038 ³

173 2097 276 2159 Cereri
289 2099 367 2158 iuxta
383 2098 489 2158 oiroum
512 2099 678 2175 maximum,
702 2115 786 2176 quarn
807 2096 843 2158 A.
866 2099 1028 2161 Postumius
1049 2098 1175 2160 dictator
1254 2147 1255 2158 .

172 2191 310 2260 voverat,
329 2180 490 2260 eodemque
507 2183 535 2241 in
550 2181 618 2242 looo
633 2180 734 2242 aedem
749 2180 857 2242 Florae
871 2183 907 2243 sb
923 2183 1011 2242 Luoio
1026 2192 1056 2242 et
1071 2181 1174 2244 llaroo

146 2282 158 2322 ι
174 2265 310 2327 l’ublieiis
330 2263 471 2326 aedilibus
487 2267 682 2342 constitutam,
704 2273 734 2324 et
748 2263 817 2326 lano
833 2266 984 2345 templum,
1002 2264 1079 2346 quod
1093 2265 1172 2344 apud
1253 2256 1254 2277 ¹

171 2350 263 2410 iorum
278 2348 443 2409 holitorium
459 2346 492 2409 (l.
503 2346 615 2408 Duilius
630 2356 792 2423 struxerat,
810 2351 857 2426 qui
873 2351 980 2429 primns
995 2367 1055 2410 rem
1065 2349 1171 2410 lloma·

171 2449 237 2493 nam
257 2448 402 2512 prospere
422 2432 493 2491 mari
514 2433 606 2508 gessit
623 2431 851 2510 triumphumque
866 2432 998 2494 navalem
1014 2432 1049 2492 ‹le
1063 2430 1171 2490 Poenis

170 2515 280 2576 meruit.
319 2515 391 2593 Spei
412 2514 500 2575 aedes
523 2532 539 2574 a
559 2513 728 2577 Germanico
751 2523 896 2578 sacratur:
918 2515 993 2578 bene
1011 2516 1047 2575 A.
1064 2512 1172 2573 Atilius

171 2607 292 2659 voverat
306 2596 408 2658 eodem
423 2593 512 2658 bello.

232 2684 281 2745 50.
310 2679 510 2742 Adolesoebst
530 2683 639 2742 interes
660 2681 709 2741 lex
736 2681 904 2742 maiestatis.
947 2692 982 2753 et,
997 2681 1172 2762 Appuleiam
1249 2691 1250 2696 ’

170 2765 322 2844 veniliam,
345 2765 455 2826 sororis
480 2765 604 2844 Augusti
628 2774 760 2844 neptem,
783 2767 849 2844 quia
865 2763 1016 2845 probrosis
1031 2766 1174 2825 sermoni·

169 2849 224 2908 bus
245 2848 341 2908 dirum
357 2848 516 2925 Augustum
530 2849 572 2908 ‘ae
587 2848 731 2909 'liberium
751 2858 781 2909 et
803 2857 921 2909 matrem
943 2849 1005 2908 eius
1020 2847 1174 2910 inlusisset

171 2932 346 3011 Caesarique
375 2947 486 2992 oonexs
514 2931 655 2992 adulterio
684 2941 852 3009 teneretur,
875 2931 1033 2992 maiestatis
1055 2931 1174 2992 delator
1245 2991 1247 3006 ,

144 3016 349 3077 oareessebat.
391 3014 427 3075 de
449 3013 588 3076 adulterio
610 3017 680 3077 satis
701 3016 799 3076 enveri
813 3016 882 3094 lege
896 3015 968 3076 lulis
983 3015 1089 3075 visum:
1111 3033 1174 3076 ma·

168 3099 279 3160 iestatis
309 3100 417 3159 crimen
445 3097 580 3177 distingui
601 3098 710 3160 Gaeser
739 3099 896 3180 postularit
916 3097 1118 3178 damnarique,
1145 3100 1173 3159 si

170 3201 225 3261 qua
249 3182 285 3243 ule
307 3183 440 3261 Angusto
465 3183 634 3260 inreligiose
656 3182 791 3243 dixisset:
816 3183 845 3242 in
865 3201 898 3244 se
925 3183 1000 3243 iaeta
1027 3180 1106 3243 nolle
1134 3182 1172 3243 ad

171 3267 365 3344 cognitionem
379 3266 492 3327 voeari.
522 3267 746 3344 interrogetusa
762 3267 897 3344 consule,
915 3265 982 3344 quid
998 3264 1035 3328 de
1050 3265 1084 3325 iis
1101 3283 1171 3326 een·

170 3358 248 3408 seret
269 3367 343 3428 quae
368 3348 403 3409 de
423 3358 514 3411 matre
530 3350 591 3410 eius
605 3350 704 3411 loeuta
720 3367 806 3410 senus
827 3347 1016 3426 argueretur,
1037 3350 1170 3418 reticuit:

134 3429 234 3490 rodein
256 3433 389 3512 proximo
410 3441 526 3494 senatus
548 3433 594 3493 ‹lie
616 3433 692 3493 illins
713 3449 828 3512 quoque
849 3433 972 3492 nomine.
990 3433 1098 3514 orarit,
1130 3449 1170 3492 ne
