2596 3872
1065 4 1084 41 ιιι

429 200 600 248 utosnxv.
622 199 696 248 coe.
712 197 846 253 tt--tr¹
1074 188 1137 249 315

136 355 313 435 supplicem,
347 353 489 434 increpuit
511 353 643 415 Salienus
673 353 825 434 Clemens,
854 356 1019 416 hostem-et
1045 353 1137 432 parri·

136 439 229 501 eidam
245 454 372 513 vocans,
390 436 484 498 donec
500 455 642 498 consensu
661 448 771 537 patrum
789 440 942 500 deterritus
957 447 1017 515 est,
1032 455 1069 496 ne
1086 455 1137 516 pn·

135 523 221 584 blicis
238 521 322 582 maiis
338 519 415 580 uhuti
436 521 472 582 ad
491 524 677 582 occasionem
692 524 796 602 privati
818 523 875 583 odii
893 521 1056 598 videretur,
1078 538 1134 580 nen

136 607 299 706 composita
322 612 370 664 cut
393 603 545 671 obliterata
568 605 785 666 mansuetudine
782 607 947 693 principis
974 623 1078 666 novam
1100 603 1136 664 ad

136 690 284 751 saeuitiam
303 688 473 750 retraheret.
1146 707 1172 750 ιι

200 775 250 834 tt.
281 772 352 833 'ium
383 767 527 856 [decreta]
558 771 632 833 dona
661 772 694 833 ei
716 781 816 850 grates
843 772 905 832 deis
934 773 1136 874 decernuntur,

134 859 329 960 propriusque
351 855 446 917 honos
467 857 549 934 soti,
576 857 621 916 cui
646 866 692 917 est
712 865 795 917 vetus
817 857 906 918 aedes
926 857 1001 956 apud
1019 859 1136 934 circum,

134 946 163 1004 in
187 959 243 1022 quo
267 941 379 1002 fucinus
396 939 566 1019 parabatur,
590 941 638 1019 qui
659 940 773 1002 occulta
796 941 1002 1003 coniurationis
1022 943 1136 1000 numine

66 1090 79 1104 f
133 1027 304 1097 retexisset3
337 1033 428 1102 ntque
454 1025 626 1085 circensium
651 1024 814 1086 Cerealium
841 1024 979 1087 ludicrum
1005 1023 1137 1105 pluribus

133 1127 274 1190 equorum
301 1107 431 1169 cursibus
459 1106 658 1170 celebraretur
681 1111 848 1190 mensisque
871 1108 983 1188 Aprilis
1006 1107 1158 1169 Neronias

133 1201 358 1272 cognomentum
370 1193 532 1272 acciperet:
548 1193 685 1273 ternplum
697 1193 787 1255 Saluti
801 1202 1000 1255 exstrueretur
1013 1209 1050 1252 eo
1065 1192 1135 1271 loci,

132 1297 173 1339 ex
194 1295 252 1357 qun
277 1277 442 1337 Scaevinus·
457 1277 563 1338 ferrum
581 1284 784 1358 prompserat‘
806 1279 870 1358 ipse
893 1296 957 1338 eurn
979 1278 1136 1356 pugionem

133 1360 398 1442 apuicapitolium
417 1365 543 1421 sacrauit
566 1362 773 1442 inscripsitque
787 1360 850 1422 lori
859 1361 1013 1422 Vindiciz'
1005 1380 1034 1420 ιιι
1051 1379 1135 1440 prae·

134 1461 202 1506 sens
223 1443 297 1505 hand
321 1444 556 1524 animad'vc'rsnrn
571 1454 638 1526 post
655 1454 738 1506 ann'a
752 1445 816 1506 toln
830 1445 961 1508 Vindicis
982 1443 1134 1544 atiapspi·

135 1531 208 1590 cium
233 1532 267 1588 et
286 1530 470 1607 praesagium
493 1529 605 1590 futurae
627 1529 744 1590 ultiouis
765 1515 970 1591 trahebatur?
961 1531 1089 1607 reperio
1105 1546 1135 1587 ιιι
1144 1537 1171 1582 ιι

134 1613 349 1674 commentariis
372 1622 488 1674 senatus
510 1611 654 1674 Gerioiem
674 1614 805 1675 Anicium
828 1614 980 1675 consuiern
1000 1612 1134 1690 designa·

131 1707 192 1758 turn
214 1712 269 1779 pro
291 1697 432 1756 sententia
457 1698 581 1776 dixisse,
609 1707 646 1758 nt
643 1699 800 1778 templum
828 1699 895 1760 divo
916 1697 1032 1758 Neroni
1050 1712 1133 1777 qurarn

132 1781 300 1842 maturrime
316 1778 433 1858 publice
449 1783 576 1861 pecunia
585 1791 754 1862 poneretur.
783 1783 860 1862 quod
884 1782 999 1880 poitieni
1021 1780 1070 1842 ille
1085 1779 1134 1840 de·

131 1863 273 1927 ιιιιιιιιιι
297 1869 440 1943 tanquan
466 1865 587 1926 nrort'aie
606 1867 751 1947 fastigium
774 1867 898 1946 egresso
917 1875 945 1927 et
970 1865 1146 1925 veneratio·

130 1966 198 2010 nem
209 1949 354 2009 hommum
367 1949 489 2027 merito,
505 1888 819 2031 seutpmprottbutt
824 1947 1170 2030 ncintcrpretctioners

133 2030 311 2110 quorundam
333 2030 385 2091 ad·
386 2049 469 2093 omen
481 2033 584 2094 malum
600 2036 648 2095 sui
660 2037 753 2095 exitus
768 2043 948 2095 uerteretur:
971 2051 1037 2093 nam
1048 2033 1134 2093 deum

131 2112 368 2259 ggfflmipi
388 2133 445 2174 non
470 2125 534 2176 ante
560 2117 682 2178 hebetur
704 2132 788 2196 quern
803 2131 894 2196 agere
910 2117 986 2176 inter
1001 2117 1135 2176 honines
