2570 3878
171 161 233 223 190
417 169 583 220 conusens
602 169 720 219 saorra
741 167 924 218 sumamus

44 339 47 344 '
170 325 375 389 transferendo
392 325 448 387 buo
467 326 546 406 quod
561 343 679 404 usquam
696 324 846 402 egregium
861 323 956 386 luerit.
988 343 1083 404 neque
1100 325 1176 386 enim

171 414 277 492 ignoro
291 409 381 472 Iulios
396 408 490 487 Alba,
509 408 709 492 Corunoanios
725 408 876 488 Camerio,
897 407 1021 470 Porcios
1035 409 1175 489 Tusculo,

174 506 204 557 et
218 513 254 555 ne
270 504 370 555 vetera
388 502 565 571 temtemur,
582 493 698 553 Etruria
712 491 895 571 Lucaniaque
912 500 942 554 et
956 494 1033 554 omni
1049 493 1133 556 ltalia
1146 496 1177 556 in

174 589 305 641 senatum
321 579 444 656 sasitos,
459 586 609 657 postremo
624 578 716 656 ipsam
731 575 767 638 ad
778 575 873 656 Alpes
885 585 1058 656 promotam,
1074 587 1176 640 utnon

137 663 261 738 uomodo
278 658 384 741 sing'uli
400 662 522 740 viritim,
541 660 594 722 sed
614 671 726 739 terrae,
752 669 857 738 gentes
875 661 905 720 in
921 677 1025 722 nomeu
1046 671 1176 724 nostrum

173 748 388 810 eoalesoerent.
423 755 492 808 tuno
515 744 608 806 solida
631 744 708 804 domi
730 745 814 823 quies
839 754 868 805 et
890 743 1031 808 adversas
1054 754 1177 808 extem

172 832 336 911 domimus,
353 848 416 890 oum
432 828 630 909 Transpadani
643 829 671 888 in
687 829 831 890 eisitatem
846 830 977 909 recepti,
994 847 1057 890 oum
1073 831 1176 910 speeie

172 916 359 979 deductarum
375 932 429 994 per
445 913 546 976 orbem
560 921 656 973 terrae
673 913 819 990 legionum
836 911 941 975 additis
956 914 1177 993 provincialium

172 999 357 1062 validissimis
374 999 454 1059 fesso
475 998 599 1078 imperio
615 996 785 1057 subveniam
802 1005 856 1057 ast.
888 1015 953 1058 nam
968 998 1096 1077 paenitet
1111 997 1176 1060 Bal·

137 1084 228 1145 arbos
251 1102 289 1144 er
309 1083 447 1161 Hispania
469 1099 524 1142 neo
546 1083 637 1140 minus
659 1082 789 1158 insignes
809 1082 889 1142 viros
909 1100 926 1142 e
949 1080 1041 1144 Gallia
1061 1081 1175 1144 Narbo·

172 1168 256 1229 nansi
270 1163 459 1227 transivisse?
481 1175 597 1225 manent
614 1166 726 1245 posteri
742 1182 842 1228 eorum
858 1182 914 1226 neo
933 1183 1031 1227 amore
1050 1167 1079 1227 in
1100 1167 1176 1228 bano

173 1252 294 1332 patriam
309 1247 394 1310 nobis
409 1249 583 1311 eonoedunt.
613 1248 681 1328 quid
699 1248 774 1311 aliud
792 1250 879 1311 exitio
893 1249 1131 1313 Lacedaemoniis
1147 1259 1177 1311 et

172 1333 400 1396 Atheniensibus
427 1333 495 1412 fuit,
524 1350 693 1413 quamquam
718 1336 805 1395 armis
835 1333 996 1415 pollerent,
1022 1337 1076 1396 nisi
1096 1333 1175 1415 quod

173 1420 269 1481 vietos
291 1436 347 1499 pro
369 1417 541 1496 alienigenis
556 1415 715 1479 arcebant?
738 1426 767 1478 at
784 1417 917 1479 eonditor
930 1419 1023 1480 nostri
1036 1419 1176 1481 Romulus

136 1513 280 1569 astantum
305 1503 448 1581 sapientia
473 1501 578 1577 valuit,
609 1511 640 1562 ut
662 1500 821 1582 plerosque
847 1503 972 1584 populos
997 1503 1101 1564 eodem
1128 1503 1176 1564 dia

171 1589 292 1665 hostes,
313 1585 381 1646 dein
403 1588 484 1648 eires
504 1584 646 1646 babuerit
682 1584 811 1653 advenae
835 1589 863 1647 in
885 1605 940 1650 uos
961 1594 1174 1666 regnaverunt:

134 1691 139 1700 ·
171 1666 371 1734 libertinorum
391 1670 459 1730 llliis
479 1670 664 1746 magistratus
681 1669 817 1730 mandare
830 1688 905 1750 non,
929 1680 960 1733 ut
973 1672 1106 1752 plerique
1121 1670 1174 1731 ial·
1281 1667 1282 1676 ’

171 1756 283 1831 luntur,
300 1770 425 1833 repens,
441 1752 493 1814 sed
510 1754 600 1831 priori
614 1753 724 1833 populo
740 1755 897 1816 lectitatum
913 1765 966 1817 est.
996 1764 1026 1816 at
1042 1774 1104 1817 oum
1122 1756 1174 1816 Se·

171 1837 296 1900 nonibus
311 1839 518 1916 pugnavimus:
544 1836 658 1897 aoilioet
672 1836 774 1898 Vulsci
796 1848 825 1900 et
839 1838 935 1918 Aequi
955 1857 1106 1919 numquam
1126 1837 1174 1900 ad·
1281 1895 1282 1898 ,

137 1940 287 1986 reversam
301 1920 389 1981 nobis
404 1922 495 1982 aaiern
511 1920 685 1982 instruxere.
714 1923 791 2004 eapti
806 1940 822 1983 a
840 1922 930 1985 Gallis
946 1943 1057 1986 sumus:
1079 1923 1131 1986 sed
1146 1932 1176 1984 et

173 2007 276 2068 'luscis
293 2002 412 2067 obsides
427 2003 557 2065 dedimus
569 2014 598 2066 et
613 2006 778 2067 Samnitium
792 2008 888 2086 iugum
905 2007 1051 2070 subiimus.
1084 2027 1119 2070 aa
1135 2017 1175 2070 a·

145 2123 148 2128 ·
172 2109 255 2167 meu,
269 2091 294 2149 si
312 2099 414 2150 anneta
429 2089 507 2150 bella
522 2107 691 2167 repensam,
707 2090 814 2152 nullum
831 2091 967 2154 breviore
983 2094 1078 2173 spatio
1091 2109 1175 2172 quam

174 2175 314 2237 adversus
329 2173 430 2235 Gallos
447 2173 630 2234 oonieetums
659 2175 793 2236 eontinua
810 2176 877 2237 inde
896 2195 933 2239 ao
950 2177 1006 2238 lida
1021 2190 1089 2256 par.
1119 2177 1174 2236 iam

172 2258 302 2319 moribus
327 2257 437 2319 artibus
459 2256 651 2318 adfinitatibus
679 2261 786 2320 nostris
809 2261 889 2320 mixti
916 2279 1015 2322 auram
1042 2270 1072 2321 et
1100 2276 1175 2339 opes

136 2357 242 2412 assuas
261 2342 387 2403 inierant
404 2342 501 2421 potius
522 2360 605 2421 quam
624 2344 752 2422 separati
771 2342 907 2405 habeant.
944 2344 1053 2422 omnia,
1077 2353 1176 2424 patres

174 2427 352 2506 consumpti,
373 2444 448 2505 quae
473 2444 549 2485 nune
568 2427 763 2488 vetustissima
784 2427 954 2508 ereduntur,
976 2446 1053 2490 nora
1075 2428 1174 2490 luere:

172 2511 271 2593 plebei
289 2511 474 2588 magistratus
489 2519 557 2589 post
568 2511 727 2589 patricios,
741 2511 832 2572 Latini
847 2523 915 2592 post
929 2513 1080 2594 plebeios,
1097 2520 1176 2572 oete·
1205 2567 1207 2574 .

173 2613 269 2657 rarum
279 2593 381 2655 ltaliae
395 2595 523 2671 gentium
538 2602 606 2674 post
615 2593 742 2656 Latinos.
771 2597 965 2659 inveterasset
979 2598 1036 2658 boo
1048 2613 1175 2677 quoque,

174 2688 206 2740 et
218 2677 297 2759 quod
310 2676 397 2738 bodie
413 2678 555 2756 exemplis
567 2687 694 2757 tuemur,
712 2679 788 2739 inter
803 2681 937 2762 exempla
954 2683 1038 2742 erit’
1055 2737 1058 2744 ⁴
1092 2735 1094 2740 .
1153 2716 1164 2728 ι

239 2763 290 2824 25.
314 2760 481 2824 Orationem
506 2763 648 2844 prineipis
673 2772 775 2824 seouto
800 2757 911 2844 patrum
939 2765 1071 2827 consulto
1093 2764 1176 2845 primi

174 2845 269 2908 Aedui
286 2847 494 2907 senatorumin
515 2845 586 2907 urbe
603 2849 648 2908 ius
669 2846 766 2926 adepti
790 2857 863 2910 sunt.
895 2850 990 2911 datum
1013 2849 1042 2910 id
1062 2848 1175 2912 loederi

175 2932 307 3010 antiquo,
327 2939 358 2990 et
377 2931 442 3010 quia
463 2930 519 2992 soli
539 2930 686 2992 Gallorum
707 2932 896 2995 fraternitatis
910 2951 1018 2996 nomen
1043 2951 1104 2996 oum
1121 2947 1172 3011 po·

173 3015 244 3094 pulo
258 3015 390 3076 Romano
405 3023 554 3094 usurpant.

148 3128 163 3166 s
237 3097 333 3160 ladem
347 3097 448 3159 diebus
461 3099 490 3158 in
506 3117 652 3161 numerum
668 3100 855 3181 patriciorum
870 3102 993 3182 adsaltit
1004 3101 1115 3166 Caesar
1126 3119 1175 3162 ae

173 3183 358 3244 tustissimum
386 3200 528 3263 quemque
554 3201 572 3244 e
601 3194 703 3246 senatu
732 3194 780 3246 aut
807 3186 911 3265 quibus
937 3187 1009 3249 olari
1039 3194 1178 3266 parentes

172 3266 303 3344 fuerant,
319 3269 421 3346 paneis
435 3269 491 3328 iam
505 3266 626 3347 reliquis
639 3268 828 3347 familiamm,
847 3289 919 3350 quas
933 3270 1073 3334 Romulus
1087 3271 1178 3332 maio·
1279 3271 1280 3304 ³

72 3428 73 3432 Ἰ
173 3366 235 3409 rum
251 3359 280 3410 et
293 3349 325 3410 lt.
340 3348 444 3412 Brutus
463 3352 601 3413 minorum
621 3355 748 3431 gentium
768 3354 1005 3433 appellaverant,
1028 3354 1178 3416 exhaustis

173 3432 259 3494 etiam
275 3450 347 3512 quas
364 3434 487 3497 dictator
503 3433 612 3498 Caesar
627 3437 696 3515 legs
713 3435 813 3500 Cassia
829 3448 859 3500 et
875 3440 1012 3520 prinoeps
1026 3438 1177 3516 Augustus
