2536 3870
408 126 412 130 “
491 143 566 192 cur.
583 143 702 198 tta—aa.
734 120 736 126 ’
1032 137 1096 200 209

88 303 185 375 oium,
203 297 254 358 sed
269 298 383 376 penitus
400 307 486 375 atque
500 297 529 356 in
541 298 772 378 splendidissima
784 299 906 361 Raetiae
923 301 1121 380 pronuncians

92 384 220 446 colonia,
240 381 347 460 passim
365 382 427 442 sine
444 381 565 442 custode
586 391 749 452 transeunt:
773 393 880 444 etcum
898 385 1006 445 ceteris
1021 403 1092 462 gen·

91 468 170 528 tibus
183 483 261 532 arma
273 465 359 532 modo
374 473 527 544 castraque
539 473 640 526 nostra
653 465 849 545 ostendamus,
868 468 914 528 luis
925 467 1026 528 domos
1041 468 1093 528 vil-

92 549 392 629 lasquepateiecimus
400 567 458 610 nou
466 549 749 628 concupiscentibus.
762 551 790 610 in
796 549 1002 614 Hermunduris
1008 551 1094 612 Albis

0 699 1 708 χ
93 634 198 711 oritur,
219 633 324 693 llumen
340 633 476 694 inclutum
493 640 522 692 et
536 641 634 694 notum
649 633 733 704 olim;
756 652 832 695 nuno
846 643 954 697 tautum
973 635 1093 696 auditur.

120 777 126 784 ,
154 717 203 778 42.
231 716 312 777 luxta
332 715 548 778 Hermunduros
563 715 671 776 Naristi
693 735 730 778 ac
751 717 855 778 deiude
871 719 1047 782 Marcomani
1066 729 1096 780 et

0 779 1 792 ἵ
91 801 184 878 Quadi
200 809 299 878 agunt.
331 801 489 878 praecipua
504 799 753 863 Marcomanorum
766 803 863 880 gloria
876 805 1028 884 viresque,
1050 813 1093 864 at·

91 905 149 965 que
169 889 234 964 ipsa
257 885 345 944 etiam
366 883 453 942 sedes
474 879 565 961 pulsis
590 884 657 944 olim
679 884 761 946 Boiis
783 887 888 949 virtute
915 897 1007 966 parta.
1040 907 1095 949 nee

1 1014 3 1052 Ε
90 969 200 1030 Naristi
222 967 353 1041 Quadive
375 966 565 1044 degenerant.
602 987 695 1048 eaque
716 969 887 1032 Germaniae
907 972 989 1032 velut
1012 971 1095 1033 frons

1 1099 3 1136 ξ
92 1059 156 1127 est,
172 1059 314 1128 quatenus
328 1049 460 1112 Danuvio
476 1053 683 1132 praecingitur.
714 1055 908 1122 Marcomanis
925 1055 1120 1135 Quadisques

91 1151 185 1212 usque
201 1133 237 1194 ad
253 1144 381 1195 nostram
396 1137 562 1196 memoriam
575 1153 665 1215 reges
681 1149 846 1202 manserunt
861 1158 898 1200 ex
909 1149 998 1218 gente
1015 1141 1092 1218 ipso·

90 1237 171 1297 rum,
192 1217 291 1278 nobile
305 1217 476 1280 Marobodui
492 1229 521 1281 et
536 1220 624 1283 Tudri
639 1237 747 1299 genus:
770 1224 826 1285 iam
841 1233 871 1284 et
887 1234 1025 1284 externos
1043 1244 1094 1303 pn-

91 1305 215 1380 tiuutur‚
238 1301 291 1362 sed
312 1304 356 1362 vis
374 1312 403 1363 et
423 1306 554 1382 potentia
569 1305 689 1382 regibus
712 1323 749 1365 er
765 1309 937 1367 auctoritate
954 1309 1092 1368 Romana.

91 1403 158 1447 raro
171 1386 259 1446 armis
269 1389 385 1464 nostris,
400 1388 517 1467 saepius
529 1389 651 1466 pecunia
663 1390 803 1466 iuvantur,
819 1407 874 1450 nec
884 1392 975 1449 minus
986 1390 1094 1449 ualent.

156 1471 208 1531 43.
230 1470 322 1531 Retro
336 1471 493 1549 Marsigni,
508 1470 622 1548 Cotini,
638 1471 699 1548 Osi,
713 1471 782 1532 lluri
796 1481 880 1550 terga
895 1473 1094 1534 Marcomano-

91 1571 153 1615 rum
168 1553 391 1635 Quadorumque
411 1556 555 1617 clauduul.
586 1575 603 1616 e
624 1555 727 1634 quibus
742 1555 881 1634 blarsigni
897 1565 926 1617 et
946 1555 1014 1616 Buri
1034 1575 1093 1616 ser·

90 1654 178 1697 mone
193 1637 328 1718 uultuque
345 1639 460 1700 Suebos
474 1641 620 1702 referunt:
644 1638 766 1701 (latinos
783 1639 911 1718 Gallica,
928 1640 1005 1700 Osos
1021 1639 1094 1700 Pan·

90 1722 196 1782 nonina
214 1722 311 1800 lingua
330 1726 463 1802 coarguit
480 1742 539 1785 noo
561 1720 628 1784 esse
648 1723 825 1803 Germanos,
847 1732 877 1786 et
896 1724 973 1803 quod
989 1723 1094 1785 tributa

89 1806 245 1885 patiuntur.
283 1818 394 1888 partem
417 1807 587 1869 tributorum
611 1809 775 1886 Sarmatae,
806 1818 916 1890 partem
946 1809 1037 1884 Quadi
1064 1816 1121 1868 utu

89 1890 262 1967 alienigenis
283 1893 445 1971 imponunt:
474 1891 587 1968 Cotini,
610 1911 669 1972 quo
683 1893 776 1971 magis
798 1893 920 1972 pudent,
942 1902 972 1954 et
986 1893 1094 1953 ierrum

89 1973 237 2034 effodiunt.
268 1993 427 2054 omnesque
444 1975 473 2035 bi
494 1974 596 2055 populi
613 1995 705 2055 panea
722 1978 941 2056 campestrium,
966 1986 1094 2037 ceterum

90 2056 183 2117 saltus
203 2066 233 2117 et
253 2059 380 2119 vertices
401 2060 538 2119 montium
561 2060 741 2138 [iugumque]
769 2060 946 2120 insederunt.
991 2060 1094 2119 dirimit

1 2186 2 2216 ι
90 2141 165 2200 enlm
191 2139 354 2218 scinditque
375 2141 511 2202 Suebiam
536 2143 701 2202 continuum
720 2143 855 2202 montium
875 2143 990 2220 iugum,
1019 2143 1093 2201 ultra

90 2223 167 2302 qnod
189 2223 330 2302 plurimae
347 2233 453 2302 gentes
474 2233 579 2302 agunt,
600 2244 641 2285 ex
663 2223 766 2304 quibus
786 2225 925 2286 latissime
940 2233 1020 2305 patet
1039 2224 1091 2285 bu·
1105 2241 1135 2282 ne

90 2309 204 2384 giorum
232 2311 336 2368 nomen
365 2310 393 2368 in
418 2309 674 2388 plures'civitates
702 2308 843 2369 diffusum.
881 2308 1095 2372 valentissimas

1 2423 2 2426 =
90 2391 257 2450 nominasse
274 2391 417 2469 sufficiet,
436 2392 559 2469 diarios,
579 2391 783 2469 Helveconas,
798 2393 957 2470 llanimos‚
972 2392 1093 2469 lilision,

88 2468 320 2536 Nabauarvalos.
351 2475 427 2555 apud
441 2475 661 2537 Nabanarvalos
683 2477 816 2554 antiquae
836 2476 989 2554 religionis
1011 2477 1094 2536 lucus

90 2557 261 2619 ostenditur.
292 2560 439 2638 praesidet
454 2560 594 2621 sacerdos
609 2558 743 2621 muliebri
762 2569 881 2637 ornatu,
899 2559 952 2620 sed
967 2561 1038 2620 deos
1053 2561 1093 2619 in·

88 2643 300 2720 terpretatione
314 2644 445 2706 Romana
461 2643 612 2705 Castorem
627 2643 835 2722 Pollucemque
850 2653 1023 2704 memorant.
1057 2661 1092 2704 ea
1104 2659 1130 2699 us

88 2727 274 2804 minuamini,
295 2745 400 2789 nomen
421 2728 514 2789 Alcis.
544 2727 623 2789 nulla
645 2726 815 2805 simulacra,
836 2727 944 2789 nullum
959 2729 1092 2807 peregri-

87 2827 145 2871 nae
164 2813 380 2889 superstitionis
400 2813 571 2890 restigium;
599 2821 631 2872 ut
649 2812 755 2872 iratres
782 2821 895 2888 tamen,
919 2820 949 2871 ut
971 2813 1092 2872 iuvenes

88 2903 272 2957 uenerantur.
302 2905 432 2958 ceterum
451 2896 531 2958 Harii
554 2911 644 2976 super
663 2895 757 2972 vires,
783 2896 888 2975 quibus
910 2902 1093 2957 enumeratos

88 2977 179 3057 paulo
194 2988 262 3041 ante
279 2982 409 3060 populos
424 2980 612 3055 antecedunt,
630 2989 728 3040 truces
742 2981 845 3040 insitae
860 2980 967 3040 feritati
980 2989 1042 3040 arte
1056 2997 1091 3038 ae

89 3072 224 3138 tempore
239 3063 456 3144 lenocinantur:
479 3065 564 3142 nigra
580 3074 676 3140 scuta,
692 3065 781 3123 tincta
797 3081 940 3142 corpora;
962 3071 1039 3123 atras
1053 3061 1091 3121 ad
1101 3077 1129 3118 no

1 3173 2 3190 ι
88 3143 203 3225 proelia
219 3156 325 3207 noctes
339 3146 441 3224 legunt
454 3148 577 3226 ipsaque
595 3146 749 3206 tormidine
763 3155 852 3226 atque
873 3145 972 3207 umbra
990 3143 1092 3205 ieralis
1153 3203 1159 3208 ,

88 3228 238 3289 exercitus
253 3238 396 3291 terrorem
411 3229 552 3306 inferunt,
573 3229 652 3290 nullo
667 3229 793 3292 hostiurn
808 3233 969 3290 sustinente
983 3243 1092 3288 norum

1 3356 2 3388 p
88 3330 126 3372 nc
138 3310 220 3372 velut
235 3311 376 3374 islernum
391 3313 577 3394 adspectum:
592 3331 657 3376 nam
671 3313 755 3394 primi
770 3313 799 3374 in
817 3314 950 3374 omnibus
968 3309 1095 3390 proellis

89 3394 168 3458 oculi
185 3395 344 3458 ιίιιοιιιιιιιι.

131 3499 220 3540 rncrrr
233 3501 304 3542 rnna
319 3503 346 3541 n.
647 3506 652 3514 ι
881 3481 919 3540 14
