2570 3878
434 171 540 220 uranu
555 171 602 222 vr.
618 172 695 221 cnr.
712 168 820 220 es-cs,
983 247 987 256 Ι
1041 159 1124 228 2173

116 327 257 392 (laeseris
272 327 362 388 literis
378 326 555 405 provinciam
576 325 673 386 sortiri
695 325 873 405 prohibitus:
892 325 1006 388 blaesis
1026 346 1124 390 sacer·

114 413 208 490 dotia,
224 414 336 490 integra
352 428 453 471 eorum
464 409 550 471 domo
567 408 718 490 destinata,
732 410 870 471 conuulsa
883 410 1043 490 distulerat,
1056 424 1125 476 tuuc

118 506 150 558 ut
170 512 263 558 vacua
283 494 403 558 contulit
423 495 452 554 in
473 494 565 570 alios,
594 494 672 573 quod
692 495 806 572 signum
828 495 928 555 mortis
950 495 1124 558 intellexere

116 590 149 643 et
164 580 296 640 exsecuti
310 588 384 641 sunt.
416 587 445 639 et
461 538 585 639 Aemilia
598 577 723 658 Lepida,
746 596 830 658 quarn
845 580 944 640 iurem
934 578 1051 642 Druso
1072 599 1122 642 nu·

104 673 196 744 'ptum
211 663 317 742 rettuli,
334 661 445 724 crebris
461 661 625 723 criminibus
640 664 771 724 maritum
781 663 922 724 insectatu
930 672 1158 747 ,quemquamst

117 746 301 826 intestabilis,
319 754 414 810 tamen
427 748 563 825 impunita
577 745 695 824 agebat,
727 745 792 807 dum
814 708 960 827 superfuit
971 757 1055 827 pater
1070 750 1122 811 Le·

115 831 218 912 pidus:
243 839 310 911 post
333 850 349 893 a
373 831 552 893 delatoribus
575 832 731 910 corripitur
754 830 792 891 ob
815 849 931 891 servum
953 831 1123 911 adulterum,

117 933 173 977 nec
192 914 375 988 dubitabatur
396 915 432 977 de
449 914 577 993 ilagitio:
608 931 682 992 ergo
706 915 812 976 omissa
839 915 1010 976 defensione
1038 918 1124 992 linem

116 1001 195 1061 ritae
210 999 266 1062 sibi
281 1001 388 1080 posuit.

180 1081 238 1146 41
257 1084 406 1146 Periclem
429 1093 541 1164 tempus
567 1083 705 1145 Clitarum
725 1085 804 1145 natio
822 1082 992 1164 Cappadoci
1011 1047 1123 1146 Arche·

115 1168 165 1230 lac
181 1165 322 1246 subiecta,
339 1169 405 1248 quia
420 1169 574 1228 uestrum
565 1186 593 1228 ru
607 1166 722 1228 modum
737 1166 854 1229 deterre
870 1185 985 1246 census,
1003 1170 1063 1248 pati
1075 1170 1123 1228 tri-

116 1251 186 1314 buta
203 1250 388 1330 adigebatur,
410 1253 439 1312 in
454 1253 522 1330 iuga
538 1251 638 1313 Tauri
645 1253 749 1313 montis
767 1251 912 1313 abscessit
932 1251 1123 1332 loeommque

116 1336 237 1414 ingenio
253 1353 321 1396 sese
337 1344 438 1397 contra
460 1336 595 1398 imbelles
614 1337 696 1413 regis
711 1336 821 1415 copias
841 1335 1000 1414 tutabatur,
1028 1336 1123 1399 donec

116 1420 155 1482 ll.
173 1418 337 1482 Trebellius
352 1419 482 1498 legatus,
504 1419 659 1482 aVitellic
674 1418 810 1498 praeside
825 1418 932 1488 ¹Suriae
956 1437 1019 1480 curn
1043 1423 1145 1500 quat-'⁵
1198 1463 1203 1474 .
1265 1505 1269 1512 ¹

114 1511 183 1565 tuor
198 1502 314 1564 milibus
327 1503 556 1581 legionariorum
577 1511 607 1564 et
627 1502 750 1563 delectis
774 1502 887 1564 auxiliis
908 1504 1028 1581 missus,
1050 1505 1124 1566 duos

114 1587 214 1664 collis,
232 1603 306 1667 quoa
321 1586 437 1650 barbari
453 1585 621 1648 insederant
637 1583 755 1666 (minori
771 1585 883 1664 Cadra,
908 1585 992 1648 alteri
1008 1587 1123 1649 Davara

115 1688 222 1734 nornen
237 1671 316 1750 est),
340 1670 479 1752 operibus
499 1670 689 1732 circumdedit
709 1678 740 1731 et
761 1684 914 1750 erumpere
929 1688 1017 1733 susos
1034 1671 1122 1751 ierro,

113 1764 236 1817 ceteros
252 1756 299 1815 siti
313 1754 349 1816 ed
360 1754 537 1817 deditionem
553 1754 662 1833 coegit.

179 1839 219 1899 At
234 1838 376 1900 Tiridates
392 1837 557 1901 volentibus
572 1837 685 1902 Parthis
694 1836 906 1917 Nicephorium
922 1848 952 1900 et
962 1821 1120 1901 Anthemu·
1133 1853 1158 1896 ιι

115 1923 196 1985 siada
211 1933 385 2003 ceterasque
401 1921 506 2001 urbes,
531 1939 605 2002 quae
620 1921 828 1984 Macedonibus
850 1924 922 1983 sitae
938 1921 1050 1984 Graeca
1070 1941 1121 1985 ro·

113 2007 220 2070 cabula
240 2015 396 2086 usurpant,
417 2005 578 2086 Halumque
609 2015 638 2068 et
663 2005 833 2067 Artemitam
860 2004 994 2068 Parthica
1015 2007 1123 2088 oppida

114 2092 240 2171 recepit,
262 2089 439 2154 certantibus
453 2090 561 2168 gaudio
577 2092 625 2170 qui
639 2088 815 2151 Artabanum
829 2089 954 2166 Scythas
968 2092 1042 2151 iuter
1053 2091 1122 2152 edu·

114 2184 192 2236 ctum
208 2175 246 2236 ob
263 2174 576 2252 saeuitiamexsecrati
599 2190 682 2236 come
698 2173 834 2235 Tiridatis
854 2173 1000 2251 ingenium
1017 2174 1121 2236 Rorna-

111 2278 167 2322 aas
184 2277 238 2340 per
253 2268 332 2321 artes
346 2257 512 2340 sperabant.
1131 2273 1155 2315 rs

177 2343 232 2408 42.
251 2343 405 2404 Plurimum
433 2341 605 2404 adulationis
627 2341 825 2404 Seleucenses
849 2342 982 2421 induere,
1012 2344 1144 2424 civitam
1157 2394 1284 2412 „m

112 2437 230 2509 potens,
248 2436 350 2508 saepta
367 2426 455 2488 muria
472 2442 571 2506 neque
584 2427 613 2486 iu
626 2426 780 2488 barbarum
801 2435 956 2506 corrupta,
979 2427 1031 2489 sed
1053 2445 1121 2490 oon-

112 2513 216 2574 ditoris
233 2511 351 2573 Seleuci
368 2512 506 2572 retinens.
539 2511 663 2571 trecenti
680 2511 785 2590 opibus
801 2520 849 2572 aut
860 2511 1002 2593 sapientia
1013 2511 1121 2574 delecti

112 2606 143 2658 ut
164 2604 299 2674 serratus,
323 2605 375 2656 sua
398 2595 508 2675 populo
527 2594 581 2655 vis.
624 2603 653 2655 et
683 2597 816 2674 quotiens
838 2594 1002 2679 concordes
1022 2605 1120 2675 agunt,

109 2681 260 2761 spernitur
273 2679 411 2742 Parthus:
433 2679 481 2740 ubi
503 2677 686 2757 dissensere,
712 2680 776 2741 dum
797 2679 853 2740 sibi
875 2667 998 2760 cuisque
1020 2689 1145 2744 contras
1214 2707 1220 2714 ·

109 2764 245 2828 aemulos
263 2764 421 2827 subsidium
433 2772 556 2842 vocant,
577 2764 719 2831 accitus
710 2783 739 2824 ιιι
759 2772 871 2848 partem
890 2763 1045 2826 aduersum
1062 2782 1120 2826 orn·

111 2867 165 2912 ces
191 2848 325 2911 valescit.
369 2847 398 2910 id
426 2865 520 2928 nuper
549 2848 699 2912 acciderat
721 2848 870 2910 Artabano
890 2858 1048 2928 regnante,
1074 2852 1121 2931 qui

111 2933 232 3035 plebem
247 2932 424 3013 primoribus
439 2932 555 2994 tradidit
570 2951 618 2993 ex
624 2950 677 2994 suo
691 2951 760 2995 usu.
776 2951 840 2994 narn
854 2933 956 3013 populi
970 2934 1121 3014 imperium

4 3089 5 3092 Ἴ
110 3019 192 3079 iaxta
207 3015 384 3095 libertatem,
395 3013 554 3097 paucorum
569 3016 735 3079 dominatio
727 3019 845 3096 regiae
867 3017 977 3079 libidini
997 3020 1122 3099 propior

110 3111 170 3163 est.
199 3110 257 3162 tum
272 3101 474 3164 adventantem
489 3099 636 3162 Tiridaten
650 3101 794 3163 extollunt
808 3109 939 3164 veterum
953 3120 1057 3181 regum
1068 3101 1118 3164 bc·
1108 3126 1151 3166 -ιι

1 3201 2 3226 ¹
111 3185 235 3248 rioribus
250 3195 280 3247 et
301 3202 376 3266 quos
397 3203 504 3247 reeens
524 3186 605 3247 aetas
625 3184 736 3264 largius
756 3186 879 3258 iuvenit;
903 3187 987 3248 sirnul
1011 3183 1118 3266 probra

111 3271 141 3331 in
159 3268 337 3332 Artabanum
351 3269 525 3347 fundebant,
550 3278 683 3332 materne
695 3271 808 3348 origine
821 3271 999 3346 Arsaciden,
1020 3277 1120 3330 cetera

110 3354 303 3434 degenerem.
341 3349 484 3418 Tiridates
497 3371 570 3414 rem
594 3353 804 3416 Seleucensem
831 3355 942 3434 populo
972 3350 1119 3432 permittit.

113 3456 182 3500 mox
203 3438 389 3518 consultans,
417 3455 541 3518 quonam
569 3436 615 3499 die
644 3439 796 3502 sollemnia
827 3438 911 3515 regni
939 3442 1119 3514 capesseret.
