2568 3870
181 207 241 271 128
396 215 559 266 connum
577 213 695 281 uncrrr
711 209 952 260 meromnnuu
1068 286 1075 293 .

180 375 270 454 equiti
292 372 399 453 pedes,
429 371 588 448 excepere.
626 375 782 446 pugnatum
797 362 874 424 haud
890 363 995 442 procul
1018 361 1090 420 urbe
1111 361 1190 420 inter

181 458 314 520 aedilicia
329 457 488 531 hortosque
512 461 541 511 et
559 450 707 510 anfractus
732 448 859 523 maram,
886 464 962 525 qnae
983 463 1074 522 gnara
1094 443 1190 504 Vitel-

181 544 280 618 lianis,
304 543 477 617 inconperta
498 534 632 596 hostibus
659 541 766 594 metum
791 532 935 592 fecerant.
970 543 1075 608 neque
1094 529 1191 588 omnis

148 645 172 686 so
182 644 273 706 eques
288 641 431 698 concors,
448 619 590 682 adiunctis
602 616 772 697 quibusdam
789 615 838 695 qni
853 631 947 692 nuper
961 614 1038 694 apud
1048 611 1190 673 Narniam

181 706 268 772 dediti
292 708 435 768 loctunam
465 705 588 784 partium
612 699 848 781 speculabantur.
879 698 992 778 capitur
1016 697 1191 778 praefectus

180 795 245 855 alne
271 791 361 852 lulius
386 789 558 855 Flavianum
576 787 667 846 ceteri
685 784 773 845 loeda
789 783 860 860 luga
876 789 1114 858 consternantur,
1130 795 1193 838 non

170 877 256 955 ultra
271 876 397 937 Fidenas
414 872 522 932 secutis
538 869 710 930 victoribus.

244 959 295 1022 80.
317 959 362 1018 Εο
386 974 524 1018 successu
549 954 642 1014 studia
662 953 764 1033 populi
792 959 891 1020 ancta;
921 950 1027 1028 volgus
1050 953 1193 1010 urbanum

184 1062 261 1104 arma
282 1046 370 1120 cepit.
406 1039 506 1119 paucis
522 1045 603 1099 scuta
617 1036 770 1114 militaria,
791 1035 892 1115 plures
915 1037 1007 1113 raptis
1029 1033 1107 1113 qnod
1129 1038 1192 1095 cui·

184 1146 240 1205 que
259 1124 375 1185 obvium
392 1123 460 1184 telis
475 1124 588 1200 signum
610 1139 727 1201 pugnae
743 1126 915 1200 exposcunt.
944 1119 1006 1196 agit
1023 1126 1123 1196 grates
1138 1118 1193 1179 Vi·

184 1210 280 1270 tellius
296 1218 326 1268 et
341 1209 377 1270 ad
392 1207 526 1268 tuendam
542 1205 643 1266 urbem
661 1221 854 1285 prorumpere
870 1202 959 1262 iubet.
997 1219 1067 1262 mox
1082 1213 1194 1265 vocato

161 1303 287 1354 sseuatu
298 1292 467 1370 deliguntur
481 1291 571 1368 legati
585 1289 622 1350 ad
638 1290 802 1366 exercitus,
818 1296 849 1348 ut
863 1294 1018 1367 praetexto
1037 1286 1082 1346 rei
1096 1285 1191 1367 publi-

185 1397 238 1439 cae
256 1375 620 1456 concordiampaoemqne
643 1373 809 1434 suaderent.
846 1372 926 1432 varia
947 1370 1110 1448 legatorum
1125 1389 1192 1432 sors

184 1464 246 1523 luit.
286 1463 334 1542 qui
349 1461 454 1522 Petilio
483 1459 591 1520 Ceriali
618 1466 822 1532 occurrerant,
849 1463 1007 1515 extremum
1035 1454 1192 1516 discrimen

185 1547 302 1622 adiere,
319 1553 493 1625 aspernante
503 1543 592 1603 milite
605 1541 796 1602 condiciones
808 1540 900 1619 pacis.
925 1538 1095 1600 vulneratur
1105 1557 1191 1620 prae·

186 1641 232 1689 tor
247 1629 392 1689 Arulenus
408 1628 559 1688 Rusticus:
584 1627 663 1688 auxit
677 1625 812 1686 invidiam
836 1641 927 1703 super
940 1623 1080 1684 violatum
1100 1624 1194 1701 legati

151 1727 176 1768 ro
186 1714 388 1793 praetorisque
404 1729 508 1771 nomen
526 1712 645 1791 propria
660 1709 787 1788 dignatio
802 1707 866 1767 riri.
896 1706 1046 1786 pulsantur
1058 1709 1193 1784 comites,

186 1796 329 1858 occiditur
344 1796 494 1875 proximus
508 1795 612 1870 lictor,
629 1794 777 1855 dimovere
793 1791 905 1852 turbam
919 1807 1021 1870 ausus:
1037 1799 1068 1851 et
1081 1791 1111 1851 ui
1123 1791 1193 1852 dato

126 1947 131 1953 ,
185 1879 290 1940 educe
307 1879 455 1960 praesidio
477 1879 590 1940 delensi
603 1879 715 1956 lorent,
739 1894 853 1938 sacrum
875 1877 961 1939 etiam
983 1877 1058 1935 iuter
1073 1884 1195 1935 exteras

184 1972 291 2042 gentes
306 1963 468 2042 legatorum
484 1964 528 2023 ius
547 1972 613 2022 ante
632 1964 698 2043 ipsa
715 1963 827 2042 patriae
839 1960 954 2021 moenia
978 1958 1071 2019 civilis
1092 1959 1194 2020 rabies

184 2066 277 2126 usque
295 2049 324 2108 in
342 2049 459 2107 exitium
469 2055 650 2108 temerasset.
680 2044 866 2126 aequioribus
879 2043 980 2103 animis
994 2043 1111 2122 accepti
1127 2053 1195 2103 sunt

151 2135 235 2212 requi
254 2131 290 2192 ed
307 2131 464 2192 Antonium
484 2130 641 2209 venerant,
663 2148 721 2192 uon
747 2131 813 2210 quia
834 2125 993 2186 modestior
1015 2127 1115 2204 miles,
1138 2127 1194 2187 sed

186 2217 252 2275 duci
269 2216 335 2295 plus
351 2216 541 2278 auctoritatis.

249 2299 301 2361 81.
322 2298 481 2359 bliscuerat
502 2315 534 2356 se
555 2296 661 2374 legatis
683 2294 832 2357 blusonius
852 2294 944 2355 llurlus
974 2295 1120 2374 equestris
1144 2311 1194 2355 or-

185 2381 278 2460 dinis,
295 2380 419 2442 studium
435 2379 639 2461 philosophiae
655 2388 685 2440 et
706 2379 814 2460 placita
830 2380 995 2440 Stoicorum
1016 2377 1192 2450 aemulatum

187 2465 405 2546 coeptabatque
417 2465 577 2546 permixtus
586 2464 755 2543 manipulis,
771 2462 849 2542 bona
860 2463 944 2543 pacis
960 2481 995 2524 ac
1005 2461 1077 2523 belli
1090 2463 1193 2523 discri-

186 2550 262 2610 mina
278 2550 442 2627 disserens,
461 2557 586 2610 armatos
600 2565 732 2609 monere.
762 2546 793 2608 id
804 2547 955 2628 plerisque
968 2546 1110 2624 ludibrio,
1127 2547 1192 2629 plu·
1260 2613 1261 2622 ,

159 2632 265 2694 tribus
282 2633 394 2712 taedio:
418 2652 474 2694 nec
489 2633 609 2694 deerant
623 2634 671 2712 qui
687 2631 890 2712 propellerent
912 2630 1192 2712 proculcarentque,
1260 2643 1261 2676 l

123 2773 125 2777 Α
186 2719 214 2777 ui
229 2715 375 2778 admonitu
389 2717 593 2778 modestissimi
609 2717 748 2796 cuiusque
770 2725 799 2776 et
820 2715 884 2776 aliis
903 2715 1097 2776 minitantibus
1120 2719 1190 2777 omi·
1260 2761 1261 2800 3

187 2803 273 2861 sisset
293 2802 526 2880 intempestivam
547 2801 726 2879 sapientiam.
765 2799 869 2862 obviae
892 2799 977 2860 'inere
1004 2809 1033 2860 et
1060 2801 1192 2879 virgines
1260 2801 1261 2810 ’

186 2885 325 2945 Vestales
343 2903 405 2945 cum
430 2885 563 2964 epistulis
582 2882 692 2944 Vitellii
712 2885 748 2945 ad
770 2883 925 2944 Antonium
946 2885 1080 2963 scriptis:
1104 2885 1192 2945 enimi

188 2986 324 3048 supremo
343 2971 492 3030 certamini
507 2987 591 3029 unum
605 2967 679 3030 diem
692 2967 875 3048 postulabat:
897 2969 922 3028 si
946 2985 1056 3030 moram
1073 2970 1190 3029 interie-

153 3069 177 3112 uo
190 3053 314 3129 cissent,
329 3052 446 3124 ,lucilius
462 3054 556 3114 omnia
573 3062 761 3114 conventura.
789 3054 920 3130 uirgines
941 3071 1005 3112 curn
1019 3053 1133 3114 honore
1148 3053 1191 3113 di·

187 3137 308 3207 missam
324 3135 445 3197 Vitellio
464 3139 636 3216 rescriptum
647 3136 745 3198 Sabini
759 3135 849 3199 caede
861 3145 891 3196 et
903 3135 1038 3198 incendio
1052 3135 1190 3216 Capitolii

187 3218 328 3299 dirempta
343 3219 412 3281 belli
428 3220 611 3282 commercia.

250 3301 300 3363 82.
324 3303 487 3385 Temptavit
511 3313 605 3366 tamen
634 3305 776 3365 Antonius
806 3313 924 3365 vocatas
956 3304 992 3366 ad
1024 3305 1188 3364 contionem

189 3382 323 3458 legiones
337 3388 488 3464 mitigare,
512 3397 544 3448 ut
564 3389 666 3448 castris
687 3389 903 3467 iuxtapoutem
924 3386 1061 3448 llulrinm
1083 3389 1189 3466 positis
1260 3405 1261 3410 ¹

189 3474 307 3538 postera
319 3468 366 3526 die
383 3470 484 3530 urbem
501 3471 732 3550 ingrederentur.
760 3474 833 3533 ratio
857 3471 1023 3546 cunctandi,
1044 3488 1081 3531 nc
1101 3489 1187 3551 aspe·
