2570 3878
423 138 824 198 mnuRw.cA1>.17-ta.
1062 139 1123 202 '163

116 303 267 379 terantur,
279 301 328 363 uhi
338 295 478 364 lluitantia
492 302 815 383 autripisadpulsanon
825 307 1123 386 cremarequisqnsm,

77 417 80 422 ¹
117 403 175 449 non
190 389 371 465 coningere.
402 387 593 449 interciderat
610 389 698 448 sortis
717 388 859 452 humanae
875 393 1078 452 commercium
1093 391 1124 451 vi

113 480 218 550 metus,
235 481 430 550 quantumque
444 473 566 534 saevitis
582 471 899 556 glisceretmiseratic
916 474 1079 538 arcebatur.

177 555 232 618 20.
251 555 311 617 Sub
328 555 405 616 idem
420 565 534 636 tompus
554 555 641 620 Gaius
657 555 784 637 caesa,
806 558 967 621 discedenti
984 558 1116 638 Capreas

4 693 5 700 ,
113 659 170 703 avo
187 657 298 717 comcs,
312 638 476 718 Claudiam,
491 641 530 704 ll.
548 640 638 702 Silari
653 641 754 721 liliam,
771 643 909 721 coniugio
924 645 1056 723 accepit,
1071 646 1121 703 im·

4 735 5 744 ’
111 743 227 788 manem
249 726 372 786 animam
393 724 519 786 subdola
540 725 683 787 modestia
706 735 827 804 tegens,
856 744 914 788 non
939 727 1121 808 damnatione

110 811 222 888 matris,
237 827 296 871 non
311 809 402 870 exitio
418 810 537 880 tremum
550 818 636 888 rupta
649 826 741 880 vcce;
764 810 879 889 qualem
893 811 968 874 dem
988 804 1126 874 Tiberini

110 895 263 972 induisset,
279 894 343 974 pari
355 892 465 972 habitu,
480 892 555 956 haud
571 893 689 956 multum
709 894 880 958 distantibus
900 895 1009 958 vcrbls.
1044 894 1144 956 untes

109 995 181 1060 mom
192 981 296 1040 scitum
307 977 439 1040 Passieni
451 978 576 1040 oratoris
590 977 695 1040 (lichum
707 979 900 1059 percrebruit,
914 999 1009 1060 neque
1021 979 1121 1042 melio·

70 1115 73 1122 ,
108 1081 175 1124 rem
194 1079 330 1142 mmam
344 1077 462 1124 murum
475 1079 572 1141 neque
587 1061 763 1124 deteriorem
777 1062 920 1126 dominam
934 1063 1035 1128 luisse.

175 1146 245 1208 Non
260 1147 407 1210 omiserim
429 1147 614 1226 praesagium
634 1144 744 1208 liberii
764 1146 802 1208 de
824 1148 929 1210 Seruio
950 1147 1042 1212 (luiba
1062 1157 1121 1210 tum

110 1232 252 1302 consule;
269 1249 354 1310 quem
370 1233 494 1294 accitum
509 1239 538 1291 et
552 1229 678 1292 diversis
698 1232 880 1294 sermonibus
897 1240 1128 1312 pertemptatum-

108 1325 266 1398 postremo
285 1315 409 1377 Graecis
428 1313 526 1377 verbis
548 1315 577 1374 in
605 1314 679 1376 hanc
704 1318 876 1380 sententiam
900 1316 1052 1379 adlocutus
1074 1323 1155 1378 actm

107 1406 162 1462 ‘et
185 1410 233 1478 tu,
254 1399 362 1476 Galba,
385 1399 560 1479 quandoque
581 1397 750 1477 degustabis
768 1401 946 1479 nuperius?
968 1417 1064 1462 seram
1085 1418 1121 1461 ac

106 1487 234 1548 brevem
260 1484 419 1565 potentiam
447 1484 631 1561 significans,
655 1484 777 1546 solantia
805 1482 1016 1546 Chaldaeorum
1041 1485 1121 1562 artis,

107 1572 195 1633 cuius
210 1567 390 1648 apiscendae
406 1569 495 1628 otium
510 1567 586 1648 apud
599 1567 744 1645 Rhodum,
758 1569 927 1647 magistrum
938 1567 1121 1630 Thrasullum

105 1654 222 1730 hahuit,
237 1654 371 1734 peritiam
386 1653 448 1712 eins
464 1651 522 1711 hoc
534 1651 622 1713 modo
637 1661 788 1733 expertus.

173 1734 228 1799 21.
250 1737 393 1812 Quotiens
411 1754 500 1816 suuper
514 1735 564 1797 tali
579 1737 699 1814 negotio
716 1737 909 1815 consultaret,
926 1737 1005 1799 edita
1019 1737 1122 1798 domus

1 1887 2 1890 ,
106 1831 196 1906 parte
211 1839 249 1882 ac
263 1821 361 1882 liberti
378 1822 460 1882 unius
476 1821 655 1882 conscientia
672 1820 813 1884 utebatur.
841 1821 1029 1884 inliteratum
1040 1822 1119 1900 igna-

105 1926 170 1985 rus,
188 1923 320 1988 corpore,
332 1904 449 1982 valido,
468 1923 522 1985 per
537 1907 601 1966 arie
617 1923 653 1966 ac
669 1905 791 1985 derupta
814 1908 895 1985 (nam
918 1907 997 1968 saxis
1018 1905 1120 1967 domus

105 1991 255 2070 imminet)
272 1988 407 2070 praeibat
420 2006 496 2068 eum,
513 1990 594 2050 ouius
610 1999 701 2050 artem
716 1992 847 2071 experiri
857 1989 992 2052 liberius
1004 1991 1120 2052 statuis-

107 2086 166 2155 set,
187 2085 218 2136 ct
229 2074 465 2154 regredientem,
486 2074 511 2134 si
526 2075 660 2136 sanitatis
674 2083 723 2136 aut
737 2075 868 2136 fraudum
883 2076 1013 2156 suspicio
1023 2076 1143 2135 incas-s

107 2170 200 2238 serat,
216 2162 245 2220 in
260 2158 422 2220 subiectum
436 2175 517 2219 mare
534 2158 763 2238 praecipitabat,
789 2178 827 2220 ne
851 2159 940 2220 index
954 2160 1052 2220 moeni
1069 2175 1119 2218 ox·

106 2246 239 2308 sisteret.
268 2243 358 2322 igitur
373 2241 544 2304 Thrasullus
558 2242 651 2303 isdem
672 2242 793 2322 rupibus
813 2243 945 2304 inductas
967 2252 1121 2323 postquam

106 2337 335 2414 percontantem
357 2336 564 2405 commoverat,
580 2327 732 2407 imperium
748 2328 804 2409 ipsi
819 2338 850 2388 et
870 2329 963 2390 lutura
982 2327 1121 2388 sollerter

108 2415 310 2498 patefaciens,
325 2409 523 2490 interrogatur
544 2429 580 2472 an
601 2429 681 2473 suam
703 2428 822 2491 quoque
843 2413 1001 2491 genitalem
1019 2411 1121 2472 horam

109 2500 323 2579 comperisset,
348 2513 434 2576 quem
450 2505 509 2556 tum
528 2513 648 2574 annum,
671 2496 786 2576 qualem
807 2496 882 2558 dem
903 2496 1035 2558 haberet.
1068 2494 1118 2555 ille
1131 2512 1158 2552 uo

109 2585 225 2665 positus
239 2582 366 2644 siderum
380 2597 417 2641 ac
432 2581 525 2660 spatia
540 2579 685 2640 dimensus
700 2580 823 2642 haerere
849 2581 956 2662 primo,
980 2580 1047 2642 dein
1069 2597 1120 2658 pa·

107 2685 247 2746 vescere,
267 2677 296 2728 et
312 2669 448 2745 quanmni
464 2666 686 2745 introspiceret,
711 2665 806 2744 magis
824 2684 859 2727 ac
879 2667 973 2744 magis
990 2663 1120 2744 trepidus

107 2753 307 2816 admirationis
323 2759 353 2812 et
367 2759 477 2826 metus,
494 2759 644 2828 postremo
660 2749 804 2811 exclamat
822 2749 986 2828 ambiguum
1007 2749 1064 2809 sibi
1086 2767 1122 2810 ao

108 2855 206 2919 prope
228 2837 356 2896 ultimum
380 2833 535 2895 discrimen
557 2835 675 2895 instare.
716 2842 774 2893 tum
798 2833 970 2914 complexus
990 2853 1053 2924 eurp
1073 2831 1129 2908 li,

106 2922 209 2983 herius
229 2920 393 3000 praesciam
414 2917 613 2997 periculorum
633 2926 662 2978 et
688 2916 865 2979 incolumem
888 2918 955 2980 lore
978 2927 1120 2998 gratatur,
1131 2938 1157 2978 us

107 3024 245 3088 quaeque
265 3003 378 3067 dixerat
405 3002 498 3064 oracli
519 3003 586 3064 rice
607 3001 758 3082 accipiens
775 3003 851 3065 inter
875 3004 992 3065 intimos
1012 3004 1121 3064 amico·

105 3109 172 3152 rum
191 3099 280 3150 tenet.

169 3172 225 3237 22.
249 3172 308 3235 Sed
329 3170 397 3232 mihi
418 3170 493 3232 haec
511 3190 549 3234 ac
574 3173 642 3234 talia
661 3171 786 3234 audienti
807 3175 836 3234 in
852 3175 966 3236 incerto
982 3171 1118 3234 iudicium

107 3269 165 3338 est,
179 3262 279 3322 latone
298 3273 349 3318 res
368 3255 530 3317 mortalium
551 3268 580 3318 et
600 3258 778 3320 necessitate
796 3258 965 3320 immutabili
984 3274 1021 3316 an
1041 3255 1119 3314 torte

106 3344 273 3407 volvantur.
313 3341 424 3421 qnippe
449 3342 683 3420 sapientissimos
711 3351 844 3404 veterum
872 3344 980 3421 quique
1008 3346 1119 3398 sectam

109 3444 214 3492 eorum
228 3426 408 3490 aemulantur
423 3422 561 3517 diversos
581 3426 731 3508 reperias,
753 3444 789 3488 ac
810 3425 1034 3568 multi1s¹ipsitam
1055 3419 1118 3498 opi·
