<?xml version="1.0" encoding="UTF-8"?>
<!DOCTYPE html PUBLIC "-//W3C//DTD XHTML 1.0 Transitional//EN"
    "http://www.w3.org/TR/xhtml1/DTD/xhtml1-transitional.dtd">
<html xmlns="http://www.w3.org/1999/xhtml" xml:lang="en" lang="en">
 <head>
  <title>
</title>
<meta http-equiv="Content-Type" content="text/html;charset=utf-8" />
  <meta name='ocr-system' content='tesseract 3.04.00' />
  <meta name='ocr-capabilities' content='ocr_page ocr_carea ocr_par ocr_line ocrx_word'/>
</head>
<body>
  <div class='ocr_page' id='page_1' title='image "./libriquisupersu02tacigoog/libriquisupersu02tacigoog_0274.png"; bbox 0 0 2570 3878; ppageno 0'>
   <div class='ocr_carea' id='block_1_1' title="bbox 410 153 1125 240">
    <p class='ocr_par' dir='ltr' id='par_1_1' title="bbox 410 153 1125 240">
     <span class='ocr_line' id='line_1_1' title="bbox 410 153 1125 240; baseline 0.008 -34"><span class='ocrx_word' id='word_1_1' title='bbox 410 158 516 206; x_wconf 79' lang='lat' dir='ltr'><strong>nunno</strong></span> <span class='ocrx_word' id='word_1_2' title='bbox 535 161 594 240; x_wconf 74' lang='lat' dir='ltr'><strong>xm.</strong></span> <span class='ocrx_word' id='word_1_3' title='bbox 619 161 694 208; x_wconf 79' lang='lat' dir='ltr'><strong>cur.</strong></span> <span class='ocrx_word' id='word_1_4' title='bbox 710 159 831 214; x_wconf 75' lang='lat'><strong>44-48.</strong></span> <span class='ocrx_word' id='word_1_5' title='bbox 1064 153 1125 212; x_wconf 83' lang='lat'><strong>215</strong></span> 
     </span>
    </p>
   </div>
   <div class='ocr_carea' id='block_1_2' title="bbox 121 310 1275 650">
    <p class='ocr_par' dir='ltr' id='par_1_2' title="bbox 121 310 1127 483">
     <span class='ocr_line' id='line_1_2' title="bbox 121 310 1127 399; baseline 0.008 -27"><span class='ocrx_word' id='word_1_6' title='bbox 121 312 267 389; x_wconf 74' lang='lat' dir='ltr'><strong>cognitam</strong></span> <span class='ocrx_word' id='word_1_7' title='bbox 288 310 490 374; x_wconf 73' lang='lat' dir='ltr'><strong>Armeniorum</strong></span> <span class='ocrx_word' id='word_1_8' title='bbox 516 315 680 394; x_wconf 81' lang='lat' dir='ltr'><strong>perfidiam,</strong></span> <span class='ocrx_word' id='word_1_9' title='bbox 710 335 770 379; x_wconf 71' lang='lat' dir='ltr'><strong>nee,</strong></span> <span class='ocrx_word' id='word_1_10' title='bbox 791 315 868 378; x_wconf 87' lang='lat' dir='ltr'><strong>aliud</strong></span> <span class='ocrx_word' id='word_1_11' title='bbox 893 315 1013 378; x_wconf 83' lang='lat' dir='ltr'>subsidii</span> <span class='ocrx_word' id='word_1_12' title='bbox 1041 337 1127 399; x_wconf 85' lang='lat' dir='ltr'><strong>quam</strong></span> 
     </span>
     <span class='ocr_line' id='line_1_3' title="bbox 126 399 1118 483; baseline 0.008 -25"><span class='ocrx_word' id='word_1_13' title='bbox 126 399 277 459; x_wconf 89' lang='lat' dir='ltr'><strong>castellum</strong></span> <span class='ocrx_word' id='word_1_14' title='bbox 286 409 445 460; x_wconf 90' lang='lat' dir='ltr'><strong>commeatu</strong></span> <span class='ocrx_word' id='word_1_15' title='bbox 458 419 596 478; x_wconf 81' lang='lat' dir='ltr'><strong>egenum:</strong></span> <span class='ocrx_word' id='word_1_16' title='bbox 615 419 652 462; x_wconf 89' lang='lat' dir='ltr'><strong>oe</strong></span> <span class='ocrx_word' id='word_1_17' title='bbox 663 401 748 462; x_wconf 90' lang='lat' dir='ltr'><strong>dubia</strong></span> <span class='ocrx_word' id='word_1_18' title='bbox 760 410 874 464; x_wconf 89' lang='lat' dir='ltr'><strong>tentare</strong></span> <span class='ocrx_word' id='word_1_19' title='bbox 885 407 970 464; x_wconf 88' lang='lat' dir='ltr'><strong>armis</strong></span> <span class='ocrx_word' id='word_1_20' title='bbox 983 423 1065 483; x_wconf 88' lang='lat' dir='ltr'><strong>quam</strong></span> <span class='ocrx_word' id='word_1_21' title='bbox 1076 409 1118 465; x_wconf 92' lang='lat' dir='ltr'><strong>in·</strong></span> 
     </span>
    </p>

    <p class='ocr_par' dir='ltr' id='par_1_3' title="bbox 127 473 1275 650">
     <span class='ocr_line' id='line_1_4' title="bbox 127 473 1275 572; baseline 0.008 -30"><span class='ocrx_word' id='word_1_22' title='bbox 127 490 263 542; x_wconf 88' lang='lat' dir='ltr'><strong>cruentas</strong></span> <span class='ocrx_word' id='word_1_23' title='bbox 276 483 464 545; x_wconf 79' lang='lat' dir='ltr'>condiciones</span> <span class='ocrx_word' id='word_1_24' title='bbox 473 485 580 546; x_wconf 90' lang='lat' dir='ltr'><strong>mallet.</strong></span> <span class='ocrx_word' id='word_1_25' title='bbox 600 493 752 546; x_wconf 77' lang='lat' dir='ltr'>cunctante</span> <span class='ocrx_word' id='word_1_26' title='bbox 762 482 797 547; x_wconf 83' lang='lat' dir='ltr'><strong>ad</strong></span> <span class='ocrx_word' id='word_1_27' title='bbox 806 505 840 547; x_wconf 89' lang='lat' dir='ltr'><strong>ea</strong></span> <span class='ocrx_word' id='word_1_28' title='bbox 848 473 1015 549; x_wconf 79' lang='lat' dir='ltr'><strong>Mithridate</strong></span> <span class='ocrx_word' id='word_1_29' title='bbox 1031 497 1060 550; x_wconf 90' lang='lat' dir='ltr'><strong>et</strong></span> <span class='ocrx_word' id='word_1_30' title='bbox 1073 509 1118 550; x_wconf 92' lang='lat' dir='ltr'><strong>su·</strong></span> <span class='ocrx_word' id='word_1_31' title='bbox 1271 563 1275 572; x_wconf 13' lang='grc' dir='ltr'><em>ὁ</em></span> 
     </span>
     <span class='ocr_line' id='line_1_5' title="bbox 127 566 1165 650; baseline 0.006 -24"><span class='ocrx_word' id='word_1_32' title='bbox 127 567 239 644; x_wconf 89' lang='lat' dir='ltr'><strong>spectis</strong></span> <span class='ocrx_word' id='word_1_33' title='bbox 251 566 393 644; x_wconf 84' lang='lat' dir='ltr'><strong>praelecti</strong></span> <span class='ocrx_word' id='word_1_34' title='bbox 406 568 547 646; x_wconf 88' lang='lat' dir='ltr'><strong>consiliis,</strong></span> <span class='ocrx_word' id='word_1_35' title='bbox 561 569 638 647; x_wconf 90' lang='lat' dir='ltr'><strong>quod</strong></span> <span class='ocrx_word' id='word_1_36' title='bbox 648 569 790 647; x_wconf 81' lang='lat' dir='ltr'><strong>paelicem</strong></span> <span class='ocrx_word' id='word_1_37' title='bbox 800 573 909 648; x_wconf 81' lang='lat' dir='ltr'><strong>regiam</strong></span> <span class='ocrx_word' id='word_1_38' title='bbox 921 571 1064 650; x_wconf 89' lang='lat' dir='ltr'><strong>polluerat</strong></span> <span class='ocrx_word' id='word_1_39' title='bbox 1076 575 1117 633; x_wconf 84' lang='lat' dir='ltr'><strong>tn·</strong></span> <span class='ocrx_word' id='word_1_40' title='bbox 1140 589 1165 632; x_wconf 85' lang='lat' dir='ltr'><strong>ro</strong></span> 
     </span>
    </p>
   </div>
   <div class='ocr_carea' id='block_1_3' title="bbox 10 649 1118 732">
    <p class='ocr_par' dir='ltr' id='par_1_4' title="bbox 10 649 1118 732">
     <span class='ocr_line' id='line_1_6' title="bbox 10 649 1118 732; baseline 0.011 -28"><span class='ocrx_word' id='word_1_41' title='bbox 10 684 19 704; x_wconf 77' lang='grc'><em>,</em></span> <span class='ocrx_word' id='word_1_42' title='bbox 127 667 185 726; x_wconf 87' lang='lat' dir='ltr'><strong>que</strong></span> <span class='ocrx_word' id='word_1_43' title='bbox 202 665 314 710; x_wconf 89' lang='lat' dir='ltr'><strong>omnem</strong></span> <span class='ocrx_word' id='word_1_44' title='bbox 323 649 471 712; x_wconf 92' lang='lat' dir='ltr'><strong>libidinem</strong></span> <span class='ocrx_word' id='word_1_45' title='bbox 483 653 594 714; x_wconf 89' lang='lat' dir='ltr'><strong>venalis</strong></span> <span class='ocrx_word' id='word_1_46' title='bbox 609 653 781 729; x_wconf 77' lang='lat' dir='ltr'><strong>habebatur,</strong></span> <span class='ocrx_word' id='word_1_47' title='bbox 795 652 951 732; x_wconf 82' lang='lat' dir='ltr'><strong>Casperius</strong></span> <span class='ocrx_word' id='word_1_48' title='bbox 962 657 1118 716; x_wconf 91' lang='lat' dir='ltr'><strong>interimad</strong></span> 
     </span>
    </p>
   </div>
   <div class='ocr_carea' id='block_1_4' title="bbox 124 726 1128 820">
    <p class='ocr_par' dir='ltr' id='par_1_5' title="bbox 124 726 1128 820">
     <span class='ocr_line' id='line_1_7' title="bbox 124 726 1128 820; baseline 0.007 -24"><span class='ocrx_word' id='word_1_49' title='bbox 124 736 337 796; x_wconf 89' lang='lat' dir='ltr'><strong>Pharasmanen</strong></span> <span class='ocrx_word' id='word_1_50' title='bbox 352 733 500 814; x_wconf 84' lang='lat' dir='ltr'><strong>pervadit,</strong></span> <span class='ocrx_word' id='word_1_51' title='bbox 521 744 609 814; x_wconf 87' lang='lat' dir='ltr'><strong>utque</strong></span> <span class='ocrx_word' id='word_1_52' title='bbox 622 735 722 797; x_wconf 86' lang='lat' dir='ltr'><strong>Hiberi</strong></span> <span class='ocrx_word' id='word_1_53' title='bbox 744 737 857 799; x_wconf 93' lang='lat' dir='ltr'><strong>obsidio</strong></span> <span class='ocrx_word' id='word_1_54' title='bbox 873 726 1016 801; x_wconf 73' lang='lat' dir='ltr'><strong>decedant</strong></span> <span class='ocrx_word' id='word_1_55' title='bbox 1037 758 1128 820; x_wconf 82' lang='lat' dir='ltr'><strong>expo·</strong></span> 
     </span>
    </p>
   </div>
   <div class='ocr_carea' id='block_1_5' title="bbox 10 815 1129 903">
    <p class='ocr_par' dir='ltr' id='par_1_6' title="bbox 10 815 1129 903">
     <span class='ocr_line' id='line_1_8' title="bbox 10 815 1129 903; baseline 0.007 -26"><span class='ocrx_word' id='word_1_56' title='bbox 10 815 14 832; x_wconf 75' lang='lat'><strong>¹</strong></span> <span class='ocrx_word' id='word_1_57' title='bbox 124 818 221 880; x_wconf 93' lang='lat' dir='ltr'><strong>stulat.</strong></span> <span class='ocrx_word' id='word_1_58' title='bbox 236 861 238 865; x_wconf 88' lang='lat'>-</span> <span class='ocrx_word' id='word_1_59' title='bbox 253 818 303 878; x_wconf 91' lang='lat' dir='ltr'><strong>ille</strong></span> <span class='ocrx_word' id='word_1_60' title='bbox 319 818 471 898; x_wconf 85' lang='lat' dir='ltr'><strong>propalam</strong></span> <span class='ocrx_word' id='word_1_61' title='bbox 485 820 597 882; x_wconf 89' lang='lat' dir='ltr'><strong>incerta</strong></span> <span class='ocrx_word' id='word_1_62' title='bbox 616 829 645 880; x_wconf 92' lang='lat' dir='ltr'><strong>et</strong></span> <span class='ocrx_word' id='word_1_63' title='bbox 657 823 773 900; x_wconf 89' lang='lat' dir='ltr'><strong>saepius</strong></span> <span class='ocrx_word' id='word_1_64' title='bbox 786 822 921 884; x_wconf 87' lang='lat' dir='ltr'><strong>molliora</strong></span> <span class='ocrx_word' id='word_1_65' title='bbox 933 824 1129 903; x_wconf 89' lang='lat' dir='ltr'><strong>respondens,</strong></span> 
     </span>
    </p>
   </div>
   <div class='ocr_carea' id='block_1_6' title="bbox 122 901 1275 2836">
    <p class='ocr_par' dir='ltr' id='par_1_7' title="bbox 123 901 1163 1324">
     <span class='ocr_line' id='line_1_9' title="bbox 124 901 1129 988; baseline 0.003 -24"><span class='ocrx_word' id='word_1_66' title='bbox 124 903 249 964; x_wconf 89' lang='lat' dir='ltr'><strong>secretis</strong></span> <span class='ocrx_word' id='word_1_67' title='bbox 272 903 376 962; x_wconf 91' lang='lat' dir='ltr'><strong>nuntiis</strong></span> <span class='ocrx_word' id='word_1_68' title='bbox 405 912 504 965; x_wconf 91' lang='lat' dir='ltr'><strong>monet</strong></span> <span class='ocrx_word' id='word_1_69' title='bbox 523 901 716 966; x_wconf 79' lang='lat' dir='ltr'><strong>Radamistum</strong></span> <span class='ocrx_word' id='word_1_70' title='bbox 737 905 984 985; x_wconf 83' lang='lat' dir='ltr'><strong>obpugnationem</strong></span> <span class='ocrx_word' id='word_1_71' title='bbox 1014 925 1129 988; x_wconf 87' lang='lat' dir='ltr'><strong>quoquo</strong></span> 
     </span>
     <span class='ocr_line' id='line_1_10' title="bbox 123 985 1163 1069; baseline 0.002 -21"><span class='ocrx_word' id='word_1_72' title='bbox 123 986 210 1048; x_wconf 91' lang='lat' dir='ltr'><strong>modo</strong></span> <span class='ocrx_word' id='word_1_73' title='bbox 224 985 365 1048; x_wconf 89' lang='lat' dir='ltr'><strong>celerare.</strong></span> <span class='ocrx_word' id='word_1_74' title='bbox 387 997 508 1066; x_wconf 78' lang='lat' dir='ltr'><strong>augetur</strong></span> <span class='ocrx_word' id='word_1_75' title='bbox 520 987 621 1067; x_wconf 75' lang='lat' dir='ltr'><strong>flagitii</strong></span> <span class='ocrx_word' id='word_1_76' title='bbox 637 1008 762 1069; x_wconf 91' lang='lat' dir='ltr'><strong>merces,</strong></span> <span class='ocrx_word' id='word_1_77' title='bbox 780 1001 808 1051; x_wconf 91' lang='lat' dir='ltr'><strong>et</strong></span> <span class='ocrx_word' id='word_1_78' title='bbox 823 990 916 1052; x_wconf 89' lang='lat' dir='ltr'><strong>Pollio</strong></span> <span class='ocrx_word' id='word_1_79' title='bbox 930 993 1045 1053; x_wconf 89' lang='lat' dir='ltr'><strong>occulta</strong></span> <span class='ocrx_word' id='word_1_80' title='bbox 1062 1010 1127 1052; x_wconf 90' lang='lat' dir='ltr'><strong>cor·</strong></span> <span class='ocrx_word' id='word_1_81' title='bbox 1139 1009 1163 1050; x_wconf 80' lang='lat' dir='ltr'><strong>aa</strong></span> 
     </span>
     <span class='ocr_line' id='line_1_11' title="bbox 123 1070 1130 1157; baseline 0.004 -25"><span class='ocrx_word' id='word_1_82' title='bbox 123 1072 259 1150; x_wconf 90' lang='lat' dir='ltr'><strong>ruptione</strong></span> <span class='ocrx_word' id='word_1_83' title='bbox 274 1070 386 1153; x_wconf 88' lang='lat' dir='ltr'><strong>inpellit</strong></span> <span class='ocrx_word' id='word_1_84' title='bbox 398 1071 521 1151; x_wconf 90' lang='lat' dir='ltr'><strong>milites,</strong></span> <span class='ocrx_word' id='word_1_85' title='bbox 543 1082 573 1133; x_wconf 93' lang='lat' dir='ltr'><strong>ut</strong></span> <span class='ocrx_word' id='word_1_86' title='bbox 594 1092 696 1154; x_wconf 92' lang='lat' dir='ltr'><strong>pacem</strong></span> <span class='ocrx_word' id='word_1_87' title='bbox 720 1074 884 1153; x_wconf 73' lang='lat' dir='ltr'><strong>flagitarent</strong></span> <span class='ocrx_word' id='word_1_88' title='bbox 906 1094 998 1156; x_wconf 87' lang='lat' dir='ltr'><strong>seque</strong></span> <span class='ocrx_word' id='word_1_89' title='bbox 1022 1077 1130 1157; x_wconf 90' lang='lat' dir='ltr'><strong>praesi-</strong></span> 
     </span>
     <span class='ocr_line' id='line_1_12' title="bbox 124 1155 1132 1238; baseline 0.004 -22"><span class='ocrx_word' id='word_1_90' title='bbox 124 1155 200 1216; x_wconf 88' lang='lat' dir='ltr'><strong>dium</strong></span> <span class='ocrx_word' id='word_1_91' title='bbox 228 1155 389 1216; x_wconf 89' lang='lat' dir='ltr'><strong>omissuros</strong></span> <span class='ocrx_word' id='word_1_92' title='bbox 415 1157 620 1219; x_wconf 87' lang='lat' dir='ltr'><strong>minitarentur.</strong></span> <span class='ocrx_word' id='word_1_93' title='bbox 663 1177 718 1238; x_wconf 85' lang='lat' dir='ltr'><strong>qua</strong></span> <span class='ocrx_word' id='word_1_94' title='bbox 745 1160 921 1222; x_wconf 87' lang='lat' dir='ltr'><strong>necessitate</strong></span> <span class='ocrx_word' id='word_1_95' title='bbox 951 1161 1132 1222; x_wconf 77' lang='lat' dir='ltr'><strong>Mithridates</strong></span> 
     </span>
     <span class='ocr_line' id='line_1_13' title="bbox 124 1238 1002 1324; baseline 0.005 -24"><span class='ocrx_word' id='word_1_96' title='bbox 124 1239 200 1300; x_wconf 89' lang='lat' dir='ltr'><strong>diem</strong></span> <span class='ocrx_word' id='word_1_97' title='bbox 215 1238 371 1320; x_wconf 90' lang='lat' dir='ltr'><strong>locumque</strong></span> <span class='ocrx_word' id='word_1_98' title='bbox 385 1239 498 1302; x_wconf 82' lang='lat' dir='ltr'><strong>foederi</strong></span> <span class='ocrx_word' id='word_1_99' title='bbox 515 1243 631 1322; x_wconf 88' lang='lat' dir='ltr'><strong>accepit</strong></span> <span class='ocrx_word' id='word_1_100' title='bbox 647 1243 829 1324; x_wconf 88' lang='lat' dir='ltr'><strong>castelloque</strong></span> <span class='ocrx_word' id='word_1_101' title='bbox 844 1243 1002 1322; x_wconf 74' lang='lat' dir='ltr'><strong>egreditur.</strong></span> 
     </span>
    </p>

    <p class='ocr_par' dir='ltr' id='par_1_8' title="bbox 122 1321 1275 2836">
     <span class='ocr_line' id='line_1_14' title="bbox 186 1321 1267 1406; baseline 0.005 -21"><span class='ocrx_word' id='word_1_102' title='bbox 186 1326 238 1385; x_wconf 87' lang='grc'><strong>47.</strong></span> <span class='ocrx_word' id='word_1_103' title='bbox 266 1321 311 1384; x_wconf 80' lang='lat' dir='ltr'><strong>Aa</strong></span> <span class='ocrx_word' id='word_1_104' title='bbox 335 1324 427 1404; x_wconf 81' lang='lat' dir='ltr'><strong>primo</strong></span> <span class='ocrx_word' id='word_1_105' title='bbox 448 1324 633 1387; x_wconf 82' lang='lat' dir='ltr'><strong>Radamistus</strong></span> <span class='ocrx_word' id='word_1_106' title='bbox 652 1327 680 1387; x_wconf 88' lang='lat' dir='ltr'><strong>in</strong></span> <span class='ocrx_word' id='word_1_107' title='bbox 701 1327 853 1406; x_wconf 87' lang='lat' dir='ltr'><strong>amplexus</strong></span> <span class='ocrx_word' id='word_1_108' title='bbox 876 1329 937 1389; x_wconf 90' lang='lat' dir='ltr'><strong>eius</strong></span> <span class='ocrx_word' id='word_1_109' title='bbox 960 1329 1068 1390; x_wconf 80' lang='lat' dir='ltr'><strong>alfusus</strong></span> <span class='ocrx_word' id='word_1_110' title='bbox 1093 1330 1267 1389; x_wconf 55' lang='lat' dir='ltr'><strong>siv-0⁹*</strong></span> 
     </span>
     <span class='ocr_line' id='line_1_15' title="bbox 123 1406 1130 1491; baseline 0.001 -21"><span class='ocrx_word' id='word_1_111' title='bbox 123 1407 233 1470; x_wconf 90' lang='lat' dir='ltr'><strong>mulare</strong></span> <span class='ocrx_word' id='word_1_112' title='bbox 253 1406 439 1488; x_wconf 86' lang='lat' dir='ltr'><strong>obsequium,</strong></span> <span class='ocrx_word' id='word_1_113' title='bbox 462 1425 595 1472; x_wconf 88' lang='lat' dir='ltr'><strong>socerum</strong></span> <span class='ocrx_word' id='word_1_114' title='bbox 616 1428 651 1471; x_wconf 89' lang='lat' dir='ltr'><strong>ac</strong></span> <span class='ocrx_word' id='word_1_115' title='bbox 674 1420 822 1491; x_wconf 89' lang='lat' dir='ltr'><strong>parentem</strong></span> <span class='ocrx_word' id='word_1_116' title='bbox 847 1411 1013 1491; x_wconf 87' lang='lat' dir='ltr'><strong>appellare;</strong></span> <span class='ocrx_word' id='word_1_117' title='bbox 1043 1412 1130 1473; x_wconf 88' lang='lat' dir='ltr'><strong>adicit</strong></span> 
     </span>
     <span class='ocr_line' id='line_1_16' title="bbox 123 1491 1129 1576; baseline 0 -21"><span class='ocrx_word' id='word_1_118' title='bbox 123 1492 168 1555; x_wconf 90' lang='lat' dir='ltr'><strong>ius</strong></span> <span class='ocrx_word' id='word_1_119' title='bbox 189 1491 355 1572; x_wconf 90' lang='lat' dir='ltr'><strong>iurandum,</strong></span> <span class='ocrx_word' id='word_1_120' title='bbox 376 1509 435 1554; x_wconf 90' lang='lat' dir='ltr'><strong>non</strong></span> <span class='ocrx_word' id='word_1_121' title='bbox 450 1493 546 1572; x_wconf 82' lang='lat' dir='ltr'><strong>ferro,</strong></span> <span class='ocrx_word' id='word_1_122' title='bbox 567 1511 626 1554; x_wconf 88' lang='lat' dir='ltr'><strong>non</strong></span> <span class='ocrx_word' id='word_1_123' title='bbox 639 1513 754 1576; x_wconf 79' lang='lat' dir='ltr'><strong>veneno</strong></span> <span class='ocrx_word' id='word_1_124' title='bbox 770 1497 827 1556; x_wconf 85' lang='lat' dir='ltr'><strong>uim</strong></span> <span class='ocrx_word' id='word_1_125' title='bbox 847 1495 1014 1556; x_wconf 86' lang='lat' dir='ltr'><strong>adlaturum.</strong></span> <span class='ocrx_word' id='word_1_126' title='bbox 1046 1495 1129 1557; x_wconf 91' lang='lat' dir='ltr'><strong>simul</strong></span> 
     </span>
     <span class='ocr_line' id='line_1_17' title="bbox 122 1576 1130 1658; baseline 0.001 -20"><span class='ocrx_word' id='word_1_127' title='bbox 122 1576 262 1638; x_wconf 87' lang='lat' dir='ltr'><strong>inlocum</strong></span> <span class='ocrx_word' id='word_1_128' title='bbox 278 1577 470 1657; x_wconf 88' lang='lat' dir='ltr'><strong>propinquum</strong></span> <span class='ocrx_word' id='word_1_129' title='bbox 486 1578 586 1657; x_wconf 89' lang='lat' dir='ltr'><strong>trahit,</strong></span> <span class='ocrx_word' id='word_1_130' title='bbox 609 1580 757 1658; x_wconf 87' lang='lat' dir='ltr'><strong>prouisum</strong></span> <span class='ocrx_word' id='word_1_131' title='bbox 772 1580 833 1640; x_wconf 92' lang='lat' dir='ltr'><strong>illic</strong></span> <span class='ocrx_word' id='word_1_132' title='bbox 848 1580 984 1640; x_wconf 83' lang='lat' dir='ltr'><strong>sacrificii</strong></span> <span class='ocrx_word' id='word_1_133' title='bbox 1000 1588 1130 1658; x_wconf 90' lang='lat' dir='ltr'><strong>paratum</strong></span> 
     </span>
     <span class='ocr_line' id='line_1_18' title="bbox 123 1660 1153 1741; baseline 0.002 -19"><span class='ocrx_word' id='word_1_134' title='bbox 123 1662 274 1738; x_wconf 86' lang='lat' dir='ltr'><strong>dictitans,</strong></span> <span class='ocrx_word' id='word_1_135' title='bbox 303 1669 333 1720; x_wconf 91' lang='lat' dir='ltr'><strong>nt</strong></span> <span class='ocrx_word' id='word_1_136' title='bbox 353 1661 397 1722; x_wconf 90' lang='lat' dir='ltr'><strong>dis</strong></span> <span class='ocrx_word' id='word_1_137' title='bbox 418 1660 539 1738; x_wconf 82' lang='lat' dir='ltr'><strong>testibus</strong></span> <span class='ocrx_word' id='word_1_138' title='bbox 564 1679 622 1741; x_wconf 87' lang='lat' dir='ltr'><strong>pax</strong></span> <span class='ocrx_word' id='word_1_139' title='bbox 644 1665 815 1725; x_wconf 83' lang='lat' dir='ltr'><strong>firmaretur.</strong></span> <span class='ocrx_word' id='word_1_140' title='bbox 847 1681 911 1724; x_wconf 90' lang='lat' dir='ltr'><strong>mos</strong></span> <span class='ocrx_word' id='word_1_141' title='bbox 934 1673 980 1724; x_wconf 89' lang='lat' dir='ltr'><strong>est</strong></span> <span class='ocrx_word' id='word_1_142' title='bbox 997 1663 1153 1741; x_wconf 78' lang='lat' dir='ltr'><strong>regibus,s</strong></span> 
     </span>
     <span class='ocr_line' id='line_1_19' title="bbox 123 1745 1129 1828; baseline 0 -22"><span class='ocrx_word' id='word_1_143' title='bbox 123 1745 259 1826; x_wconf 87' lang='lat' dir='ltr'><strong>quotiens</strong></span> <span class='ocrx_word' id='word_1_144' title='bbox 273 1745 302 1804; x_wconf 86' lang='lat' dir='ltr'><strong>in</strong></span> <span class='ocrx_word' id='word_1_145' title='bbox 317 1746 485 1806; x_wconf 87' lang='lat' dir='ltr'><strong>societatem</strong></span> <span class='ocrx_word' id='word_1_146' title='bbox 500 1756 621 1825; x_wconf 90' lang='lat' dir='ltr'><strong>coeant,</strong></span> <span class='ocrx_word' id='word_1_147' title='bbox 645 1747 795 1827; x_wconf 88' lang='lat' dir='ltr'><strong>implicare</strong></span> <span class='ocrx_word' id='word_1_148' title='bbox 811 1748 928 1809; x_wconf 86' lang='lat' dir='ltr'><strong>dextms</strong></span> <span class='ocrx_word' id='word_1_149' title='bbox 946 1747 1129 1828; x_wconf 87' lang='lat' dir='ltr'><strong>pollicesque</strong></span> 
     </span>
     <span class='ocr_line' id='line_1_20' title="bbox 122 1828 1130 1914; baseline 0.001 -26"><span class='ocrx_word' id='word_1_150' title='bbox 122 1829 199 1890; x_wconf 90' lang='lat' dir='ltr'><strong>inter</strong></span> <span class='ocrx_word' id='word_1_151' title='bbox 218 1847 252 1890; x_wconf 87' lang='lat' dir='ltr'><strong>se</strong></span> <span class='ocrx_word' id='word_1_152' title='bbox 268 1829 378 1889; x_wconf 88' lang='lat' dir='ltr'><strong>vincire</strong></span> <span class='ocrx_word' id='word_1_153' title='bbox 393 1828 530 1908; x_wconf 89' lang='lat' dir='ltr'><strong>nodoque</strong></span> <span class='ocrx_word' id='word_1_154' title='bbox 547 1834 781 1914; x_wconf 75' lang='lat' dir='ltr'><strong>praestringere:</strong></span> <span class='ocrx_word' id='word_1_155' title='bbox 804 1849 872 1892; x_wconf 81' lang='lat' dir='ltr'><strong>mox</strong></span> <span class='ocrx_word' id='word_1_156' title='bbox 893 1830 941 1892; x_wconf 96' lang='lat' dir='ltr'><strong>ubi</strong></span> <span class='ocrx_word' id='word_1_157' title='bbox 960 1832 1078 1910; x_wconf 80' lang='lat' dir='ltr'><strong>sanguis</strong></span> <span class='ocrx_word' id='word_1_158' title='bbox 1101 1832 1130 1890; x_wconf 88' lang='lat' dir='ltr'><strong>in</strong></span> 
     </span>
     <span class='ocr_line' id='line_1_21' title="bbox 122 1913 1130 1994; baseline -0.001 -18"><span class='ocrx_word' id='word_1_159' title='bbox 122 1923 201 1976; x_wconf 89' lang='lat' dir='ltr'><strong>artus</strong></span> <span class='ocrx_word' id='word_1_160' title='bbox 216 1931 251 1973; x_wconf 84' lang='lat' dir='ltr'><strong>se</strong></span> <span class='ocrx_word' id='word_1_161' title='bbox 268 1922 415 1987; x_wconf 78' lang='lat' dir='ltr'><strong>extremos</strong></span> <span class='ocrx_word' id='word_1_162' title='bbox 430 1913 592 1992; x_wconf 78' lang='lat' dir='ltr'><strong>suffuderit,</strong></span> <span class='ocrx_word' id='word_1_163' title='bbox 606 1915 665 1977; x_wconf 85' lang='lat' dir='ltr'><strong>levi</strong></span> <span class='ocrx_word' id='word_1_164' title='bbox 682 1917 740 1977; x_wconf 90' lang='lat' dir='ltr'><strong>ictu</strong></span> <span class='ocrx_word' id='word_1_165' title='bbox 760 1933 893 1977; x_wconf 89' lang='lat' dir='ltr'><strong>cruorem</strong></span> <span class='ocrx_word' id='word_1_166' title='bbox 909 1915 1028 1993; x_wconf 89' lang='lat' dir='ltr'><strong>eliciunt</strong></span> <span class='ocrx_word' id='word_1_167' title='bbox 1043 1924 1130 1994; x_wconf 88' lang='lat' dir='ltr'><strong>atque</strong></span> 
     </span>
     <span class='ocr_line' id='line_1_22' title="bbox 122 1995 1129 2079; baseline -0.003 -19"><span class='ocrx_word' id='word_1_168' title='bbox 122 1999 248 2060; x_wconf 88' lang='lat' dir='ltr'><strong>invicem</strong></span> <span class='ocrx_word' id='word_1_169' title='bbox 268 1995 405 2058; x_wconf 89' lang='lat' dir='ltr'><strong>lambunt.</strong></span> <span class='ocrx_word' id='word_1_170' title='bbox 444 1997 473 2058; x_wconf 93' lang='lat' dir='ltr'><strong>id</strong></span> <span class='ocrx_word' id='word_1_171' title='bbox 493 1997 597 2059; x_wconf 81' lang='lat' dir='ltr'><strong>foedus</strong></span> <span class='ocrx_word' id='word_1_172' title='bbox 619 2017 752 2061; x_wconf 90' lang='lat' dir='ltr'><strong>arcanum</strong></span> <span class='ocrx_word' id='word_1_173' title='bbox 774 2000 897 2061; x_wconf 91' lang='lat' dir='ltr'><strong>habetur</strong></span> <span class='ocrx_word' id='word_1_174' title='bbox 921 2002 1003 2079; x_wconf 85' lang='lat' dir='ltr'><strong>quasi</strong></span> <span class='ocrx_word' id='word_1_175' title='bbox 1032 2008 1129 2060; x_wconf 93' lang='lat' dir='ltr'><strong>mntuo</strong></span> 
     </span>
     <span class='ocr_line' id='line_1_23' title="bbox 124 2081 1275 2162; baseline 0.003 -18"><span class='ocrx_word' id='word_1_176' title='bbox 124 2099 230 2144; x_wconf 89' lang='lat' dir='ltr'><strong>cruore</strong></span> <span class='ocrx_word' id='word_1_177' title='bbox 249 2089 402 2142; x_wconf 88' lang='lat' dir='ltr'><strong>sacratum.</strong></span> <span class='ocrx_word' id='word_1_178' title='bbox 432 2081 485 2144; x_wconf 88' lang='lat' dir='ltr'><strong>sed</strong></span> <span class='ocrx_word' id='word_1_179' title='bbox 505 2089 572 2142; x_wconf 92' lang='lat' dir='ltr'><strong>tunc</strong></span> <span class='ocrx_word' id='word_1_180' title='bbox 595 2084 642 2162; x_wconf 89' lang='lat' dir='ltr'><strong>qui</strong></span> <span class='ocrx_word' id='word_1_181' title='bbox 664 2101 700 2145; x_wconf 90' lang='lat' dir='ltr'><strong>ea</strong></span> <span class='ocrx_word' id='word_1_182' title='bbox 721 2083 817 2145; x_wconf 85' lang='lat' dir='ltr'><strong>vincla</strong></span> <span class='ocrx_word' id='word_1_183' title='bbox 837 2084 1027 2161; x_wconf 90' lang='lat' dir='ltr'><strong>admovebat,</strong></span> <span class='ocrx_word' id='word_1_184' title='bbox 1050 2082 1127 2142; x_wconf 90' lang='lat' dir='ltr'><strong>deci·</strong></span> <span class='ocrx_word' id='word_1_185' title='bbox 1140 2102 1164 2143; x_wconf 82' lang='grc' dir='ltr'><strong>ιο</strong></span> <span class='ocrx_word' id='word_1_186' title='bbox 1274 2145 1275 2148; x_wconf 74' lang='grc'>,</span> 
     </span>
     <span class='ocr_line' id='line_1_24' title="bbox 125 2164 1129 2248; baseline -0.002 -20"><span class='ocrx_word' id='word_1_187' title='bbox 125 2167 203 2228; x_wconf 88' lang='lat' dir='ltr'><strong>disse</strong></span> <span class='ocrx_word' id='word_1_188' title='bbox 219 2165 356 2226; x_wconf 84' lang='lat' dir='ltr'><strong>simulans</strong></span> <span class='ocrx_word' id='word_1_189' title='bbox 371 2183 465 2242; x_wconf 74' lang='lat' dir='ltr'><strong>genua</strong></span> <span class='ocrx_word' id='word_1_190' title='bbox 477 2164 648 2227; x_wconf 89' lang='lat' dir='ltr'><strong>blitbridatis</strong></span> <span class='ocrx_word' id='word_1_191' title='bbox 664 2168 771 2229; x_wconf 83' lang='lat' dir='ltr'><strong>invadit</strong></span> <span class='ocrx_word' id='word_1_192' title='bbox 787 2169 937 2248; x_wconf 88' lang='lat' dir='ltr'><strong>ipsumque</strong></span> <span class='ocrx_word' id='word_1_193' title='bbox 954 2167 1129 2246; x_wconf 86' lang='lat' dir='ltr'><strong>prosternit;</strong></span> 
     </span>
     <span class='ocr_line' id='line_1_25' title="bbox 123 2249 1130 2329; baseline -0.004 -16"><span class='ocrx_word' id='word_1_194' title='bbox 123 2249 266 2329; x_wconf 85' lang='lat' dir='ltr'><strong>simulque</strong></span> <span class='ocrx_word' id='word_1_195' title='bbox 288 2267 431 2310; x_wconf 86' lang='lat' dir='ltr'><strong>concursu</strong></span> <span class='ocrx_word' id='word_1_196' title='bbox 450 2249 572 2328; x_wconf 91' lang='lat' dir='ltr'><strong>plurium</strong></span> <span class='ocrx_word' id='word_1_197' title='bbox 587 2251 740 2312; x_wconf 83' lang='lat' dir='ltr'><strong>iniciuntur</strong></span> <span class='ocrx_word' id='word_1_198' title='bbox 756 2261 886 2312; x_wconf 87' lang='lat' dir='ltr'><strong>catenae.</strong></span> <span class='ocrx_word' id='word_1_199' title='bbox 918 2269 954 2310; x_wconf 89' lang='lat' dir='ltr'><strong>ac</strong></span> <span class='ocrx_word' id='word_1_200' title='bbox 975 2249 1130 2329; x_wconf 88' lang='lat' dir='ltr'><strong>compede,</strong></span> 
     </span>
     <span class='ocr_line' id='line_1_26' title="bbox 123 2332 1130 2416; baseline -0.004 -20"><span class='ocrx_word' id='word_1_201' title='bbox 123 2335 201 2416; x_wconf 85' lang='lat' dir='ltr'><strong>quod</strong></span> <span class='ocrx_word' id='word_1_202' title='bbox 220 2333 395 2395; x_wconf 90' lang='lat' dir='ltr'><strong>dedecorum</strong></span> <span class='ocrx_word' id='word_1_203' title='bbox 414 2332 554 2411; x_wconf 86' lang='lat' dir='ltr'><strong>barbaris,</strong></span> <span class='ocrx_word' id='word_1_204' title='bbox 573 2334 752 2406; x_wconf 84' lang='lat' dir='ltr'><strong>tralrebatnr;</strong></span> <span class='ocrx_word' id='word_1_205' title='bbox 768 2353 837 2396; x_wconf 85' lang='lat' dir='ltr'><strong>mox</strong></span> <span class='ocrx_word' id='word_1_206' title='bbox 854 2335 921 2415; x_wconf 88' lang='lat' dir='ltr'><strong>qnia</strong></span> <span class='ocrx_word' id='word_1_207' title='bbox 937 2334 1043 2413; x_wconf 80' lang='lat' dir='ltr'><strong>vulgus</strong></span> <span class='ocrx_word' id='word_1_208' title='bbox 1058 2334 1130 2395; x_wconf 93' lang='lat' dir='ltr'><strong>duro</strong></span> 
     </span>
     <span class='ocr_line' id='line_1_27' title="bbox 124 2416 1129 2501; baseline -0.004 -20"><span class='ocrx_word' id='word_1_209' title='bbox 124 2419 248 2501; x_wconf 89' lang='lat' dir='ltr'><strong>imperio&#39;</strong></span> <span class='ocrx_word' id='word_1_210' title='bbox 262 2417 399 2496; x_wconf 90' lang='lat' dir='ltr'><strong>habitum,</strong></span> <span class='ocrx_word' id='word_1_211' title='bbox 415 2416 523 2497; x_wconf 89' lang='lat' dir='ltr'><strong>probra</strong></span> <span class='ocrx_word' id='word_1_212' title='bbox 540 2436 574 2478; x_wconf 91' lang='lat' dir='ltr'><strong>ao</strong></span> <span class='ocrx_word' id='word_1_213' title='bbox 588 2419 712 2481; x_wconf 87' lang='lat' dir='ltr'><strong>verbera</strong></span> <span class='ocrx_word' id='word_1_214' title='bbox 727 2419 896 2480; x_wconf 87' lang='lat' dir='ltr'><strong>intentabat.</strong></span> <span class='ocrx_word' id='word_1_215' title='bbox 922 2428 951 2480; x_wconf 89' lang='lat' dir='ltr'><strong>et</strong></span> <span class='ocrx_word' id='word_1_216' title='bbox 967 2426 1050 2479; x_wconf 88' lang='lat' dir='ltr'><strong>arant</strong></span> <span class='ocrx_word' id='word_1_217' title='bbox 1062 2435 1129 2478; x_wconf 89' lang='lat' dir='ltr'><strong>oon·</strong></span> 
     </span>
     <span class='ocr_line' id='line_1_28' title="bbox 123 2501 1164 2582; baseline -0.01 -17"><span class='ocrx_word' id='word_1_218' title='bbox 123 2513 167 2566; x_wconf 90' lang='lat' dir='ltr'><strong>tra</strong></span> <span class='ocrx_word' id='word_1_219' title='bbox 184 2505 231 2582; x_wconf 84' lang='lat' dir='ltr'><strong>qui</strong></span> <span class='ocrx_word' id='word_1_220' title='bbox 250 2511 356 2564; x_wconf 90' lang='lat' dir='ltr'><strong>tantam</strong></span> <span class='ocrx_word' id='word_1_221' title='bbox 379 2501 512 2564; x_wconf 82' lang='lat' dir='ltr'><strong>fortunae</strong></span> <span class='ocrx_word' id='word_1_222' title='bbox 533 2504 782 2564; x_wconf 84' lang='lat' dir='ltr'><strong>cominutationem</strong></span> <span class='ocrx_word' id='word_1_223' title='bbox 798 2504 1018 2573; x_wconf 87' lang='lat' dir='ltr'><strong>miserarentur;</strong></span> <span class='ocrx_word' id='word_1_224' title='bbox 1044 2519 1127 2562; x_wconf 92' lang='lat' dir='ltr'><strong>secu·</strong></span> <span class='ocrx_word' id='word_1_225' title='bbox 1141 2514 1164 2556; x_wconf 80' lang='lat' dir='ltr'><strong>rs</strong></span> 
     </span>
     <span class='ocr_line' id='line_1_29' title="bbox 124 2585 1130 2668; baseline -0.006 -17"><span class='ocrx_word' id='word_1_226' title='bbox 124 2599 210 2668; x_wconf 86' lang='lat' dir='ltr'><strong>taque</strong></span> <span class='ocrx_word' id='word_1_227' title='bbox 233 2605 295 2648; x_wconf 91' lang='lat' dir='ltr'><strong>cum</strong></span> <span class='ocrx_word' id='word_1_228' title='bbox 317 2586 414 2667; x_wconf 85' lang='lat' dir='ltr'><strong>parvis</strong></span> <span class='ocrx_word' id='word_1_229' title='bbox 435 2585 536 2648; x_wconf 88' lang='lat' dir='ltr'><strong>liberis</strong></span> <span class='ocrx_word' id='word_1_230' title='bbox 560 2589 685 2648; x_wconf 85' lang='lat' dir='ltr'><strong>coniunx</strong></span> <span class='ocrx_word' id='word_1_231' title='bbox 710 2596 812 2650; x_wconf 89' lang='lat' dir='ltr'><strong>cuncta</strong></span> <span class='ocrx_word' id='word_1_232' title='bbox 826 2587 1030 2649; x_wconf 88' lang='lat' dir='ltr'><strong>lamentatione</strong></span> <span class='ocrx_word' id='word_1_233' title='bbox 1053 2603 1130 2646; x_wconf 90' lang='lat' dir='ltr'><strong>com·</strong></span> 
     </span>
     <span class='ocr_line' id='line_1_30' title="bbox 125 2669 1130 2754; baseline -0.003 -21"><span class='ocrx_word' id='word_1_234' title='bbox 125 2671 234 2754; x_wconf 88' lang='lat' dir='ltr'><strong>plebat.</strong></span> <span class='ocrx_word' id='word_1_235' title='bbox 264 2670 390 2733; x_wconf 85' lang='lat' dir='ltr'><strong>dirersis</strong></span> <span class='ocrx_word' id='word_1_236' title='bbox 413 2679 441 2732; x_wconf 89' lang='lat' dir='ltr'><strong>et</strong></span> <span class='ocrx_word' id='word_1_237' title='bbox 464 2672 607 2732; x_wconf 88' lang='lat' dir='ltr'><strong>contectis</strong></span> <span class='ocrx_word' id='word_1_238' title='bbox 633 2671 773 2732; x_wconf 87' lang='lat' dir='ltr'><strong>vehiculis</strong></span> <span class='ocrx_word' id='word_1_239' title='bbox 794 2671 952 2747; x_wconf 89' lang='lat' dir='ltr'><strong>abduntur,</strong></span> <span class='ocrx_word' id='word_1_240' title='bbox 978 2670 1042 2731; x_wconf 90' lang='lat' dir='ltr'><strong>dum</strong></span> <span class='ocrx_word' id='word_1_241' title='bbox 1057 2669 1130 2730; x_wconf 83' lang='lat' dir='ltr'><strong>Plia-</strong></span> 
     </span>
     <span class='ocr_line' id='line_1_31' title="bbox 123 2753 1130 2836; baseline -0.005 -17"><span class='ocrx_word' id='word_1_242' title='bbox 123 2758 264 2819; x_wconf 89' lang='lat' dir='ltr'><strong>rasmanis</strong></span> <span class='ocrx_word' id='word_1_243' title='bbox 279 2756 357 2817; x_wconf 87' lang='lat' dir='ltr'><strong>iussa</strong></span> <span class='ocrx_word' id='word_1_244' title='bbox 373 2753 604 2834; x_wconf 82' lang='lat' dir='ltr'><strong>exquirerentur.</strong></span> <span class='ocrx_word' id='word_1_245' title='bbox 635 2754 677 2817; x_wconf 94' lang='lat' dir='ltr'><strong>illi</strong></span> <span class='ocrx_word' id='word_1_246' title='bbox 693 2756 798 2836; x_wconf 90' lang='lat' dir='ltr'><strong>cupido</strong></span> <span class='ocrx_word' id='word_1_247' title='bbox 814 2755 898 2834; x_wconf 82' lang='lat' dir='ltr'><strong>regui</strong></span> <span class='ocrx_word' id='word_1_248' title='bbox 915 2755 1005 2816; x_wconf 84' lang='lat' dir='ltr'><strong>tratre</strong></span> <span class='ocrx_word' id='word_1_249' title='bbox 1028 2763 1057 2815; x_wconf 93' lang='lat' dir='ltr'><strong>et</strong></span> <span class='ocrx_word' id='word_1_250' title='bbox 1073 2753 1130 2814; x_wconf 90' lang='lat' dir='ltr'><strong>lilia</strong></span> 
     </span>
    </p>
   </div>
   <div class='ocr_carea' id='block_1_7' title="bbox 10 2837 1128 2923">
    <p class='ocr_par' dir='ltr' id='par_1_9' title="bbox 10 2837 1128 2923">
     <span class='ocr_line' id='line_1_32' title="bbox 10 2837 1128 2923; baseline -0.007 -19"><span class='ocrx_word' id='word_1_251' title='bbox 10 2843 11 2876; x_wconf 68' lang='lat'>³</span> <span class='ocrx_word' id='word_1_252' title='bbox 124 2843 223 2923; x_wconf 92' lang='lat' dir='ltr'><strong>potior</strong></span> <span class='ocrx_word' id='word_1_253' title='bbox 237 2840 405 2920; x_wconf 85' lang='lat' dir='ltr'><strong>animusque</strong></span> <span class='ocrx_word' id='word_1_254' title='bbox 423 2838 586 2900; x_wconf 84' lang='lat' dir='ltr'><strong>sceleribus</strong></span> <span class='ocrx_word' id='word_1_255' title='bbox 599 2848 732 2920; x_wconf 68' lang='lat' dir='ltr'><strong>paratum</strong></span> <span class='ocrx_word' id='word_1_256' title='bbox 756 2840 831 2900; x_wconf 89' lang='lat' dir='ltr'><strong>visui</strong></span> <span class='ocrx_word' id='word_1_257' title='bbox 854 2847 949 2901; x_wconf 89' lang='lat' dir='ltr'><strong>tamen</strong></span> <span class='ocrx_word' id='word_1_258' title='bbox 974 2837 1128 2913; x_wconf 81' lang='lat' dir='ltr'><strong>corisulnit,</strong></span> 
     </span>
    </p>
   </div>
   <div class='ocr_carea' id='block_1_8' title="bbox 123 2919 1165 3003">
    <p class='ocr_par' dir='ltr' id='par_1_10' title="bbox 123 2919 1165 3003">
     <span class='ocr_line' id='line_1_33' title="bbox 123 2919 1165 3003; baseline -0.006 -17"><span class='ocrx_word' id='word_1_259' title='bbox 123 2945 160 2986; x_wconf 91' lang='lat' dir='ltr'><strong>ne</strong></span> <span class='ocrx_word' id='word_1_260' title='bbox 187 2942 285 2985; x_wconf 90' lang='lat' dir='ltr'><strong>coram</strong></span> <span class='ocrx_word' id='word_1_261' title='bbox 315 2924 503 2986; x_wconf 79' lang='lat' dir='ltr'><strong>interficeret.</strong></span> <span class='ocrx_word' id='word_1_262' title='bbox 537 2931 567 2984; x_wconf 89' lang='lat' dir='ltr'><strong>et</strong></span> <span class='ocrx_word' id='word_1_263' title='bbox 586 2919 785 3002; x_wconf 85' lang='lat' dir='ltr'><strong>Radamistus,</strong></span> <span class='ocrx_word' id='word_1_264' title='bbox 813 2923 896 3003; x_wconf 91' lang='lat' dir='ltr'><strong>quasi</strong></span> <span class='ocrx_word' id='word_1_265' title='bbox 922 2925 993 2984; x_wconf 90' lang='lat' dir='ltr'><strong>iuris</strong></span> <span class='ocrx_word' id='word_1_266' title='bbox 1017 2921 1127 2983; x_wconf 88' lang='lat' dir='ltr'><strong>iurandi</strong></span> <span class='ocrx_word' id='word_1_267' title='bbox 1139 2932 1165 2974; x_wconf 79' lang='lat' dir='ltr'><strong>tt</strong></span> 
     </span>
    </p>
   </div>
   <div class='ocr_carea' id='block_1_9' title="bbox 10 3008 1129 3088">
    <p class='ocr_par' dir='ltr' id='par_1_11' title="bbox 10 3008 1129 3088">
     <span class='ocr_line' id='line_1_34' title="bbox 10 3008 1129 3088; baseline -0.007 -15"><span class='ocrx_word' id='word_1_268' title='bbox 10 3035 16 3060; x_wconf 56' lang='grc' dir='ltr'><strong>τ</strong></span> <span class='ocrx_word' id='word_1_269' title='bbox 123 3027 245 3087; x_wconf 91' lang='lat' dir='ltr'><strong>memor,</strong></span> <span class='ocrx_word' id='word_1_270' title='bbox 260 3026 319 3072; x_wconf 88' lang='lat' dir='ltr'><strong>uon</strong></span> <span class='ocrx_word' id='word_1_271' title='bbox 333 3008 449 3087; x_wconf 79' lang='lat' dir='ltr'><strong>ferrum,</strong></span> <span class='ocrx_word' id='word_1_272' title='bbox 465 3024 523 3068; x_wconf 88' lang='lat' dir='ltr'><strong>uon</strong></span> <span class='ocrx_word' id='word_1_273' title='bbox 538 3026 681 3069; x_wconf 83' lang='lat' dir='ltr'><strong>venenum</strong></span> <span class='ocrx_word' id='word_1_274' title='bbox 696 3009 725 3068; x_wconf 92' lang='lat' dir='ltr'><strong>in</strong></span> <span class='ocrx_word' id='word_1_275' title='bbox 741 3025 872 3069; x_wconf 89' lang='lat' dir='ltr'><strong>sororem</strong></span> <span class='ocrx_word' id='word_1_276' title='bbox 888 3017 916 3068; x_wconf 91' lang='lat' dir='ltr'><strong>et</strong></span> <span class='ocrx_word' id='word_1_277' title='bbox 932 3016 1063 3088; x_wconf 91' lang='lat' dir='ltr'><strong>patruum</strong></span> <span class='ocrx_word' id='word_1_278' title='bbox 1080 3025 1129 3066; x_wconf 87' lang='lat' dir='ltr'><strong>ex·</strong></span> 
     </span>
    </p>
   </div>
   <div class='ocr_carea' id='block_1_10' title="bbox 76 3091 1130 3512">
    <p class='ocr_par' dir='ltr' id='par_1_12' title="bbox 76 3091 1130 3338">
     <span class='ocr_line' id='line_1_35' title="bbox 125 3091 1130 3174; baseline -0.007 -19"><span class='ocrx_word' id='word_1_279' title='bbox 125 3095 246 3174; x_wconf 90' lang='lat' dir='ltr'><strong>promit,</strong></span> <span class='ocrx_word' id='word_1_280' title='bbox 275 3093 327 3155; x_wconf 91' lang='lat' dir='ltr'><strong>sed</strong></span> <span class='ocrx_word' id='word_1_281' title='bbox 351 3093 500 3173; x_wconf 87' lang='lat' dir='ltr'><strong>proiectos</strong></span> <span class='ocrx_word' id='word_1_282' title='bbox 521 3092 550 3152; x_wconf 94' lang='lat' dir='ltr'><strong>in</strong></span> <span class='ocrx_word' id='word_1_283' title='bbox 577 3092 689 3154; x_wconf 89' lang='lat' dir='ltr'><strong>humum</strong></span> <span class='ocrx_word' id='word_1_284' title='bbox 712 3101 741 3152; x_wconf 91' lang='lat' dir='ltr'><strong>et</strong></span> <span class='ocrx_word' id='word_1_285' title='bbox 765 3101 848 3154; x_wconf 83' lang='lat' dir='ltr'><strong>veste</strong></span> <span class='ocrx_word' id='word_1_286' title='bbox 874 3091 962 3154; x_wconf 86' lang='lat' dir='ltr'><strong>mults</strong></span> <span class='ocrx_word' id='word_1_287' title='bbox 988 3091 1130 3170; x_wconf 78' lang='lat' dir='ltr'><strong>grauique</strong></span> 
     </span>
     <span class='ocr_line' id='line_1_36' title="bbox 76 3174 1129 3258; baseline -0.006 -20"><span class='ocrx_word' id='word_1_288' title='bbox 76 3205 82 3224; x_wconf 60' lang='grc' dir='ltr'>ι</span> <span class='ocrx_word' id='word_1_289' title='bbox 125 3187 248 3258; x_wconf 91' lang='lat' dir='ltr'><strong>opertos</strong></span> <span class='ocrx_word' id='word_1_290' title='bbox 268 3185 364 3244; x_wconf 86' lang='lat' dir='ltr'><strong>necat.</strong></span> <span class='ocrx_word' id='word_1_291' title='bbox 393 3176 443 3238; x_wconf 89' lang='lat' dir='ltr'><strong>filii</strong></span> <span class='ocrx_word' id='word_1_292' title='bbox 467 3194 582 3256; x_wconf 86' lang='lat' dir='ltr'><strong>quoque</strong></span> <span class='ocrx_word' id='word_1_293' title='bbox 604 3176 791 3254; x_wconf 81' lang='lat' dir='ltr'><strong>Mithridatis,</strong></span> <span class='ocrx_word' id='word_1_294' title='bbox 817 3175 895 3256; x_wconf 88' lang='lat' dir='ltr'><strong>quod</strong></span> <span class='ocrx_word' id='word_1_295' title='bbox 920 3174 1058 3238; x_wconf 84' lang='lat' dir='ltr'><strong>caedibus</strong></span> <span class='ocrx_word' id='word_1_296' title='bbox 1080 3191 1129 3252; x_wconf 90' lang='lat' dir='ltr'><strong>pa·</strong></span> 
     </span>
     <span class='ocr_line' id='line_1_37' title="bbox 122 3262 751 3338; baseline -0.006 -14"><span class='ocrx_word' id='word_1_297' title='bbox 122 3271 235 3324; x_wconf 89' lang='lat' dir='ltr'><strong>rentum</strong></span> <span class='ocrx_word' id='word_1_298' title='bbox 250 3262 512 3338; x_wconf 83' lang='lat' dir='ltr'><strong>inlacrimaverant,</strong></span> <span class='ocrx_word' id='word_1_299' title='bbox 529 3262 659 3323; x_wconf 89' lang='lat' dir='ltr'><strong>trucidati</strong></span> <span class='ocrx_word' id='word_1_300' title='bbox 677 3270 751 3322; x_wconf 87' lang='lat' dir='ltr'><strong>snut.</strong></span> 
     </span>
    </p>

    <p class='ocr_par' dir='ltr' id='par_1_13' title="bbox 127 3339 1130 3512">
     <span class='ocr_line' id='line_1_38' title="bbox 188 3339 1130 3428; baseline -0.01 -22"><span class='ocrx_word' id='word_1_301' title='bbox 188 3346 240 3410; x_wconf 85' lang='grc'><strong>48.</strong></span> <span class='ocrx_word' id='word_1_302' title='bbox 264 3346 304 3409; x_wconf 76' lang='lat' dir='ltr'><strong>At</strong></span> <span class='ocrx_word' id='word_1_303' title='bbox 326 3345 487 3423; x_wconf 82' lang='lat' dir='ltr'><strong>Quadmtus</strong></span> <span class='ocrx_word' id='word_1_304' title='bbox 514 3362 702 3424; x_wconf 77' lang='lat' dir='ltr'><strong>cognoscens</strong></span> <span class='ocrx_word' id='word_1_305' title='bbox 729 3344 872 3423; x_wconf 90' lang='lat' dir='ltr'><strong>proditum</strong></span> <span class='ocrx_word' id='word_1_306' title='bbox 897 3339 1080 3428; x_wconf 82' lang='lat' dir='ltr'><strong>Mithridaten</strong></span> <span class='ocrx_word' id='word_1_307' title='bbox 1101 3348 1130 3398; x_wconf 88' lang='lat' dir='ltr'><strong>et</strong></span> 
     </span>
     <span class='ocr_line' id='line_1_39' title="bbox 127 3421 1130 3512; baseline -0.01 -22"><span class='ocrx_word' id='word_1_308' title='bbox 127 3447 247 3510; x_wconf 60' lang='lat' dir='ltr'><strong>regnum</strong></span> <span class='ocrx_word' id='word_1_309' title='bbox 269 3429 312 3492; x_wconf 90' lang='lat' dir='ltr'><strong>ab</strong></span> <span class='ocrx_word' id='word_1_310' title='bbox 326 3429 564 3492; x_wconf 86' lang='lat' dir='ltr'><strong>interlectoribus</strong></span> <span class='ocrx_word' id='word_1_311' title='bbox 586 3429 731 3512; x_wconf 90' lang='lat' dir='ltr'><strong>optineri,</strong></span> <span class='ocrx_word' id='word_1_312' title='bbox 755 3435 839 3488; x_wconf 91' lang='lat' dir='ltr'><strong>vocat</strong></span> <span class='ocrx_word' id='word_1_313' title='bbox 858 3421 1025 3500; x_wconf 85' lang='lat' dir='ltr'><strong>eonsilium,</strong></span> <span class='ocrx_word' id='word_1_314' title='bbox 1041 3421 1130 3481; x_wconf 87' lang='lat' dir='ltr'><strong>docet</strong></span> 
     </span>
    </p>
   </div>
   <div class='ocr_carea' id='block_1_11' title="bbox 0 0 1290 3878">
    <p class='ocr_par' dir='ltr' id='par_1_14' title="bbox 0 0 1290 3878">
     <span class='ocr_line' id='line_1_40' title="bbox 0 0 1290 3878; baseline 0 0"><span class='ocrx_word' id='word_1_315' title='bbox 0 0 1290 3878; x_wconf 95' lang='lat' dir='ltr'><strong> </strong></span> 
     </span>
    </p>
   </div>
  </div>
 </body>
</html>
