2568 3870
463 555 726 640 CORNELII
743 556 926 637 ΤΑΟΙΤΙ

333 723 1054 821 HISTORIARUM

571 887 820 998 uranum.

615 1035 774 1044 m.

196 1143 410 1196 sauvlantnnl.
447 1143 507 1209 Gap.
527 1146 550 1195 1.
573 1145 707 1194 Interfecto
723 1145 824 1194 Vitellio
843 1145 935 1194 milites
951 1145 1066 1194 Flaviani
1088 1145 1116 1194 in
1138 1149 1207 1196 urbe

230 1213 354 1264 saeviunt.
392 1214 417 1262 2.
441 1211 599 1262 Domitianus
623 1227 714 1262 nomen
731 1214 868 1277 sedemque
883 1213 999 1264 Gaesoris
1016 1221 1106 1265 nactus
1125 1215 1205 1264 adul·

230 1281 300 1332 teriis
316 1280 395 1330 illium
410 1280 533 1346 principis
545 1283 606 1348 agit.
639 1282 669 1332 L.
688 1281 806 1333 Vitellius
825 1282 980 1332 interficitur.
1017 1281 1044 1332 3.
1058 1281 1198 1350 Campania

230 1350 381 1416 composita,
397 1349 555 1416 Vespasiano
571 1359 675 1400 senatus
693 1351 852 1401 consulatum
866 1365 923 1400 cum
939 1351 995 1401 Tito
1012 1349 1079 1410 illio,
1095 1359 1197 1416 praetu-

230 1434 284 1469 ram
303 1418 446 1470 Domitiano
462 1426 487 1468 et
503 1419 636 1469 consulare
651 1418 783 1486 imperium
802 1419 921 1468 decernit.
958 1421 984 1469 4.
1002 1419 1127 1478 Muciani,
1146 1421 1201 1467 An-

230 1487 306 1548 tonii,
323 1496 463 1537 ceterorum
481 1485 602 1540 honores.
638 1487 788 1536 restituendi
805 1488 921 1553 Capitolii
941 1488 1082 1538 consilinm.
1121 1488 1201 1538 liber-

230 1558 274 1608 tati
294 1557 403 1606 consulit
417 1555 548 1605 Helvidius
565 1556 675 1605 Priscus.
713 1555 789 1606 5-8.
811 1557 866 1605 eius
881 1557 934 1605 vita
950 1566 974 1606 et
994 1567 1078 1606 mores
1095 1567 1121 1606 et
1141 1571 1200 1604 cum

230 1625 306 1690 Eprio
320 1625 438 1676 Marcello
452 1639 510 1672 acre
529 1624 640 1690 iurgium
658 1623 690 1672 de
705 1623 796 1690 legatis
812 1623 846 1672 ad
861 1623 1001 1688 principem
1015 1624 1156 1674 mittendis.
1175 1624 1201 1672 9.

230 1694 262 1742 de
277 1694 399 1758 impensis
418 1691 524 1756 publicis
539 1692 676 1756 dissensio.
694 1691 736 1744 10.
751 1691 884 1742 Musonius
898 1691 980 1742 Rufus
995 1694 1020 1741 in
1038 1691 1066 1740 P.
1083 1691 1204 1742 Celerem
1264 1737 1265 1753 ,

230 1760 365 1811 invehitur.
404 1759 445 1808 ll.
461 1758 592 1809 Mucianus
607 1760 694 1810 urbem
708 1763 841 1826 ingressus
858 1769 947 1809 cuncta
962 1761 988 1810 in
999 1776 1027 1810 se
1040 1759 1123 1820 trahit,
1141 1759 1203 1809 Cal—

229 1828 349 1893 purnium
361 1826 522 1876 Galerianum
534 1828 605 1876 caedi
617 1838 701 1888 curat,
717 1829 857 1878 Asiaticum
870 1829 987 1878 libertum
999 1829 1084 1879 servili
1098 1829 1203 1894 suppli-

230 1898 268 1945 cio
284 1895 355 1948 tollit.
383 1895 423 1945 12.
442 1892 605 1944 Gennanicae
621 1895 700 1945 cladis
715 1897 795 1955 fama,
812 1898 867 1946 eius
882 1897 942 1947 belii
957 1911 1033 1947 causa
1047 1897 1072 1945 in
1084 1897 1202 1956 Batavis,
1264 1883 1265 1905 ¹

232 1964 272 2017 13.
295 1964 358 2013 duce
379 1962 443 2012 Iulio
459 1961 547 2013 Civile.
592 1963 704 2015 14-16.
724 1966 747 2014 is
771 1963 885 2014 Batavos
902 1963 1081 2015 Canninefates
1101 1965 1201 2014 Frisios

231 2034 336 2093 excitat,
362 2032 446 2082 statim
467 2031 538 2094 dolo,
559 2047 620 2082 mox
640 2041 727 2097 aperta
748 2035 776 2082 vi
795 2033 923 2083 Romanos
945 2042 1057 2100 superat.
1096 2033 1136 2082 17.
1160 2033 1202 2080 vi-

232 2102 324 2152 ctoriae
339 2101 414 2150 huius
432 2100 499 2150 fania
515 2107 597 2151 motae
612 2100 762 2152 Germaniae
777 2101 872 2152 auxilia
883 2101 993 2152 offerunt
1005 2101 1091 2161 Civili,
1111 2101 1155 2164 qui
1175 2109 1202 2149 et

232 2170 368 2221 Galliarum
384 2169 528 2219 societatem
544 2170 661 2219 adfectat.
692 2169 732 2221 18.
749 2170 887 2220 Hordeonii
898 2170 981 2220 Flacci
995 2171 1112 2237 segnitia.
1138 2170 1203 2218 victi

232 2238 338 2290 Romani
354 2240 381 2288 in
396 2238 489 2287 Vetera
501 2247 584 2288 castra
599 2238 709 2304 fugiunt.
747 2239 788 2291 lo.
807 2237 848 2288 20.
866 2239 1019 2289 Batavorum
1032 2247 1056 2288 et
1072 2238 1202 2290 Gannine-

234 2308 323 2357 fatium
341 2305 470 2369 cohortes,
488 2308 560 2356 iussn
576 2307 671 2357 Vitellii
687 2310 715 2357 in
733 2307 820 2356 urbem
839 2317 990 2373 pergentes,
1008 2316 1141 2372 corruptae
1158 2307 1202 2358 Ci—

232 2376 276 2426 vili
290 2377 334 2426 iun
354 2382 431 2424 untur
448 2383 473 2424 et
487 2375 617 2425 Bonnensi
632 2375 729 2442 proelio
746 2377 916 2425 Romanorum
933 2377 1012 2426 aciem
1025 2375 1200 2442 perfringunt.

231 2445 274 2494 21.
291 2443 378 2494 Gimlis
394 2443 494 2493 consilii
508 2444 642 2510 ambiguus
659 2459 719 2495 suos
734 2446 761 2494 in
779 2445 855 2494 verba
875 2444 1028 2510 Vespasiani
1041 2444 1138 2510 adigit,
1152 2443 1200 2492 ho—

232 2514 299 2563 stilia
314 2512 418 2570 velans3
434 2512 476 2561 22.
495 2511 538 2564 23.
560 2527 620 2562 mox
635 2513 728 2563 Vetera
747 2512 857 2574 obsidet,
876 2513 979 2566 frustra.
1016 2515 1059 2563 24.
1077 2513 1121 2562 25.
1134 2511 1199 2562 Hor-

231 2581 337 2632 deonius
351 2581 454 2630 Maccus
469 2580 592 2632 seditione
607 2581 763 2632 conflictatus
777 2595 902 2632 summam
914 2596 999 2631 rerum
1013 2581 1125 2631 Voculae
1140 2597 1199 2646 per-

233 2651 316 2700 mittit.
353 2647 396 2699 26.
413 2650 456 2698 27.
473 2649 533 2700 hnic
547 2650 649 2700 additus
666 2650 807 2700 Herennius
825 2648 911 2700 Gallus
926 2664 955 2701 re
970 2651 1036 2700 male
1050 2658 1125 2716 gesta
1140 2664 1197 2698 ver—

233 2719 343 2768 beratur.
353 2731 419 2767 novo
428 2718 527 2768 seditio.
538 2718 653 2771 28-30.
664 2719 760 2779 Civilis,
770 2721 900 2769 immensis
909 2719 1023 2769 numibus
1034 2719 1065 2768 ab
1078 2719 1199 2768 universe

234 2784 367 2836 Germania
389 2786 483 2848 elutus,
506 2787 631 2838 obsidium
652 2788 772 2837 Veterum
798 2797 886 2853 urget,
909 2787 985 2838 Ubios
1006 2795 1090 2836 vexat.
1127 2786 1198 2835 varia

233 2855 378 2904 certamina.

287 2922 328 2974 31.
352 2923 470 2973 Nuntiato
496 2923 658 2975 Cremonensi
678 2925 774 2992 proelio
796 2925 891 2974 auxilia
909 2924 1036 2975 Gallorum
1061 2923 1198 2974 aVitellic

232 2992 384 3041 desciscunt.
422 3006 483 3043 suos
506 3008 606 3058 quoque
626 2994 786 3045 Hordeonius
807 2995 833 3043 in
849 2993 1002 3060 Vespasiani
1019 2992 1096 3042 verba
1118 2991 1198 3058 adigit

232 3059 396 3110 haesitantes.
432 3059 476 3117 32.
491 3061 524 3112 ad
539 3062 643 3114 Civilem
655 3063 749 3112 missus
765 3061 913 3123 Montanus,
925 3069 953 3111 ut
966 3077 982 3111 a
993 3062 1059 3111 bello
1074 3060 1198 3111 absistere

231 3127 330 3188 iubeat,
346 3127 446 3193 abipso
461 3139 578 3183 tentatur.
600 3129 643 3183 33.
659 3131 702 3182 34.
720 3147 776 3181 cum
790 3131 889 3180 Vocula
900 3130 1013 3196 confligit
1025 3129 1112 3180 Givilis
1126 3130 1197 3179 varic

233 3204 338 3256 eventu,
361 3210 412 3246 non
432 3201 486 3248 sine
501 3200 633 3263 utriusque
651 3200 723 3250 ducis
746 3200 828 3266 culpa.
865 3197 909 3250 35.
928 3199 1024 3249 Vocula
1039 3197 1104 3248 male
1120 3198 1197 3246 utitur

232 3264 345 3314 victoria.
382 3265 476 3317 Vetera
495 3267 627 3318 obsidione
649 3269 745 3321 liberat.
788 3265 830 3319 36.
853 3268 940 3320 Girilis
961 3266 1194 3330 Geldubam-capit.

231 3331 339 3381 Romani
359 3333 450 3385 milites
465 3335 636 3386 Hordeonium
658 3346 756 3388 necant.
792 3337 890 3387 Vocula
910 3353 956 3404 per
970 3336 1086 3386 tenebras
1102 3335 1194 3384 erodit.

231 3397 274 3449 ³7.
290 3413 380 3450 maxa
398 3400 476 3453 civile
492 3407 603 3468 superati
621 3405 744 3455 Voculam
760 3406 843 3456 denno
860 3415 1014 3469 sequuntur,
1029 3418 1135 3467 quocum
1152 3404 1194 3450 ob·
1261 3411 1262 3453 l

233 3464 331 3514 sidione
349 3467 535 3536 Mogontiacum
552 3473 666 3524 liberant.
704 3473 808 3524 Treveri
823 3488 889 3524 nune
907 3475 963 3534 fidi,
980 3487 1039 3523 mox
1055 3470 1170 3522 rebelles.
1261 3467 1262 3475 ’
