2596 3872
168 159 231 223 238
421 169 911 220 eonnnnrrrncrurnnnuerun

167 328 226 388 bitu
237 326 438 404 suiiragiorum
453 334 600 405 suspecto,
616 333 696 384 sorte
709 324 886 387 ducebantur
899 343 936 386 ex
949 342 1068 386 numero
1085 345 1170 406 prae-

166 420 258 472 torum
276 411 324 490 qui
339 419 519 489 praeessent.
550 425 647 487 neque
672 408 701 469 id
716 408 763 468 diu
777 411 896 485 mansit,
922 409 988 487 qnia
1005 427 1070 470 sors
1085 409 1169 472 deer-

141 494 249 554 urahat
271 493 307 554 ad
326 511 425 574 parum
445 493 578 554 idoneos.
616 502 683 553 tunc
702 491 837 554 claudius
859 501 1031 573 quaestores
1055 512 1169 555 rursum

165 579 315 657 imposuit,
339 578 448 658 iisque,
468 595 504 638 ne
519 586 596 638 metu
618 576 808 638 offensionum
834 578 953 654 segnius
966 577 1170 655 consulerent,

166 672 248 724 extra
270 662 399 723 ordinem
421 662 549 722 honores
572 660 797 740 promisit:·sed
825 660 927 722 deerat
954 660 1046 722 robur
1063 665 1169 723 aetatis

166 765 230 808 enm
246 747 365 826 primum
378 746 575 825 magistratum
587 745 816 824 capessentibus.
840 746 926 824 igitur
936 744 1017 806 Nero
1032 756 1168 824 praetura

165 831 336 910 pertractos
352 839 380 890 et
396 830 574 909 experientia
590 827 731 908 probatos
745 828 864 906 delegit.

226 915 277 977 30.
299 914 456 976 Damnatus
471 912 562 975 isdem
578 912 746 974 consulibus
757 913 913 991 Vipsanius
923 913 1035 974 Laenas
1050 912 1087 972 oh
1100 914 1168 973 Sar·

164 998 268 1058 diniam
285 999 467 1079 provinciam
487 1015 574 1059 avare
590 996 725 1058 habitam.
760 996 911 1059 absolutus
926 995 1042 1058 cestius
1059 995 1167 1058 Procu-

163 1081 209 1144 lus
233 1080 471 1161 repetundarum,
501 1080 689 1142 Cretensibus
708 1079 922 1142 accusantibus.
961 1078 1081 1142 Clodius
1098 1079 1168 1155 Qui·

163 1165 278 1243 rinalis,
299 1165 377 1244 quod
393 1165 560 1245 praelectus
575 1165 731 1242 remigum,
749 1164 797 1243 qui
812 1162 968 1226 Ravennae
982 1163 1167 1240 haberentur,

139 1249 243 1311 ovelut
266 1251 390 1311 intimam
409 1251 553 1310 nationum
575 1247 683 1310 ltaliam
703 1248 815 1309 luxuria
836 1249 1015 1329 saevitiaque
1038 1247 1163 1310 addicta·

163 1336 273 1412 visset,
299 1329 415 1394 veneno
436 1332 645 1396 damnationem
665 1333 773 1394 anteiit.
793 1330 944 1394 .Ganinius
963 1331 1100 1410 Rebilus,
1129 1351 1167 1392 en

135 1435 138 1439 ·
164 1417 339 1498 primoribus
355 1418 458 1498 peritia
475 1417 574 1497 legum
588 1425 617 1478 et
632 1417 774 1496 pecuniae
788 1415 999 1496 magnitudine,
1023 1418 1167 1478 cruciatus

164 1520 274 1580 aegrae
289 1511 427 1564 senectae
443 1503 550 1564 emisso
564 1520 618 1581 per
629 1519 719 1562 renas
733 1503 873 1580 sanguine
885 1501 997 1579 elingit,
1012 1499 1087 1562 haud
1103 1518 1166 1560 cre-

135 1663 138 1668 ·
164 1587 239 1646 ditus
254 1587 394 1647 suilieere
408 1585 445 1647 ad
462 1586 650 1648 constantiam
666 1585 820 1649 sumendae
837 1587 954 1662 mortis,
977 1583 1015 1645 ob
1032 1584 1166 1645 libidines

51 1685 56 1692 ·
131 1689 153 1730 ro
164 1670 343 1730 muliebriter
360 1665 487 1730 inlunis.
524 1679 553 1730 at
566 1669 598 1731 1..
617 1668 756 1734 volusius
778 1670 901 1747 egregia
919 1670 994 1730 fama
1010 1669 1166 1745 concessit,

165 1755 210 1814 cui
230 1762 291 1815 tres
320 1762 348 1813 et
370 1754 526 1832 nonaginta
549 1754 615 1814 anni
638 1755 759 1833 spatium
785 1753 901 1814 vivendi
930 1755 1165 1833 praecipuaeque

164 1855 238 1918 opes
258 1837 344 1898 bonis
360 1837 469 1898 artibus
486 1837 627 1899 inoffensa
642 1845 685 1898 tot
700 1837 905 1916 imperatorum
919 1835 1026 1898 malitia
1041 1837 1165 1897 inerunt.

226 1921 277 1982 31.
299 1920 417 1981 Nerone
440 1922 542 1982 iterum
555 1920 586 1981 h.
602 1921 709 1982 l'isone
732 1919 899 1982 eonsulihus
918 1938 1011 2002 pauca
1027 1919 1166 1982 memoria

164 2005 251 2082 digna
267 2021 412 2082 evenere,
431 2005 486 2065 nisi
503 2006 548 2066 cui
562 2005 652 2066 libeat
665 2004 815 2067 laudandis
828 2004 1020 2066 fundamentis
1036 2014 1064 2064 et
1077 2003 1165 2066 trabi·

164 2088 233 2165 bus,
257 2091 322 2167 quis
342 2086 448 2150 molem
469 2088 672 2169 amphitheatri
694 2089 770 2167 apud
792 2107 923 2170 campum
935 2087 1036 2150 llartis
1056 2087 1166 2150 Caesar

164 2179 345 2250 extruxerat,
368 2172 513 2236 volumina
535 2173 673 2253 implere,
696 2191 758 2234 cum
781 2191 818 2232 ex
839 2172 976 2250 dignitate
991 2172 1091 2253 populi
1105 2172 1163 2234 llo·

139 2256 239 2316 amani
253 2266 400 2334 repertum
415 2259 453 2318 sit
474 2276 523 2318 res
540 2257 675 2318 inlustres
691 2255 854 2334 annalibus,
878 2255 945 2317 talia
961 2256 1069 2318 diurnis
1086 2255 1165 2316 urhis

162 2340 235 2401 actis
249 2339 394 2400 mandare.
433 2351 561 2402 ceterum
580 2341 714 2403 coloniae
730 2341 828 2420 Capua
842 2350 928 2419 atque
945 2340 1070 2401 Nuceria
1086 2339 1163 2400 addi·

162 2426 198 2484 tis
213 2423 359 2484 veteranis
371 2425 499 2487 firmatae
515 2434 597 2503 suut,
612 2424 768 2504 plebeique
786 2425 963 2502 congiarium
974 2423 1164 2504 quadringeni

162 2506 266 2568 nummi
284 2507 388 2568 viritim
406 2508 480 2588 dati,
503 2518 533 2570 et
546 2509 709 2570 sestertium
725 2507 977 2589 quadringentiens
992 2509 1105 2568 aerario
1122 2509 1163 2568 in·

162 2592 248 2654 latum
262 2599 310 2651 est
325 2592 361 2652 ad
375 2592 552 2654 retinendam
568 2593 668 2672 populi
684 2592 779 2654 iidem.
808 2592 935 2671 vectigal
952 2609 1069 2672 quoque
1084 2592 1151 2670 quin

128 2684 212 2736 totae
235 2683 264 2734 et
287 2677 462 2738 vicensimae
483 2675 625 2738 renalium
646 2677 854 2756 mancipiorum
872 2678 1038 2753 remissum,
1063 2676 1164 2757 specie

161 2758 255 2836 magis
271 2776 354 2838 quam
369 2761 414 2837 ri,
430 2762 496 2841 quia
511 2779 574 2824 cum
588 2761 722 2822 venditor
738 2760 867 2840 pendere
882 2759 1040 2836 iuberetur,
1056 2766 1084 2825 in
1099 2784 1163 2845 par-

161 2852 219 2904 tem
242 2843 326 2922 pretii
349 2844 527 2924 emptoribus
546 2843 746 2906 adcrescebat.
789 2848 878 2909 edixit
898 2847 1023 2926 Caesar,
1048 2867 1085 2909 ne
1101 2851 1165 2929 quis

159 2933 344 3009 magistratus
358 2940 406 2990 aut
418 2935 628 3010 procuratorin
637 2934 787 3011 provincia
798 2949 880 3012 quarn
889 2934 1036 2994 obtineret
1051 2940 1166 3010 speeta-

160 3015 255 3077 oulum
267 3015 459 3094 gladiatorum
472 3024 520 3077 aut
531 3017 656 3078 ferarum
668 3026 716 3078 aut
728 3016 888 3096 quodaliud
903 3015 1042 3078 ludicrum
1051 3016 1165 3078 ederet.

121 3141 147 3180 ,5
160 3119 224 3160 nam
241 3109 308 3161 ante
333 3116 391 3158 non
409 3102 501 3160 minus
524 3101 572 3160 tali
593 3101 747 3179 largitione
765 3119 848 3178 quam
869 3099 1060 3179 corripiendis
1079 3117 1166 3178 pecu·

160 3187 215 3245 niis
245 3184 394 3245 subiectos
420 3183 608 3262 adfligebant,
628 3185 694 3247 dum
721 3203 794 3265 quae
822 3186 941 3246 libidine
972 3183 1166 3261 deliquerant,

161 3269 268 3329 ambitu
285 3277 478 3348 propugnant.

228 3357 278 3418 32.
300 3355 420 3416 Factum
440 3363 469 3416 et
487 3363 606 3416 senatus
629 3354 791 3418 consultum
813 3355 913 3418 ultioni
934 3355 1011 3416 iuxta
1032 3362 1062 3414 et
1080 3371 1163 3414 seeu-

166 3439 259 3518 nitati,
282 3448 312 3499 ut
331 3440 355 3499 si
373 3439 436 3519 quis
457 3458 473 3500 a
495 3439 554 3500 suis
575 3439 667 3500 servis
683 3439 852 3502 interiectus
877 3447 973 3519 esset,
995 3438 1014 3498 ii
1036 3455 1168 3518 qnoque,-
