2510 3864
163 330 277 412 plroolis
294 347 378 408 quam
392 329 499 406 Lysiae
520 338 569 390 aut
581 328 737 408 Hyperidis
751 329 868 391 includi.
899 329 1000 409 plures
1014 329 1109 392 hodie
1128 352 1176 392 re

164 415 263 494 peries
285 415 333 493 qui
356 412 508 474 ciceronis
528 414 651 492 gloriam
672 431 756 494 quam
777 415 827 493 qui
848 413 965 490 Virgilii
979 413 1181 482 detrectent:
1245 419 1246 492 ξ

129 515 218 558 nnec
239 498 315 558 ullus
336 499 429 558 Asinii
454 506 502 558 aut
520 497 677 559 Messallae
697 497 773 557 liber
793 507 851 557 tam
871 496 999 557 inlustris
1022 508 1069 559 est
1089 517 1183 578 quam
1245 497 1246 538 l

163 582 268 644 lledea
286 581 381 642 Ovidii
397 591 446 643 aut
461 582 542 642 Varii
557 581 711 657 Thyestes.
1165 583 1169 590 '

231 667 279 727 13.
300 666 347 725 Ac
361 684 398 726 ne
414 666 558 727 fortunam
580 664 696 745 quidem
716 673 813 726 vatum
839 673 868 725 et
881 664 953 726 illud
972 665 1047 726 ielix
1070 678 1185 728 coutu-

162 751 294 812 bernium
311 765 481 829 oomparare
495 751 638 810 timuerim
654 767 717 809 oum
731 750 860 827 inquieta
877 758 907 809 et
921 751 1006 810 anxia
1021 759 1186 811 oratorum

162 838 229 898 vita.
266 831 336 894 licet
352 833 420 894 illos
435 836 591 897 certamina
606 843 635 894 et
651 831 781 911 pericula
796 849 849 892 sua
863 833 901 893 ad
916 832 1090 893 consolatus
1108 853 1186 895 eve«

161 921 276 994 xeriut,
297 917 373 978 malo
390 936 524 978 securum
546 927 575 978 et
593 918 718 996 quietum
738 915 856 992 Virgilii
874 933 1045 993 secessum,
1066 920 1100 976 in
1120 937 1184 997 quo

141 1013 258 1063 stamen
272 1018 369 1078 neque
386 1001 462 1080 apud
477 1001 573 1061 divum
586 1001 748 1078 Augustum
762 1000 855 1076 qratia
875 1001 966 1060 caruit
982 1017 1083 1080 neque
1098 1003 1184 1080 apud

164 1084 303 1164 populum
323 1084 483 1145 Romanum
505 1085 615 1145 notitia.
645 1093 736 1144 testes
758 1084 883 1160 Augusti
902 1082 1064 1162 epistulae,
1090 1089 1180 1146 testis

162 1172 229 1247 ipse
243 1168 384 1247 populus,
402 1169 451 1246 qui
466 1167 569 1229 auditis
585 1169 613 1226 in
627 1166 741 1228 theatro
758 1167 876 1244 Virgilii
890 1166 1027 1227 versibus
1045 1171 1178 1230 surrexit

162 1253 316 1313 universus
336 1261 366 1311 et
385 1252 462 1312 iorte
480 1255 669 1330 'praesentem
692 1258 929 1331 spectantemque
946 1251 1106 1329 Virgilium
1119 1269 1169 1310 ve·

163 1345 280 1398 aeratus
296 1345 342 1396 est
359 1337 402 1396 sic
419 1337 503 1414 quasi
516 1337 687 1413 Augustum.
717 1351 755 1394 ne
772 1337 882 1396 nostris
898 1333 1013 1414 quidem
1031 1334 1166 1415 tempori·

130 1421 217 1483 robus
237 1420 389 1481 Secundus
413 1419 588 1498 Pomponius
611 1419 684 1479 Airo
705 1417 831 1482 Domitio
858 1419 907 1480 vel
928 1417 1070 1496 dignitate
1095 1420 1172 1480 vitae

162 1505 210 1566 vel
227 1504 422 1584 perpetuitate
439 1504 533 1565 iamae
553 1503 685 1563 cesserit.
707 1519 772 1561 nam
785 1499 906 1582 (irispus
927 1502 985 1563 iste
1001 1511 1033 1562 et
1045 1502 1169 1564 llaroel·

162 1590 225 1663 lus,
250 1587 286 1648 ad
303 1605 425 1666 quorum
441 1588 578 1666 exempla
600 1605 646 1646 me
663 1603 772 1661 vocas,
796 1586 864 1665 quid
877 1585 986 1647 habeut
1002 1586 1032 1644 in
1047 1584 1108 1646 lrac
1124 1605 1174 1646 ssa

162 1675 277 1732 fortuna
303 1669 590 1750 concupiscendum?
616 1669 694 1749 quod
715 1669 829 1748 timent,
856 1688 893 1730 au
915 1668 993 1749 quod
1012 1668 1174 1730 timentur‘l

164 1754 259 1833 quod,
285 1772 348 1814 cum
370 1755 478 1814 cotidie
495 1753 603 1832 aliquid
620 1761 779 1830 rogentur,
804 1753 948 1830 liquibus
977 1753 997 1821 †
1020 1763 1179 1830 praestant

131 1833 362 1914 mindiguantur?
378 1837 453 1915 quod
465 1835 580 1914 adligati
595 1836 742 1896 communi
756 1832 921 1894 adulatione
932 1849 990 1890 neo
1006 1831 1186 1908 imperanti-

158 1921 212 1980 bus
221 1910 1002 1997 umquamsatisservividenturnecuobissatisliheri‘?
1015 1931 1091 1991 quae
1100 1915 1180 1977 haec

162 2017 270 2059 summa
285 2015 384 2058 eorum
401 2000 531 2079 potentia
550 1999 616 2058 esti
637 2005 744 2058 tantum
762 2014 853 2074 posse
874 1993 974 2055 liberti
989 1995 1097 2057 solent.
1126 2013 1179 2055 me

161 2101 234 2144 vero
252 2083 399 2160 dulces,
418 2091 449 2142 at
465 2081 605 2160 Virgilius
623 2081 678 2158 ait,
701 2079 847 2156 Musae,
867 2088 1009 2140 remotum
1025 2095 1043 2138 a
1059 2077 1178 2138 sollici·

162 2167 306 2227 tudiuibus
322 2174 352 2226 et
367 2166 444 2226 euris
459 2174 489 2226 et
502 2165 677 2230 necessitate
689 2162 796 2224 cotidie
810 2162 919 2241 aliquid
931 2171 1031 2223 contra
1048 2163 1178 2222 animum

128 2271 153 2310 ro
163 2251 301 2326 iaciendi,
311 2252 341 2309 in
350 2253 401 2312 illa
416 2265 497 2309 sacra
507 2250 636 2324 sslosque
648 2248 692 2306 ad
701 2245 791 2306 sontis
803 2247 913 2316 ieraut;
926 2262 981 2302 noc
991 2245 1124 2304 insanum
1132 2245 1176 2306 ul·

162 2344 207 2394 tra
223 2342 251 2391 et
266 2330 408 2391 lubricum
423 2330 518 2390 iorum
528 2331 691 2408 famamque
703 2327 861 2404 pallentem
874 2326 1008 2405 trepidus
1020 2330 1175 2406 experiar.

164 2433 221 2476 uon
240 2435 285 2475 me
307 2415 437 2475 iremitus
459 2414 641 2475 salutantium
664 2429 720 2471 nee
743 2410 881 2472 anhelans
902 2410 1025 2473 libertus
1047 2413 1173 2486 excitet,
1245 2431 1246 2496 i

164 2517 217 2559 nec
235 2501 363 2559 incertus
383 2499 471 2559 loturi
489 2505 689 2557 testamentum
715 2511 771 2574 pro
795 2495 920 2573 pignore
940 2492 1084 2568 scribam,
1117 2514 1172 2555 uec
1245 2497 1246 2552 l

164 2583 230 2662 plus
248 2583 370 2644 habeam
386 2598 469 2660 mam
486 2578 563 2659 quod
579 2579 689 2659 possim
705 2579 751 2638 cui
771 2578 859 2638 velim
873 2578 1039 2656 relinquere
1070 2580 1170 2656 (quaa-
1245 2571 1246 2662 l

129 2667 254 2744 sudoque
267 2667 346 2726 enim
357 2662 492 2728 fataliset
504 2680 587 2723 meua
599 2661 797 2739 diesveuiet),
812 2667 980 2738 statuarque
993 2661 1105 2722 tumulo
1115 2681 1167 2722 noa

158 2759 287 2810 maestus
303 2757 333 2808 et
350 2755 452 2824 atrox,
478 2745 530 2806 sed
551 2745 651 2806 hilaris
667 2753 697 2806 et
712 2752 885 2820 coronatus,
907 2753 937 2804 et
957 2761 1011 2822 pro
1029 2747 1172 2806 memoria

159 2835 216 2892 mei
232 2847 286 2891 neo
302 2830 435 2892 consulat
451 2833 602 2908 quisquam
616 2848 671 2890 nee
687 2830 797 2907 roget?
835 2866 837 2869 .

227 2918 275 2977 14.
299 2916 424 2977 Vixdum
440 2917 553 2976 linierat
567 2915 729 2990 Maternus,
752 2913 911 2974 concitatus
927 2922 955 2973 et
968 2911 1168 2992 velutinstin·

109 3069 111 3072 ¹
163 3010 242 3075 ctus,
263 3015 327 3060 cum
344 3001 502 3080 Vipstanus
518 2998 656 3060 Messalla
679 2997 933 3076 cubiculum[eius]
941 2996 1094 3073 ingressus
1111 3006 1169 3072 est,

162 3084 384 3164 suspicatusque
408 3101 445 3144 ex
466 3086 530 3163 ipsa
550 3083 708 3143 intentione
730 3081 909 3158 singulorum
934 3079 1070 3141 altiorem
1092 3079 1170 3140 inter

163 3185 217 3227 eos
239 3185 307 3228 esse
324 3185 502 3243 sermonem,
524 3169 608 3227 ‘uum
619 3183 720 3244 parum
735 3165 943 3243 tempestivus'
960 3163 1051 3245 inquit
1066 3163 1167 3222 ‘inter-
1245 3223 1246 3228 ,

141 3250 230 3310 sveni
245 3259 389 3312 secretum
398 3247 549 3310 consilium
561 3256 610 3308 aut
629 3248 861 3308 oausaealicuius
876 3247 1093 3327 meditationem
1108 3253 1168 3307 tra·
1245 3249 1246 3302 i

164 3333 344 3394 etantibusl'
1245 3325 1246 3388 Ϊ

216 3415 373 3492 ·‘lliuime,
394 3417 525 3482 minime'
549 3417 639 3493 inquit
655 3415 820 3494 Secundus,
841 3416 948 3492 ‘atque
965 3413 1039 3473 adeo
1056 3411 1165 3473 vellem

162 166 225 226 248
393 175 510 224 uacuus
526 175 622 223 oran.
638 175 686 224 oa
701 176 919 226 osnuosraus
