2570 3878
148 161 210 222 172
419 127 913 247 conusmrnscrnrssrusnrong

208 325 262 390 38.
283 327 366 403 Quae
381 325 491 387 duabus
507 325 666 387 aestatibus
683 332 767 402 gesta
783 324 933 399 coniunxi,
955 340 1014 402 quo
1034 326 1152 405 requie

104 427 108 434 ·
146 420 244 472 sceret
259 413 368 472 animus
384 427 401 471 a
416 409 583 471 domesticis
599 409 698 479 malim
715 426 772 469 non
787 409 863 470 enim
876 407 1033 486 Tiberium,
1053 428 1150 492 quam·

147 513 231 575 qnam
244 495 367 556 triennio
384 503 452 574 post
468 493 588 555 caedem
602 493 715 570 Seiani,
736 509 811 572 quae
827 501 944 553 ceteros
963 492 1080 555 mollire
1102 511 1155 556 so·

145 580 216 657 lent,
232 581 469 658 tempus'preces
486 579 574 639 satias
589 576 772 655 mitigabant,
795 578 862 656 quin
883 577 995 638 incerta
1015 578 1064 638 rel
1080 576 1151 638 abo-

120 663 196 723 llita
212 681 266 743 pro
282 663 461 742 gmvissimis
477 670 507 723 et
519 661 687 722 recentibus
701 661 826 741 puniret.
856 677 892 720 eo
909 668 986 722 metu
995 659 1156 722 ‘Fulcinius

146 747 227 824 Trio,
242 747 404 825 ingruentis
418 753 605 807 accusatores
619 744 695 807 lraud
711 761 889 824 perpessus,
905 747 1049 824 supremis
1069 745 1150 807 tabu·

145 831 181 892 lis
198 831 286 892 multa
300 840 330 891 et
348 831 460 891 anocia
482 831 510 889 in
534 829 701 890 Macronem
716 843 757 890 ‘ac
780 831 958 909 praecipuos
980 828 1152 894 ubenorurc

145 913 282 976 Caesaris
294 915 457 994 conposuit,
473 914 531 993 ipsi
542 913 647 974 lluxam
662 913 743 974 senio
756 922 881 974 ruentem
894 922 924 974 et
936 914 1072 975 continuo
1084 913 1145 974 abs·

145 1015 232 1068 cessa
253 998 334 1059 velut
358 997 475 1058 exilium
499 997 685 1058 oblectando.
721 1014 795 1076 quac
816 996 854 1058 ab
873 995 1031 1057 heredibus
1051 997 1151 1058 occul·

109 1087 134 1129 1⁰
142 1089 200 1142 tata
213 1083 331 1142 recitari
346 1080 480 1142 'liberius
491 1081 583 1160 iussit,
597 1080 762 1160 patientiam
774 1080 915 1142 libertatis
927 1081 1040 1141 alienae
1053 1091 1151 1141 osten·

143 1174 206 1226 tans
231 1174 261 1226 et
283 1171 468 1244 contemptor
490 1182 560 1226 suae
579 1165 728 1241 infamiae,
757 1183 793 1224 an
815 1165 959 1225 scelerum
980 1164 1077 1225 Seiani
1102 1164 1151 1225 din

142 1250 260 1308 nescius
278 1265 347 1309 mox
363 1249 580 1329 quoquomodo
596 1249 672 1309 dicta
686 1247 800 1326 vulgari
811 1248 937 1310 malebat
949 1249 1150 1328 veritatisque,

144 1333 190 1392 cui
206 1332 333 1393 adulatio
350 1332 458 1410 oldcit,
481 1351 536 1412 per
560 1332 669 1411 probra
696 1331 798 1393 saltem
818 1349 926 1410 gnarus
952 1332 1025 1394 lieri.
1057 1333 1150 1394 isdem

143 1416 244 1478 diebus
266 1415 387 1478 Granius
408 1416 571 1478 blarcianus
592 1424 727 1491 senator,
752 1412 817 1476 aG.
834 1414 967 1477 Graccho
989 1416 1153 1481 maiestatis

8 1503 15 1516 '
110 1501 319 1581 ttpostulatus,
335 1502 392 1561 vim
412 1501 488 1561 vitae
501 1518 572 1561 suae
586 1498 693 1577 attulit,
716 1499 877 1579 'l’ariusque
898 1498 1048 1562 Gratianus
1063 1517 1149 1580 praa·

144 1595 208 1652 tura
222 1585 337 1646 iunctus
353 1585 423 1663 lege
438 1584 541 1645 eadem
554 1593 713 1644 extremum
729 1582 765 1644 ad
780 1583 956 1662 supplicium
967 1583 1128 1647 damnatus.

205 1665 257 1730 39.
284 1667 349 1728 Nec
374 1669 507 1747 dispares
535 1666 714 1740 Trebelliani
738 1666 803 1728 Rau
827 1675 857 1727 et
878 1667 970 1728 Sextii
992 1667 1150 1730 Paconiani

144 1754 254 1814 exitus:
274 1769 339 1813 narn
360 1751 564 1813 'lrebellienns
587 1769 639 1812 sna
661 1767 746 1832 manu
766 1749 887 1829 cecidit,
911 1751 1129 1812 Paconianus
1119 1769 1149 1810 ιιι

145 1853 266 1896 carcere
287 1835 325 1895 ob
346 1837 472 1900 carmina
492 1834 554 1896 illic
573 1835 603 1894 in
623 1835 784 1914 principem
803 1834 934 1896 factitata
954 1836 1151 1916 strangulatus

144 1925 198 1981 e'st.
229 1919 303 1980 haec
320 1917 452 1980 'liberius
467 1935 526 1979 non
539 1920 620 1995 mari,
637 1927 667 1978 ut
681 1919 761 1996 olim,
778 1917 886 1980 divisus
899 1937 995 1998 neque
1010 1937 1066 1998 per
1085 1920 1148 1980 lon·

120 2005 272 2082 sginquos
281 2005 395 2064 nuntios
407 2002 582 2082 accipiebat,
600 2001 654 2062 sed
664 2003 767 2064 urbem
780 2004 871 2080 iuxta,
885 2003 987 2065 eodem
999 2013 1030 2063 ιι
1041 2003 1088 2064 die
1101 2003 1148 2063 vel

141 2089 237 2148 noctis
251 2087 405 2147 interiectu
421 2087 514 2148 literis
530 2086 680 2148 consulum
693 2085 886 2165 rescriberet,
902 2088 985 2167 quasi
1001 2089 1150 2167 aspiciens

141 2170 295 2233 undantem
309 2189 364 2250 per
379 2170 482 2232 domos
498 2172 667 2248 sanguinem
687 2180 738 2232 ant
759 2188 859 2232 manns
881 2172 1058 2232 carnificum.
1091 2173 1149 2232 line

142 2257 208 2316 anni
234 2255 390 2334 Poppaeus
416 2254 541 2317 Sabinus
567 2255 716 2328 concessit
744 2255 820 2332 rita,
848 2254 981 2316 modicus
1013 2256 1148 2333 originis,

143 2339 304 2420 principum
325 2339 451 2400 amicitia
473 2337 654 2400 consulatum
679 2357 714 2400 ac
729 2338 903 2418 triumphale
918 2338 1009 2399 decus
1025 2339 1149 2418 adeptus

109 2439 133 2482 ιι
142 2423 331 2502 maximisque
344 2423 503 2524 provinciis
520 2441 575 2502 per
587 2429 721 2501 quattuor
736 2432 765 2484 et
775 2422 877 2500 viginti
888 2439 979 2483 annos
992 2423 1148 2502 inpositus,
1252 2458 1264 2478 .

140 2506 247 2568 nullam
263 2506 301 2567 ob
318 2508 449 2568 eximiam
465 2515 571 2584 artam,
594 2504 646 2565 sed
662 2505 740 2586 quod
758 2523 812 2585 par
831 2506 959 2584 negotiis
980 2523 1075 2585 neque
1100 2525 1146 2566 sn·

161 2609 193 2652 ra
209 2600 288 2652 erat.
410 2609 415 2617 ·

140 2610 159 2671 p
203 2671 254 2736 40.
277 2675 313 2751 Q.
332 2674 459 2736 Plautius
481 2676 551 2736 Sex.
573 2673 715 2798 Papirpps*
738 2637 874 2735 consules
900 2680 1067 2754 swequuntnr
1109 2691 1147 2735 eo

110 2755 829 2919 :lllullll.l.l.ltll.....ltlt
845 2757 1148 2920 illelius-'tul

140 2924 302 2987 Vibulenus
326 2924 461 3004 Agrippa
483 2943 576 3005 eques
595 2927 761 3004 Romanus,
784 2945 848 2986 cum
861 2933 1050 3006 perorassent
1062 2942 1146 2986 accu-

116 3035 128 3075 c
144 3017 268 3087 satores,
284 3010 314 3070 in
330 3009 394 3088 ipsa
409 3011 489 3079 curia
503 3009 704 3090 depromptum
721 3012 785 3072 sinu
799 3027 943 3070 venenum
957 3007 1062 3087 bausit,
1077 3025 1147 3090 pro·

138 3094 297 3174 lapsusque
313 3110 349 3153 ac
363 3092 552 3156 moribundus
563 3094 709 3156 destinatis
727 3093 861 3155 lictorum
883 3092 1013 3155 manibus
1033 3095 1062 3154 in
1084 3111 1150 3154 car-

139 3195 236 3238 cerem
250 3184 350 3257 raptns
374 3185 435 3256 est,
459 3177 619 3257 lancesque
640 3179 696 3236 iam
719 3179 860 3240 exanimis
881 3177 988 3258 laqueo
1010 3184 1147 3239 vexatae.

85 3273 90 3280 '
138 3279 175 3321 ne
189 3261 331 3340 Tigranes
348 3260 473 3339 quidem,
490 3258 628 3323 Armenia
643 3261 786 3339 quondam
800 3263 909 3342 potitus
923 3279 960 3323 cc
975 3269 1045 3323 tunc
1064 3277 1149 3340 rens,

138 3345 254 3405 nominc
268 3345 353 3422 regio
369 3345 515 3425 supplicia
532 3347 637 3407 civium
654 3345 764 3425 elingit.
796 3354 826 3407 at
848 3344 882 3409 G.
906 3344 997 3408 Galba
1010 3345 1146 3406 consula·

105 3448 130 3489 ιι
139 3428 179 3486 ris
194 3438 223 3489 et
249 3430 305 3490 duo
322 3427 420 3488 Blaesi
440 3431 604 3492 voluntario
627 3431 707 3492 exitu
727 3430 878 3511 cecidere,
901 3429 992 3493 Galba
1013 3427 1148 3492 tristibus
