2536 3870
206 140 270 204 mu
433 148 600 198 conuuuu
615 147 733 197 nucum
750 147 955 198 unumunurn

273 311 324 370 44.
352 308 444 368 Trans
460 305 568 384 Lugios
589 303 719 366 Gotones
737 313 915 383 regnantur,
937 305 1025 386 poulo
1046 308 1104 367 ium
1126 310 1218 370 adde
1252 359 1253 362 ,

209 395 284 454 etius
301 411 385 473 quum
407 399 525 452 ceterae
543 389 748 450 Germanorum
763 398 886 467 gentes,
907 389 1032 450 noudum
1053 401 1158 452 tumen
1175 415 1217 454 su
1252 433 1253 450 ι

209 497 263 558 pru
279 477 452 538 libertatem.
484 474 615 555 protinus
630 473 735 534 deiude
754 473 792 534 ob
810 473 928 534 Oceano
947 474 1035 552 Rugii
1060 486 1090 536 et
1112 477 1220 538 Lemo
1252 549 1253 554 γ

208 563 263 633 vii;
288 562 469 638 omniumque
486 557 586 618 bumm
605 562 731 637 gentium
756 559 870 635 insigne
886 558 1008 619 rotunda
1028 570 1135 640 scuta,
1157 563 1216 623 bre
1252 555 1253 630 ξ

208 664 263 706 ves
277 645 365 724 gladii
382 653 411 705 et
428 660 499 722 ergu
513 659 603 721 reges
620 642 799 744 obsequium.

272 732 407 790 Suionum
421 727 489 788 binc
505 727 651 806 civitates,
674 729 746 788 situe
765 729 793 787 iu
812 726 975 806 Oceanum,
996 737 1120 807 praeter
1138 735 1219 791 viros

209 833 346 894 armaque
373 812 515 874 classibus
541 811 647 872 rubent.
689 812 781 890 forme
806 814 919 872 nuvium
945 830 981 872 co
1010 813 1111 872 differt
1141 815 1220 894 quod
1252 817 1253 828 *

208 901 351 978 utrimque
371 914 459 978 proru
477 904 604 977 puratum
623 913 739 976 semper
761 895 893 975 adpulsui
909 897 1033 958 frontem
1057 899 1132 974 agit.
1165 917 1220 960 nec

208 984 283 1042 velis
305 983 465 1042 ministrent
486 997 542 1040 uec
557 997 655 1040 remos
674 983 703 1041 in
727 980 855 1041 ordinem
879 979 1020 1040 luteribus
1038 981 1221 1060 adiungunt:
1252 991 1253 1060 ζ

160 1067 352 1144 ¹resolutum,
380 1075 410 1125 ut
436 1066 464 1125 in
490 1064 658 1144 quibusdum
682 1065 842 1143 fluminum,
872 1072 902 1124 et
921 1063 1079 1142 mutabile,
1105 1076 1140 1127 ut
1171 1085 1219 1126 res
1252 1113 1253 1116 ,

210 1151 321 1230 poscit,
350 1149 417 1212 bine
440 1149 486 1208 uel
509 1149 590 1208 illinc
611 1150 771 1227 remigium.
796 1156 840 1208 est
861 1148 936 1228 opud
956 1149 1026 1209 illos
1051 1159 1083 1208 et
1111 1151 1218 1230 opibus
1252 1181 1253 1230 5

208 1235 317 1314 honos,
341 1251 436 1312 eoque
454 1250 525 1293 unus
541 1233 701 1312 imperitat,
725 1231 810 1292 nullis
826 1233 883 1315 ium
899 1233 1145 1314 exceptionibus,
1160 1253 1214 1295 uon
1252 1233 1253 1242 ³

209 1321 345 1399 precario
366 1321 429 1379 iure
451 1317 581 1398 parendi.
617 1335 673 1376 nec
694 1333 788 1396 arms,
801 1325 838 1376 ut
857 1317 932 1395 apud
954 1326 1074 1378 ceteros
1098 1319 1207 1379 Germa-
1252 1337 1253 1340 ¹

208 1422 278 1482 nos,
298 1405 326 1464 in
343 1403 504 1482 promisco,
525 1401 577 1461 sed
595 1401 692 1461 clausu
707 1400 760 1461 sub
777 1401 916 1478 custode,
932 1410 962 1461 et
979 1400 1100 1480 quidem
1116 1419 1213 1476 seruo,
1252 1431 1253 1478 3

138 1479 141 1486 ’
173 1490 276 1567 usquin
303 1486 416 1548 subitos
443 1485 566 1546 bostium
591 1487 725 1546 incursus
748 1484 885 1563 probibet
911 1483 1064 1562 Oceanus,
1100 1489 1214 1548 otiosus
1252 1507 1253 1510 ¹

166 1567 168 1574 ‘
209 1589 300 1652 porro
324 1580 495 1631 armatorum
519 1587 617 1629 munus
642 1569 730 1630 focile
751 1569 920 1630 lasciviunt:
946 1571 1096 1630 enimuero
1121 1588 1214 1652 neque
1252 1593 1253 1634 ι

208 1655 336 1716 nobilem
350 1673 445 1754 neque
461 1655 630 1732 ingenuum,
652 1671 688 1714 ne
706 1652 868 1722 libertinum
886 1652 999 1732 quidem
1021 1655 1110 1714 ermis
1132 1674 1217 1735 proe-

210 1758 323 1817 ponere
338 1739 420 1814 regin
437 1738 544 1798 utilitas
561 1746 614 1796 est.

176 1857 255 1874 ·····
234 1823 322 1882 Ab.
347 1821 438 1881 Trans
461 1823 584 1881 Suionas
605 1819 682 1881 uliud
697 1839 789 1899 mare,
817 1822 929 1900 pigrum
953 1839 989 1882 nc
1004 1839 1102 1900 prope
1125 1825 1219 1882 inmo

210 1917 283 1982 turm,
311 1923 368 1984 quo
388 1907 465 1982 cingi
490 1905 624 1985 cludique
645 1914 786 1966 terrumm
810 1906 910 1966 orbem
931 1904 997 1965 binc
1018 1905 1110 1982 fides,
1139 1909 1253 1986 quod

211 1999 357 2050 extremus
378 1989 531 2050 cedentis'
523 2001 577 2048 rum
596 1989 667 2068 solis
681 1989 805 2068 fulgor·
796 2008 825 2050 un
840 1999 932 2049 crtum
946 1989 1046 2049 edurat
1061 1989 1140 2050 adeo
1159 1992 1217 2052 ole-

210 2092 274 2153 nus,
290 2082 319 2133 ut
336 2073 432 2135 sideru
446 2072 579 2142 bebetet;
602 2091 703 2134 sonum
720 2076 840 2153 iusuper
855 2075 1031 2150 emergentis
1047 2073 1142 2133 audiri
1159 2075 1217 2134 ior·

185 2177 329 2234 smusque
349 2176 489 2236 equorum
508 2167 537 2218 et
559 2158 655 2217 radios
677 2159 779 2236 cupitis
807 2157 918 2236 euspici
941 2157 1094 2235 persuasio
1117 2158 1218 2218 edicit.

210 2242 280 2301 iiiuc
300 2260 411 2320 usque,
435 2251 463 2302 et
483 2242 557 2302 famu
575 2260 660 2320 veru,
683 2251 789 2302 tuntum
807 2250 915 2302 natura.
945 2258 1018 2319 ergo
1036 2241 1091 2300 ium
1110 2242 1217 2302 dextro

211 2325 328 2385 Suebici
344 2326 430 2386 muris
451 2326 536 2386 litore
553 2325 718 2385 Aestiorum
740 2335 846 2404 gentes
863 2324 1030 2402 adluuntur,
1054 2325 1163 2402 quibus
1180 2329 1215 2385 ri·
1252 2399 1253 2402 Ἴ

210 2419 256 2469 ιιι
279 2408 453 2490 habitusque
473 2408 649 2486 Sueborum,
673 2407 769 2486 lingua
791 2409 974 2470 Brituunicue
993 2410 1127 2488 propior.
1159 2429 1213 2470 mu-

209 2504 282 2554 trem
306 2493 389 2554 derum
414 2502 597 2553 venerantur.
630 2495 742 2572 insigne
764 2493 979 2573 superstitionis
996 2493 1105 2553 icrmus
1128 2513 1213 2575 upro·
1252 2511 1253 2532 ³

168 2596 270 2640 sorum
285 2587 416 2656 gestant:
436 2577 464 2636 id
479 2595 533 2656 pro
549 2579 635 2636 ermis
650 2578 786 2656 omnique
806 2577 895 2638 tutela
910 2593 1043 2637 securum
1058 2576 1135 2638 dese
1155 2578 1211 2638 cui·

211 2672 304 2722 torem
326 2662 410 2721 etiem
426 2663 501 2721 inter
518 2659 610 2720 bostis
630 2670 769 2739 praesint.
799 2679 881 2722 rurus
902 2660 990 2739 ferri,
1012 2661 1154 2740 frequens
1173 2663 1212 2722 fu·

211 2747 293 2806 stium
307 2763 386 2804 usus.
414 2745 552 2806 frumento
570 2753 745 2824 ceterosque
756 2745 870 2806 ¹fructus
888 2745 1043 2824 patientius
1061 2763 1147 2824 quam
1162 2763 1212 2825 pro
1252 2783 1253 2790 ι

211 2829 296 2888 solitu
315 2828 518 2889 Germanorum
535 2830 637 2890 inertia
658 2827 799 2890 laborent.
829 2829 881 2889 sed
898 2837 927 2888 et
941 2845 1021 2888 mure
1039 2839 1213 2904 scrutentur,
1252 2837 1253 2860 ³

211 2933 246 2973 uo
261 2911 316 2972 soli
329 2914 451 2972 omnium
467 2914 611 2989 sueinum,
627 2912 705 2993 quod
718 2914 776 2992 ipsi
790 2913 904 2991 glesum
920 2921 1038 2991 vocent,
1055 2915 1131 2972 iuter
1141 2913 1214 2973 uude
1252 2939 1253 2942 ¹

172 3006 296 3076 ¹rerutque
317 2997 344 3055 in
367 2997 432 3075 ipso
459 2995 544 3056 litore
565 2998 676 3075 legunt.
706 3015 762 3056 nec
784 3014 858 3076 quse
878 3005 979 3056 nuturu
1003 3014 1117 3076 quaeue
1138 2998 1214 3057 ustio
1252 2967 1253 3028 ¹

210 3082 326 3159 gignet,
345 3089 375 3140 ut
390 3079 537 3158 burbonis,
554 3081 713 3159 quaesitum
729 3091 962 3160 compertumue;
979 3079 1027 3140 diu
1043 3082 1112 3160 quin
1128 3082 1214 3142 etium

209 3167 285 3224 iuter
302 3174 401 3225 cetero
418 3165 607 3224 eiectamenta
624 3167 710 3224 muris
728 3164 854 3245 iueebut,
875 3165 970 3226 donec
985 3163 1098 3225 luxuria
1113 3174 1211 3226 nostro

211 3247 289 3308 dedit
308 3265 423 3309 nomen.
454 3249 526 3328 rpsrs
543 3267 570 3306 m
587 3249 666 3309 nullo
689 3268 756 3310 usu:
773 3250 844 3309 rude
860 3249 984 3326 legitur
1009 3248 1131 3308 informe
1147 3267 1209 3328 per

206 3331 302 3390 fertur
310 3335 520 3411 ,pretiumque
543 3333 679 3393 mirantes
701 3334 856 3412 occipiunt.
892 3350 990 3393 sucum
1010 3341 1105 3392 temen
1126 3331 1253 3392 urbo·
1252 3343 1253 3390 ι

172 3436 201 3475 so
211 3430 271 3472 rum
290 3431 357 3474 esse
372 3415 544 3507 intellegas,
561 3417 626 3496 quis
642 3425 757 3477 terrena
772 3415 912 3496 quaedum
928 3424 1015 3495 utque
1031 3416 1114 3475 etium
1129 3415 1206 3476 unio
