2540 3874
157 174 198 236 76
417 185 582 236 conranni
594 184 711 234 raornr
723 185 907 234 summram

158 343 263 403 ierunt.
296 349 411 418 cursant
426 360 480 420 per
495 343 614 420 urbem,
630 341 784 401 moliuntur
808 339 983 418 templorum
1003 339 1098 407 iores;
1121 339 1166 400 in·

159 435 208 486 vat
224 425 425 488 credulitatem
439 444 498 487 non
514 426 720 506 etpromptior
736 425 811 485 inter
831 422 967 485 tenebras
991 422 1161 485 adfirmatio.

123 527 214 574 conec
232 508 343 571 obstitit
357 509 439 571 falsis
457 510 609 591 Tiberius,
634 509 728 571 donec
748 517 881 587 tempore
902 524 937 569 ac
957 506 1052 586 spatio
1074 523 1166 567 vane·

85 635 89 643 -
159 602 294 657 scerent:
311 602 341 653 et
358 593 483 672 populus
499 596 582 674 quasi
594 611 706 654 rursum
723 601 855 670 ereptum
870 591 965 652 acrius
981 589 1082 651 doluit.

221 676 272 739 83.
295 677 446 755 Honores,
465 688 501 739 ut
521 679 585 758 quis
606 694 705 738 amore
720 677 750 738 ln
766 674 966 739 Germanicum
981 682 1028 734 ant
1045 674 1167 752 ingenio

159 761 289 837 validus,
310 763 421 841 reperti
438 762 624 842 decretique:
645 770 675 821 ut
698 777 803 822 nomeu
825 759 887 820 eius
909 758 1013 820 Saliari
1036 759 1167 819 carmine

160 853 329 916 caneretur;
342 846 430 906 sedes
442 846 558 908 curules
570 843 752 909 sacerdotum
764 843 964 923 Augustalium
975 841 1050 903 locis
1060 859 1163 922 super-

160 948 217 1009 que
234 929 295 994 'eas
321 947 468 1008 querceae
497 947 624 991 coronae
652 937 862 998 statuerentur;
893 926 976 989 ludos
1013 925 1168 986 circenses
1260 943 1261 968 t

136 1039 148 1078 a
161 1013 270 1075 eburna
282 1012 397 1091 efligies
410 1015 555 1092 praeiret,
578 1031 653 1074 neve
666 1014 730 1092 quis
743 1011 847 1074 damen
864 1019 912 1074 aut
924 1027 1016 1088 augur
1027 1009 1165 1071 inlocum

159 1096 321 1180 Germanici
343 1098 398 1156 nisi
415 1099 510 1175 gentis
531 1096 621 1160 Iuliae
642 1105 801 1158 crearetur.
837 1111 921 1157 arcus
944 1093 1031 1155 additi
1051 1091 1168 1154 llomae

160 1191 189 1242 et
206 1181 281 1259 apud
293 1182 385 1260 ripam
401 1180 495 1243 Rheni
514 1191 543 1242 et
560 1183 588 1241 in
602 1189 698 1242 monte
713 1181 815 1242 Suriae
831 1179 960 1254 Amano,
982 1195 1045 1237 curn
1061 1179 1163 1252 inscri-

159 1265 258 1344 ptione
280 1282 376 1325 rerum
399 1274 547 1343 gestarum
567 1283 603 1326 ac
626 1273 747 1325 mortem
763 1262 871 1324 obrem
884 1261 1029 1342 publicam
1045 1260 1168 1329 obisse,
1260 1289 1261 1324 2

160 1349 346 1430 sepulchrum
360 1348 551 1427 Antiochiae,
569 1349 616 1410 ubi
635 1356 795 1426 crematus,
817 1346 941 1409 tribunal
961 1344 1164 1425 Epidaphnae,
1260 1369 1261 1408 t

125 1449 148 1491 ro
160 1450 216 1512 quo
237 1433 265 1493 iu
280 1433 348 1494 loco
363 1433 450 1494 vitam
466 1435 588 1495 linierat.
619 1442 774 1495 statuarum
794 1431 964 1492 locorumve
986 1429 1015 1490 iu
1033 1429 1096 1508 quis
1112 1446 1164 1489 co·
1260 1485 1261 1508 ,

158 1517 272 1578 leretur
297 1513 373 1578 baud
405 1517 492 1579 facile
515 1519 578 1597 quis
598 1535 746 1578 numerum
768 1516 873 1576 inierit.
913 1532 977 1576 curn
993 1521 1166 1574 censeretur
1260 1513 1261 1602 l

155 1601 273 1680 clipeus
290 1617 360 1660 auro
378 1609 407 1662 et
421 1601 616 1680 magnitudine
633 1602 753 1679 insignis
774 1603 849 1662 inter
864 1607 1001 1661 auctores
1022 1597 1164 1678 eloquen·
1260 1605 1261 1682 j

158 1685 232 1762 tiae,
258 1682 443 1749 adseveravit
460 1685 595 1746 'liberius
613 1685 727 1746 solitum
748 1701 907 1763 paremque
928 1683 1035 1745 ceteris
1054 1682 1184 1745 dicatu·
1260 1685 1261 1760 J

158 1787 235 1828 rum:
256 1785 351 1846 neque
373 1769 447 1829 enim
469 1769 663 1849 eloquentiam
683 1769 798 1829 iortuna
819 1767 971 1845 discerni,
984 1775 1013 1827 et
1037 1766 1107 1830 satis
1121 1767 1164 1826 in·
1260 1771 1261 1802 l

124 1852 268 1928 1⁵lustre,
287 1853 313 1910 si
327 1859 444 1914 veteres
461 1853 536 1914 inter
548 1855 709 1934 scriptores
727 1851 893 1914 haberetur.
928 1859 1066 1930 equester
1089 1850 1164 1911 ordo

161 1952 282 1996 cuneum
295 1933 456 1998 Germanici
468 1937 627 2016 appellavit
639 1937 688 2018 qni
700 1937 840 1997 iuniorum
853 1936 1013 2012 dicebatur,
1029 1935 1163 1995 instituit·

160 2039 216 2100 que
235 2021 274 2080 uti
291 2028 401 2080 turmae
416 2021 511 2082 idibus
527 2021 605 2082 Iuliis
621 2021 772 2100 imaginem
788 2022 849 2080 eius
868 2027 1069 2099 sequerentur.
1100 2019 1164 2098 ple·
1260 2025 1261 2084 t

158 2122 250 2184 raque
265 2114 394 2165 manent:
416 2105 557 2184 quaedam
573 2106 667 2167 statim
682 2105 788 2168 omissa
803 2112 869 2164 sunt
891 2113 938 2165 aut
961 2111 1088 2164 vetustas
1112 2102 1164 2163 ob·
1260 2097 1261 2176 l

159 2189 180 2248 li
195 2189 296 2248 eravit.

182 2197 192 2249 ι
225 2269 275 2332 84.
308 2251 443 2333 Ceterum
468 2274 581 2334 recenti
605 2273 699 2335 adhuc
722 2272 863 2335 maestitia
888 2288 974 2332 soror
1001 2270 1167 2334 Germanici

131 2389 134 2392 ·
158 2354 248 2434 Livia,
265 2364 350 2435 nupta
365 2355 472 2432 Druso,
492 2357 565 2418 duos
580 2357 671 2418 virilis
687 2376 776 2419 sexus
795 2356 880 2417 simul
893 2356 979 2416 enixa
994 2364 1048 2416 est.
1084 2354 1165 2434 quod
1260 2343 1261 2426 f

158 2457 253 2499 rarum
269 2441 434 2519 laetamque
450 2441 534 2501 etiam
548 2441 668 2501 modicis
683 2441 835 2521 penatibus
857 2448 935 2500 tanto
958 2439 1062 2518 gaudio
1084 2440 1162 2517 prin·
1260 2431 1261 2510 ζ

160 2525 254 2601 cipem
270 2523 388 2600 adiecit,
406 2532 506 2584 utnon
522 2527 729 2603 temperaverit
746 2527 813 2605 quin
828 2525 948 2586 iactaret
961 2522 1036 2602 apud
1049 2529 1162 2600 patres,
1260 2519 1261 2596 l

136 2607 229 2671 snalli
246 2615 311 2668 ante
327 2606 519 2668 Romanorum
536 2609 665 2670 eiusdem
679 2609 787 2688 fastigii
801 2610 865 2669 viro
881 2609 1021 2687 geminam
1042 2606 1164 2686 stirpem

159 2691 280 2760 editam;
296 2709 360 2752 nam
378 2701 491 2770 cuncta,
508 2694 594 2755 etiam
608 2693 736 2771 fortuita,
753 2693 789 2755 ad
803 2693 927 2772 gloriam
937 2691 1081 2754 vertebat.
1109 2690 1164 2751 sed
1260 2697 1261 2772 J

159 2774 269 2853 populo
287 2774 336 2836 tali
351 2777 380 2835 in
395 2785 527 2855 tempore
542 2775 571 2837 rii
588 2794 703 2856 quoqne
721 2777 853 2839 dolorem
868 2777 941 2854 tulit,
956 2785 1098 2856 tamquam
1114 2793 1162 2836 an·

159 2867 222 2918 etus
238 2858 337 2918 liberis
353 2859 466 2920 Drusus
481 2861 595 2922 domum
612 2859 772 2923 Germanici
786 2863 878 2940 magis
896 2870 1044 2938 urgueret.

187 2979 190 2986 ·
218 2941 268 3004 85.
292 2944 401 3004 Eodem
422 2962 495 3005 anno
520 2945 658 3023 gravibus
678 2956 806 3007 senatus,
820 2945 947 3006 decretis
969 2944 1060 3006 libido
1079 2944 1162 3006 femi·

157 3044 255 3086 narum
273 3029 401 3090 coercita
417 3039 606 3112 cautumque,
625 3048 662 3091 ne
678 3039 828 3110 quaestum
845 3046 971 3108 corpore
987 3029 1100 3090 iaceret
1116 3027 1162 3088 cui
1260 3049 1261 3052 ¹

157 3128 229 3171 avus
244 3119 292 3171 aut
307 3119 390 3190 pater
406 3121 453 3173 aut
468 3115 585 3176 maritos
609 3132 701 3193 eques
717 3112 862 3174 Romanus
882 3114 997 3175 fuisset.
1027 3130 1091 3173 nam
1111 3110 1164 3172 Vi·
1253 3115 1261 3156 *3

157 3193 232 3254 stilia
258 3195 405 3274 praetoria
427 3196 534 3260 familia
556 3198 654 3276 genita
674 3197 819 3260 licentiam
841 3199 933 3277 stupri
955 3198 1033 3278 apud
1049 3196 1165 3258 aediles
1260 3209 1261 3268 ζ

135 3277 338 3355 evulgaverat,
355 3295 436 3342 more
452 3283 527 3344 inter
543 3291 661 3342 veteres
675 3291 815 3362 recepto,
840 3283 889 3361 qui
910 3282 980 3343 satis
1003 3297 1163 3360 poenarum
1260 3277 1261 3336 l

156 3360 309 3422 adversum
328 3363 479 3443 inpudicas
506 3366 535 3426 in
559 3366 622 3446 ipsa
650 3365 837 3447 professione
863 3365 964 3444 flagitii
991 3364 1161 3426 credebant.
1260 3419 1261 3444 ,

156 3454 288 3506 exactum
305 3455 334 3508 et
354 3447 489 3510 aTitidio
504 3447 641 3512 Labeone
657 3450 921 3530 Vistiliaemarito,
944 3468 996 3511 cur
1018 3449 1047 3509 in
1066 3465 1162 3513 uxore
1260 3445 1261 3450 ’
