2540 3874
173 175 213 234 44
419 181 583 232 couniunt
603 181 720 232 unctm
740 183 923 232 lunatum

151 338 284 408 otacilius
304 338 407 400 doctus
429 337 603 409 tolerarent;
627 337 766 417 quaedam
788 338 892 419 planae
915 341 1038 418 carinis,
1059 350 1090 402 ut
1110 342 1174 403 sine

169 441 249 486 noxa
264 422 406 493 siderent;
428 421 530 502 plures
547 421 687 501 adpositis
702 423 844 502 utrimque
859 423 1081 505 gubernaculis,
1104 443 1174 487 con·

170 525 257 574 verso
278 517 309 568 ut
328 515 450 587 repente
464 506 586 584 remigio
602 505 669 567 binc
683 505 732 566 uel
750 506 830 569 illinc
846 506 1042 588 adpellerent;
1066 509 1174 572 multae

171 592 306 677 pontibus
320 599 449 667 stratae,
464 607 554 669 super
569 607 641 669 quas
657 598 800 652 tormenta
814 591 1006 671 veherentur,
1025 593 1108 654 simul
1123 613 1173 674 ap·

170 691 217 742 tae
237 675 367 737 ferendis
384 675 467 753 equis
483 682 531 735 aut
546 676 732 746 commeatui:
752 675 827 736 velis
842 674 972 756 habiles,
994 680 1069 739 citae
1085 681 1175 738 remis

137 756 349 840 rcaugebantur
369 758 518 820 alacritate
539 758 657 820 militum
678 759 707 819 in
728 759 858 838 speciem
880 779 915 821 ac
942 771 1095 823 terrorem.
1130 763 1174 822 in·

170 848 233 910 sula
246 845 419 906 Batavorum
438 844 468 903 in
489 859 575 922 quam
596 843 786 904 convenirent
805 844 970 924 praedicta,
1002 845 1051 908 ob>
1066 845 1176 907 iacllcs

169 931 306 1011 adpulsus
328 925 565 1007 accipiendisque
585 928 679 1006 copiis
699 936 729 988 et
748 928 993 990 nansmittendum
1014 929 1050 992 ad
1064 928 1176 990 bellum

170 1023 343 1096 opportuna.
367 1029 431 1072 nam
450 1010 570 1072 Rhenus
594 1029 652 1072 unc
682 1010 767 1073 alveo
796 1015 947 1073 continuus
972 1023 1020 1076 aut
1042 1013 1177 1075 modicas

158 1098 276 1161 ‘insulas
300 1095 530 1159 circumveniens
553 1094 628 1174 apud
651 1096 822 1176 principium
844 1097 907 1174 agri
923 1096 1023 1158 Batavi
1042 1097 1123 1158 velut
1146 1101 1176 1158 in

135 1183 243 1245 scduos
268 1198 368 1242 amnes
388 1178 537 1258 dividitur,
563 1188 720 1259 servatque
745 1197 850 1240 nomen
871 1189 900 1241 et
922 1181 1089 1244 violentiam
1109 1200 1175 1244 cur·

169 1287 238 1343 sus,
261 1284 317 1346 qua
332 1263 512 1326 Germaniam
527 1261 731 1342 praeuehitur.
754 1265 850 1327 donec
865 1264 982 1326 Oceano
1001 1265 1175 1332 misceatnrt

168 1352 204 1414 ad
216 1350 355 1413 Gallicam
365 1349 459 1427 ripam
472 1347 560 1408 latior
572 1357 602 1408 et
612 1347 755 1430 placidior
766 1347 896 1410 adfluens
906 1383 949 1398 --
959 1367 1047 1411 verso
1061 1363 1170 1429 ccgne·

167 1445 264 1497 mento
274 1432 415 1496 Vahalem
427 1431 548 1494 accolae
557 1431 655 1493 dicunt
668 1466 726 1509 -‚
741 1450 811 1494 mox
823 1431 852 1494 id
866 1451 983 1514 quoque
998 1433 1180 1508 vocabulum

167 1528 256 1582 mutat
269 1518 353 1580 blesa
376 1517 491 1578 bomine
511 1517 631 1596 eiusque
655 1518 787 1578 inmenso
811 1535 867 1578 cre·
887 1516 1010 1578 eundem
1032 1520 1061 1579 in
1079 1517 1174 1579 Ocea-

134 1618 159 1661 et
169 1623 235 1666 num
250 1601 411 1664 efftmditur.

233 1690 262 1748 7.
293 1685 352 1748 Sed
375 1684 500 1762 casem,
530 1685 594 1746 dum
617 1684 768 1763 adiguntur
789 1702 895 1764 naves,
923 1687 1025 1752 Silium
1046 1687 1175 1764 legatum

169 1791 233 1834 cum
248 1769 384 1850 expedita
399 1785 483 1829 manu
497 1770 689 1848 inmptionem
703 1769 733 1827 in
748 1767 869 1830 Gbattcs
883 1771 983 1831 lacere
997 1769 1092 1832 iubet:
1107 1772 1116 1830 i
1120 1789 1174 1850 pse
1262 1765 1263 1778 ¹

168 1856 264 1918 audito
287 1853 436 1914 castellum
454 1851 561 1933 Lupiae
584 1853 690 1914 flumini
709 1851 870 1933 adpositum
889 1853 1036 1933 obsideri,
1056 1873 1111 1914 sex
1132 1854 1172 1915 le·

167 1942 272 2020 giones
295 1953 331 1998 eo
354 1936 443 1998 duxit.
480 1953 576 2016 neque
592 1937 665 1998 Silio
688 1935 725 1996 ob
741 1936 853 1998 subitos
868 1939 974 1999 imbres
989 1937 1065 2000 aliud
1079 1947 1174 1999 actum

147 2039 254 2104 squam
276 2029 306 2081 ut
320 2019 461 2082 modicam
477 2019 614 2099 praedam
630 2028 659 2080 et
674 2019 748 2100 Arpi
764 2023 905 2103 principie
921 2021 1088 2084 Chattorum
1103 2040 1174 2082 ecn-

167 2111 263 2184 iugem
285 2104 431 2184 liliumque
452 2113 587 2183 raperet,
609 2121 704 2183 neque
720 2103 841 2166 Caesari
857 2106 970 2186 copiam
987 2124 1103 2185 pugnae
1120 2124 1174 2188 op·

167 2207 303 2253 sessores
325 2190 442 2266 iecere,
461 2187 497 2249 ad
517 2189 621 2250 famam
642 2188 781 2256 adventus
804 2192 866 2250 eius
888 2190 1007 2271 dilapsi:
1036 2190 1174 2252 tumulum

162 2283 262 2336 tamen
282 2291 375 2355 nuper
392 2273 526 2334 Varianis
547 2272 713 2352 legionibus
734 2282 873 2334 structum
893 2282 923 2336 et
945 2284 1074 2336 veterem
1093 2292 1173 2336 aram
1260 2275 1261 2280 ’

163 2360 262 2421 llruso
277 2358 360 2419 sitam
374 2356 558 2418 disieceraut.
587 2358 712 2418 restituit
729 2375 807 2418 aram
815 2357 978 2439 honorique
995 2359 1173 2438 patrisprin·
1260 2351 1261 2384 ³

133 2461 241 2524 inceps
256 2444 321 2522 ipse
342 2459 406 2502 eum
430 2440 594 2519 legionibus
617 2439 797 2512 decucurrit;
820 2443 955 2506 tumulum
975 2444 1081 2504 iterare
1094 2441 1171 2501 baud
1260 2435 1261 2463 ³

167 2531 269 2589 visum
304 2533 334 2586 et
349 2533 452 2586 cuncta
466 2527 541 2585 inter
558 2525 708 2586 castellum
724 2525 876 2588 Alisonem
891 2545 926 2588 ac
939 2526 1068 2590 Rhenum
1084 2525 1174 2584 novis

166 2609 304 2674 limitibus
319 2607 536 2688 aggeribusque
552 2611 722 2689 permunita.
1259 2606 1260 2658 l

230 2695 259 2757 8.
281 2694 399 2772 lamque
423 2693 526 2754 elassis
550 2692 720 2773 aduenerat,
744 2711 808 2754 eum
828 2694 988 2775 praemisso
1012 2703 1174 2756 commeatu
1259 2691 1260 2726 ³

167 2789 197 2842 et
215 2778 373 2856 distributis
387 2777 417 2837 in
432 2777 566 2856 legiones
583 2795 619 2840 ac
637 2778 736 2838 socios
750 2777 872 2840 navibus
888 2779 1019 2856 fossam,
1038 2779 1085 2840 eui
1099 2777 1174 2839 Dru·

166 2866 266 2924 sienae
287 2879 407 2941 nomen,
429 2863 579 2938 ingressus
601 2871 796 2942 precatusque
818 2863 941 2924 Drusum
962 2872 1075 2943 patrem
1096 2871 1126 2922 nt
1140 2880 1175 2923 se

167 2945 268 3008 eadem
293 2963 392 3008 ausum
413 2945 508 3007 libens
528 2946 719 3026 placatusque
740 2949 876 3026 exemplo
897 2965 931 3010 ae
947 2949 1086 3008 memoria
1104 2963 1175 3008 eon·

140 3048 152 3090 ι
166 3031 295 3093 siliceum
311 3038 397 3110 atque
413 3046 534 3111 operum
548 3031 672 3110 iuraret,
695 3031 777 3094 lacus
791 3032 857 3094 inde
875 3040 903 3092 et
919 3031 1065 3093 Oceanum
1080 3049 1176 3110 usque

169 3118 204 3179 ad
222 3119 358 3178 Amisiam
383 3118 488 3178 flumen
504 3118 634 3177 secunda
653 3118 838 3193 navigatione
859 3115 1035 3194 pervehitur.
1066 3112 1172 3175 elassis
1257 3133 1258 3136 ¹

168 3203 297 3263 Amisiae
309 3219 361 3264 cre
379 3200 480 3262 relicta
501 3200 587 3261 laevo
603 3217 696 3279 amne,
717 3208 899 3279 erratumque
918 3200 948 3260 in
969 3215 1006 3260 ec
1019 3197 1097 3276 qucd
1111 3215 1171 3258 non
1257 3203 1258 3240 l

169 3284 306 3346 subvexit
316 3294 368 3348 aut
377 3285 555 3364 transposuit
564 3283 682 3345 militem
699 3283 817 3344 dextras
833 3285 863 3344 in
880 3292 973 3344 terras
991 3283 1108 3352 iturum;
1127 3283 1168 3341 ita

169 3369 267 3447 plures
279 3368 342 3430 dies
354 3368 514 3430 efficiendis
526 3368 664 3447 pontibus
678 3367 831 3447 absumpti.
853 3375 883 3428 et
896 3384 989 3445 eques
1007 3365 1122 3445 quidem
1136 3382 1173 3424 ac

118 3469 155 3510 uc
168 3451 302 3530 legiones
315 3455 405 3532 prima
418 3452 572 3531 aestuaria,
584 3450 708 3514 nondum
721 3452 910 3514 adcrescente
927 3450 1013 3530 voute,
1031 3448 1170 3528 intrepidi
