2570 3878
409 165 514 214 LIBER
536 166 611 214 nun.
635 167 711 216 cnr.
733 166 866 221 12—16.
1080 159 1139 222 231

124 324 246 410 ,piendo
264 325 354 404 patris
369 321 504 401 imperio,
521 321 599 402 quod
615 322 716 383 insitus
736 332 764 384 et
781 324 935 405 adoptivus
952 344 1005 407 per
1026 325 1142 387 iniurias

135 411 236 472 matris
252 415 416 470 exerceret.
449 423 508 466 non
520 407 648 468 abnuere
659 425 692 468 se
705 410 772 488 quin
786 419 889 471 cuncta
900 409 1026 471 infelicis
1040 409 1142 470 domus

136 495 211 556 mala
227 494 416 572 patelierent,
440 509 509 553 suae
533 493 562 550 in
584 491 683 570 primis
704 494 837 572 nuptiae,
856 512 936 554 sunm
952 494 1141 555 veneficium:

135 581 166 642 id
178 578 276 640 ‘solnm
292 577 336 638 dis
352 584 381 636 et
396 573 450 636 sibi
466 575 613 655 prouisum
630 576 708 655 qnod
724 578 837 638 viveret
853 579 1013 658 privignus.
1038 579 1141 640 ituram

137 682 201 726 cum
215 663 266 724 illo
283 664 313 723 in
325 668 434 730 castra;
451 659 596 721 audiretur
610 659 677 720 hinc
690 661 852 724 Germanici
870 663 938 740 lilia,
957 663 1024 724 iude
1037 661 1141 723 debilis
1151 689 1175 731 η

136 765 237 806 rursus
260 745 368 806 burrus
392 753 422 806 et
452 743 519 805 exul
536 745 658 824 Seneca,
673 755 774 808 trunca
795 746 910 808 scilicet
928 766 1012 809 manu
1028 757 1056 808 et
1074 765 1141 827 pro·

135 831 263 892 fessonia
279 830 378 906 lingua
391 830 510 906 generis
524 829 638 890 humani
650 831 781 907 regimen
797 832 1028 911 expostulantes.
1059 831 1142 892 simul

136 913 287 976 intendere
309 930 424 992 manns,
450 929 593 992 oggerere
610 914 733 995 probra,
760 925 963 978 consecratum
981 913 1141 993 Claudium,

134 1001 267 1060 internos
282 997 443 1059 Silanorum
457 1016 557 1059 manes
569 999 707 1060 invocare
722 1009 752 1062 et
767 1010 809 1062 tot
824 1002 909 1063 inrita
925 1001 1065 1063 facinora.
1170 1008 1173 1017 ‘

199 1085 248 1146 15.
275 1081 417 1144 Turbatus
438 1081 482 1142 his
500 1082 582 1143 Nero
606 1092 636 1145 et
655 1087 821 1166 propinquo
844 1085 907 1164 die,
930 1102 988 1165 quo
1011 1095 1142 1166 quartum

135 1169 287 1230 decumum
308 1168 410 1228 aetatis
432 1184 534 1228 annum
556 1167 738 1230 Britannicus
763 1169 916 1250 explebat,
940 1169 1073 1231 volutare
1095 1189 1140 1232 se·

137 1272 201 1314 cunr
216 1252 302 1314 modo
317 1253 414 1312 matris
430 1251 611 1330 uiolentiam,
632 1253 717 1315 inodo
734 1256 824 1335 ipsius
840 1255 982 1332 indolem,
1005 1255 1063 1315 levi
1079 1256 1141 1333 qui-

136 1338 202 1400 dem
225 1338 427 1417 experimento
447 1355 540 1416 nuper
561 1337 720 1418 cognitam,
743 1357 800 1419 quo
823 1349 916 1402 tamen
938 1340 1069 1400 favorem
1083 1338 1141 1400 late
1240 1335 1243 1340 ’

137 1423 340 1502 quaesivisset.
374 1421 456 1482 iestis
473 1421 596 1482 Saturno
619 1421 720 1483 diebus
740 1423 815 1484 inter
835 1423 891 1485 alia
914 1422 1077 1502 aequalium
1099 1421 1166 1491 lus

136 1508 216 1568 diora
231 1524 352 1584 regnum
366 1504 430 1565 lusu
446 1505 625 1566 sortientium
641 1515 780 1568 euenerat
792 1525 827 1568 ea
839 1525 905 1568 sors
916 1505 1036 1567 Neroni.
1053 1507 1141 1584 igitur

137 1593 246 1654 ceteris
261 1590 376 1651 diversa
397 1607 453 1650 neo
475 1589 611 1651 ruborem
632 1590 777 1653 adlatura:
801 1591 849 1652 ubi
872 1589 1036 1652 britannico
1057 1593 1142 1652 iussit

137 1683 311 1753 exsurgeret
334 1691 569 1754 progressusque
591 1676 620 1736 in
643 1674 766 1736 medium
789 1684 902 1738 cantum
925 1675 1048 1754 aliquem
1071 1676 1140 1736 inci·

138 1769 233 1841 peret,
249 1761 366 1820 inrisum
382 1776 466 1820 exeo
483 1777 606 1839 sperans
621 1761 703 1839 pueri
719 1760 836 1822 sobrios
849 1765 966 1841 quoqne
978 1760 1139 1838 convictus,

137 1844 240 1905 nedum
259 1842 432 1904 temulentos
446 1844 616 1922 ignorantis,
631 1844 682 1906 ille
698 1854 1005 1907 constanter-exorsus
1020 1852 1065 1904 est
1078 1843 1140 1904 dar·
1152 1857 1175 1898 ro
1272 1874 1275 1880 ,

138 1943 218 2007 nen,
244 1946 301 2009 quo
318 1927 462 1988 evolutum
482 1947 546 1988 eum
561 1928 632 1990 sede
650 1931 742 2009 patria
757 1929 905 2010 rebusque
920 1929 1035 1989 summis
1052 1929 1140 2007 signi·

134 2013 286 2076 litabatur.
319 2011 394 2072 unde
410 2021 473 2074 orte
488 2013 636 2074 miseratio
649 2014 838 2092 manifestior,
856 2014 923 2094 quin
940 2012 1140 2074 dissimulatio·

135 2117 202 2178 nem
218 2115 276 2157 non
293 2105 322 2158 et
336 2096 631 2158 lascivia-exemerat.
661 2097 742 2160 Nero
757 2098 906 2159 intellecta
924 2097 1029 2158 inuidia
1046 2096 1141 2157 odium

128 2183 271 2251 .intendit;
295 2181 544 2260 urguentibnsqne
558 2180 741 2263 Agrippinae
756 2183 857 2259 minis,
881 2181 1069 2261 quianullum
1085 2181 1140 2241 ori·

135 2266 201 2329 men
217 2284 312 2344 neque
327 2264 428 2336 iubere
443 2264 562 2327 caedem
578 2266 675 2328 fratris
691 2266 786 2346 palam
798 2265 932 2343 audebat,
953 2265 1069 2327 occulta
1080 2283 1140 2325 mo·
1151 2278 1176 2319 ¹⁵

136 2351 203 2413 litur
218 2351 372 2431 pararique
390 2369 531 2412 venenum
548 2350 644 2430 iubet,
665 2352 794 2412 ministro
809 2350 942 2412 Pollione
962 2349 1035 2410 lulio
1058 2367 1141 2428 prae-

137 2437 230 2499 toriae
245 2433 376 2497 cohortis
391 2433 520 2512 tribuno,
538 2436 618 2495 cuins
634 2453 702 2496 cura
721 2434 894 2498 attinebatur
907 2433 1038 2496 damnata
1052 2451 1140 2494 vene-

136 2522 200 2584 neti·
211 2521 327 2580 nomine
340 2518 466 2582 Locusta
481 2521 567 2580 multa
585 2520 729 2581 scelerum
744 2520 829 2582 lama.
862 2537 927 2580 narn
947 2527 977 2579 ut
992 2519 1141 2597 proximus

137 2607 260 2687 quisque
275 2603 441 2676 Britannico
456 2621 551 2683 neque
564 2605 608 2666 ins
619 2623 714 2684 neque
727 2603 812 2666 iidem
825 2605 909 2683 pensi
920 2601 1053 2679 haberet,
1072 2601 1141 2662 olim

137 2691 285 2770 provisum
304 2697 375 2750 erat.
401 2691 522 2769 primum
544 2707 686 2750 uenenum
709 2688 744 2750 ab
766 2688 838 2768 ipsis
864 2685 1069 2748 educatoribus
1091 2697 1175 2746 aeto

135 2775 232 2854 cepit,
261 2774 440 2854 tramisitque
464 2773 597 2835 exsoluta
621 2774 687 2836 alvo
712 2772 966 2854 parumualidum‚
993 2773 1056 2832 sive
1070 2779 1140 2832 tem-

137 2867 335 2939 peramentum
357 2858 450 2919 inerat
466 2876 504 2918 ne
524 2859 617 2918 statim
633 2860 770 2920 saeviret.
797 2856 849 2919 sed
863 2856 943 2917 Nero
960 2855 1030 2917 lenti
1046 2855 1140 2916 scele-

137 2943 332 3023 risinpatiens
354 2939 477 3004 minitari
499 2941 630 3020 tribuno,
656 2943 758 3004 iubere
781 2941 954 3021 supplicium
976 2940 1140 3016 veneficae,

135 3026 225 3110 qnod,
241 3027 306 3088 dum
319 3043 464 3088 rumorem
479 3027 654 3105 respiciunt,
668 3027 733 3088 dum
748 3036 851 3106 parant
866 3024 1071 3102 detensiones,
1095 3043 1140 3084 se·

137 3113 287 3174 puritatem
309 3119 498 3174 morarentur.
529 3111 760 3190 promittentibus
782 3111 849 3172 dein
870 3118 927 3171 tam
948 3109 1174 3189 praecipitemw

137 3214 239 3258 necem
261 3215 344 3276 qnam
364 3196 389 3257 si
409 3196 490 3257 lerro
504 3206 693 3275 urgueretur,
718 3194 880 3258 cubiculum
904 3191 1039 3254 Caesaris
1061 3193 1139 3252 iuxta

137 3281 309 3361 decoquitur
324 3282 403 3342 virus
418 3281 542 3359 cognitis
558 3291 643 3344 antea
660 3280 781 3342 venenis
796 3277 936 3358 rapidum.

203 3367 251 3429 to.
273 3365 338 3428 llos
358 3365 518 3427 habebatur
534 3365 695 3445 principum
716 3364 827 3426 liberos
850 3379 913 3422 oum
937 3359 1047 3420 ceteris
1064 3356 1139 3418 idem

137 3451 240 3512 aetatis
264 3449 412 3512 nobilibus
439 3447 576 3510 sedentes
602 3450 684 3510 vesci
709 3450 738 3508 in
766 3455 886 3528 aspectu
909 3441 1140 3523 propinquorum
