2510 3864
465 161 541 216 CAP.
560 166 676 216 23—26.
1024 169 1085 228 257

77 337 179 398 parum
208 320 329 396 proprie
352 319 461 396 antiqui
491 325 662 376 vocarentur
688 332 761 392 quos
787 314 856 374 satis
879 322 992 374 constal
1018 323 1084 375 ante

77 411 197 464 centum
220 419 311 462 annos
332 403 433 462 fuisse.
478 400 546 459 mihi
566 407 663 458 autem
686 398 722 458 de
744 397 888 458 vocabulo
912 413 1007 474 pugna
1027 411 1112 458 none

80 495 143 555 est;
161 487 225 546 sive
246 485 313 546 illos
328 487 463 562 antiquos
479 485 545 543 sire
565 485 692 542 maiores
721 482 785 542 sive
811 499 868 559 quo
894 480 952 540 alio
977 481 1085 540 mavult

79 573 198 630 nomine
215 569 363 649 appellet,
390 569 455 628 dum
476 565 563 626 modo
585 565 774 626 inconfesse
800 566 838 624 sit
864 565 1086 626 eminentiorem

77 654 195 714 illorum
210 662 371 731 temporum
389 651 585 729 eloquentiam
600 650 704 710 fuisse.
737 666 774 708 ne
800 648 842 708 illi
869 648 984 726 quidem
1008 649 1084 726 parti

74 740 223 802 sermonis
246 739 310 797 eius
331 753 481 812 repugno,
502 751 557 811 qua
578 734 661 811 quasi
683 734 835 792 convictus
856 733 963 792 fatetur
982 731 1083 810 plures

74 823 186 880 formas
202 820 316 880 dicendi
329 821 415 878 etiam
427 818 518 878 isdem
530 816 669 894 saeculis,
684 815 788 876 nedum
800 816 925 875 diversis
937 817 1080 875 extitisse.
1096 827 1122 867 ro
1166 890 1169 896 Ι

75 905 132 964 sed
144 921 202 983 quo
214 902 300 962 modo
312 900 510 961 interhtticos
523 909 657 961 oratores
670 898 778 977 primae
789 896 980 958 Demostheni
994 898 1083 957 trihu·

75 994 175 1062 untur,
191 985 351 1063 proximum
364 985 486 1063 [autem]
495 984 589 1044 locum
597 983 763 1044 Aeschines
776 981 976 1060 etHyperides
989 980 1082 1056 ethy-

76 1071 137 1130 sias
160 1077 191 1128 et
212 1067 360 1145 Lyeurgus
391 1070 539 1145 optinent,
569 1068 692 1126 omnium
718 1065 813 1126 eutem
843 1084 985 1126 concessu
1007 1064 1082 1126 haec

74 1160 227 1213 oratorum
248 1161 329 1213 aetas
343 1153 465 1212 maxime
486 1151 643 1230 probatur,
656 1153 704 1222 ,sic
726 1149 800 1227 apud
820 1168 875 1210 nos
891 1148 996 1209 Cicero
1019 1151 1079 1230 qui

72 1237 144 1296 dem
165 1246 283 1296 ceteros
299 1234 460 1314 eorundem
481 1245 643 1314 temporum
663 1234 790 1294 disertos
811 1236 985 1308 antecessit,
1016 1230 1119 1292 Gal-1⁵

74 1335 132 1378 vus
151 1329 246 1378 autem
261 1327 292 1379 et
306 1319 426 1378 Asinius
443 1327 473 1378 et
488 1316 598 1378 Caesar
618 1326 648 1376 et
663 1317 779 1378 Caelius
795 1324 825 1374 et
839 1315 943 1375 Brutus
967 1317 1029 1376 iure
1052 1326 1082 1376 et

76 1401 227 1479 prioribus
248 1410 282 1461 et
310 1402 500 1478 sequentihus
528 1407 751 1477 anteponuntur.
798 1415 853 1457 uec
881 1400 976 1470 refert
1004 1399 1083 1478 quod

75 1488 154 1545 inter
181 1504 214 1544 se
249 1487 350 1561 specie
380 1484 531 1559 differunt,
564 1501 627 1542 eum
652 1500 764 1559 genere
797 1484 988 1541 consentiant.
1034 1481 1082 1542 ad-

77 1569 209 1628 strictior
234 1567 352 1646 Gelvus,
377 1566 719 1643 numerosiordsinius,
751 1564 931 1642 splendidior
960 1563 1080 1644 Caesar,

61 1652 202 1711 amarior
218 1651 353 1729 Caelius,
374 1654 494 1729 gravior
507 1651 629 1727 Brutus,
650 1650 853 1718 vehementior
869 1659 899 1710 et
919 1649 1036 1729 plenior
1051 1657 1080 1710 et
1093 1659 1120 1697 ²0

75 1735 222 1796 valentior
238 1734 360 1796 Cicero:
385 1752 485 1796 omnes
507 1744 602 1796 temen
625 1734 746 1794 eandem
768 1734 920 1794 sanitatem
942 1733 1069 1813 eloquen

75 1821 134 1878 tine
142 1837 223 1896 prae
233 1819 384 1895 scierunt,
397 1829 428 1880 ut
440 1821 464 1879 si
473 1821 597 1879 omnium
609 1820 719 1896 pariter
731 1817 824 1878 lihros
832 1818 978 1878 inmanum
986 1837 1080 1898 sump-

72 1905 162 1979 seris,
175 1906 264 1980 scias,
282 1905 411 1983 quemvis
422 1905 451 1963 iu
461 1903 585 1964 diversis
597 1904 735 1980 ingeniis,
749 1919 818 1962 esse
830 1904 968 1979 quandam
983 1902 1081 1962 iudicii

73 2005 109 2044 ae
121 1986 278 2046 voluntatis
292 1986 507 2047 similitudinem
519 1996 549 2047 et
561 1988 775 2063 cognationem.
797 1986 945 2063 namquod
956 1987 1081 2048 invicem

77 2066 135 2148 [se]
150 2077 390 2146 optrectuverunt
408 2078 439 2129 et
452 2078 518 2128 sunt
533 2067 629 2145 aliqua
644 2068 778 2146 epistulis
794 2085 895 2128 eorum
916 2071 1025 2130 inserta
1040 2088 1079 2130 ex
1091 2074 1118 2113 ²⁵

75 2150 179 2231 quihus
200 2160 295 2210 mutua
310 2151 473 2229 malignitas
488 2151 646 2226 detegitur,
670 2168 728 2210 uon
745 2161 791 2211 est
810 2160 957 2213 oratorum
980 2155 1080 2212 vitium

76 2234 129 2294 scd
144 2233 299 2295 hominum.
342 2253 406 2294 nam
421 2241 451 2294 et
467 2233 586 2296 Calvum
601 2242 632 2292 et
648 2234 781 2294 Asinium
796 2245 825 2294 et
843 2237 937 2313 ipsum
962 2233 1080 2296 Cicero·

75 2335 141 2376 nem
155 2317 244 2378 credo
261 2317 366 2380 solitos
384 2317 425 2398 [et
441 2314 584 2397 invidere]
604 2325 634 2376 et
654 2317 747 2378 livere
762 2327 792 2380 et
812 2321 920 2379 ceteris
942 2318 1079 2380 humanae

75 2401 247 2466 infirmitatis
261 2404 340 2463 vitiis
358 2401 455 2462 adfici:
479 2399 573 2460 solum
587 2401 664 2460 inter
677 2401 732 2461 hos
747 2403 874 2463 arbitror
889 2402 1006 2462 Brutum
1021 2422 1080 2464 non

76 2486 255 2562 malignitate
273 2504 328 2546 neo
345 2485 469 2561 invidia,
498 2484 552 2544 sed
572 2485 743 2561 simpliciter
759 2496 789 2546 et
803 2488 930 2563 ingenue
946 2485 1079 2547 iudicium
1092 2501 1119 2541 so

75 2571 159 2629 animi
174 2571 218 2630 sui
235 2568 395 2629 detexisse.
441 2567 542 2628 anille
558 2565 696 2628 Ciceroni
712 2571 874 2646 invideret,
891 2571 938 2647 qui
954 2570 1023 2628 mihi
1037 2571 1079 2630 vi·

75 2653 160 2713 delur
174 2672 210 2713 ne
225 2651 344 2712 Caesari
360 2651 474 2729 quidem
488 2649 649 2712 invidisse?
679 2653 756 2729 quod
768 2653 802 2714 ad
815 2653 947 2714 Servium
960 2651 1080 2715 Galbam

76 2745 106 2795 et
115 2735 146 2794 0.
155 2735 282 2796 Laelium
301 2737 412 2813 attinet,
429 2743 460 2797 el
474 2738 500 2796 si
516 2751 590 2812 quos
605 2735 678 2796 alios
691 2737 884 2814 antiquiorum
896 2739 1007 2816 agitare
1020 2757 1079 2800 non

75 2819 200 2896 destitit,
222 2838 280 2880 non
302 2821 393 2897 exigit
412 2820 613 2894 defensorem,
641 2838 703 2878 eum
732 2820 825 2881 fatear
852 2820 992 2900 quaedem
1017 2823 1078 2883 elo·
1125 2825 1127 2829 ’

75 2906 211 2984 quentiae
228 2923 329 2966 eorum
344 2913 375 2963 ut
393 2905 524 2966 nascenti
540 2902 632 2964 adhuc
646 2922 700 2962 nec
720 2907 790 2965 satis
805 2904 921 2968 adultae
936 2905 1074 2968 defuisse.
1090 2928 1115 2966 ss

155 2986 207 3052 26.
227 2987 366 3050 Ceterum
382 2990 407 3048 si
425 2991 534 3050 omisso
551 2989 660 3064 optimo
673 2987 724 3046 illo
740 2997 772 3051 el
792 2990 1009 3067 perfectissimo
1024 3008 1076 3066 ge·

75 3089 146 3129 nere
171 3071 357 3147 eloquentiae
380 3072 513 3148 eligenda
537 3073 574 3128 sit
595 3073 686 3132 lorma
705 3070 836 3149 dicendi,
857 3072 951 3131 malim
975 3073 1076 3134 hercle

78 3151 107 3213 G.
124 3151 247 3212 Gracchi
262 3155 399 3231 impetum
414 3154 507 3214 arith.
525 3151 623 3213 Crassi
646 3156 839 3217 maturitatem
860 3173 943 3234 quam
963 3155 1075 3216 calami·

78 3244 155 3295 stros
166 3233 344 3296 Maecenatis
363 3245 410 3295 aut
425 3238 541 3298 tinnitus
559 3235 716 3298 Gallionis:
737 3238 812 3298 adeo
831 3237 934 3302 melius
950 3249 998 3299 est
1013 3257 1076 3296 ora-

75 3322 182 3380 tionem
202 3319 250 3379 vel
263 3318 337 3401 hirta
352 3328 420 3398 toga
434 3321 556 3380 induere
569 3339 651 3400 quam
666 3323 772 3382 fucatis
788 3330 818 3380 et
838 3322 1012 3382 meretriciis
1025 3335 1105 3378 vet

77 3402 169 3464 stibus
195 3404 344 3480 insignire.
385 3422 480 3484 neque
502 3407 579 3467 enim
599 3407 743 3466 oratorius
764 3406 839 3481 iste,
855 3407 942 3464 immo
956 3399 1075 3461 hercule

122 3515 358 3562 uhcrurrsutsn.
834 3507 873 3565 17
