2540 3874
143 98 186 160 66
390 107 556 156 coannnrr
575 106 692 155 rucrur
712 105 897 153 annnorum

144 283 218 325 marn
239 265 407 343 provinciae
428 262 539 324 redacti
563 263 598 338 Q.
620 262 776 333 Veranium
791 261 918 338 legatum
933 277 1094 340 accepere;
1117 268 1148 320 et
1250 279 1251 282 ¹

109 365 136 407 st
146 348 285 428 quaedam
307 367 345 408 ex
367 348 458 425 regiis
478 347 590 415 tributis
614 346 773 424 deminuta,
797 361 854 430 quo
879 344 971 404 mitius
988 344 1146 405 Romanurn
1250 357 1251 360 ’

144 435 294 511 inlperinm
311 440 488 510 speraretur.
522 429 724 510 Commagenis
737 430 773 530 Q.
786 429 933 489 Seruaeus
947 431 1147 507 praeponitur,
1250 465 1251 528 t

143 525 203 577 turn
220 519 340 596 primurn
355 515 451 580 adius
466 516 612 595 praetoris
626 513 782 574 translatus.

208 601 258 661 57.
295 599 463 680 (lunataque
489 599 611 661 socialia
639 615 783 678 prospere
808 598 969 675 composita
995 595 1148 674 npp'ideo

144 685 251 746 laetum
277 683 477 747 Germanicum
505 679 650 756 habebunt
680 681 718 742 ob
749 681 914 760 superbiam
942 680 1071 759 Pisonis,
1100 681 1146 758 qui
1250 685 1251 716 i

54 836 58 846 ,
111 815 113 819 -
145 771 240 830 iussus
257 778 370 848 partem
391 766 619 847 legionumipse
634 775 683 826 aut
702 784 755 846 per
770 766 859 830 utinm
873 767 903 826 in
918 765 1083 836 Armeniam
1098 762 1147 823 dn·
1250 763 1251 810 ἕ

145 871 214 914 cere
239 863 388 932 utrumqne
408 852 590 930 neglexerat.
628 849 711 927 (lprri
733 849 844 912 demum
867 848 943 930 apud
959 847 1079 915 hiberna
1098 847 1150 908 de·

118 955 244 1006 somnae
266 937 393 1014 legionis
408 953 591 1014 convenere,
607 936 718 996 firmato
735 933 833 1012 vultu,
850 933 919 1004 Piso
935 933 1074 1005 aduersus
1090 950 1147 991 me·

143 1030 218 1097 tum,
241 1020 444 1098 Germanicus,
466 1037 503 1080 ne
526 1019 626 1094 minari
649 1018 832 1090 credentum
853 1025 975 1097 eterat,
998 1024 1027 1095 ut
1042 1015 1150 1094 rettuli,

144 1105 324 1166 clementior.
368 1104 420 1168 sed
442 1105 523 1172 amici
544 1102 738 1173 accendendis
760 1101 975 1178 offensionibus
993 1099 1087 1179 callidi
1107 1101 1148 1158 in-

142 1188 264 1248 tendere
282 1205 368 1265 vera,
383 1188 528 1264 adgerere
544 1187 618 1248 falsa
632 1189 784 1267 ipsumque
801 1195 836 1254 et
848 1185 1011 1262 Plancinam
1030 1194 1058 1246 et
1073 1184 1150 1244 filios

143 1274 232 1333 variis
255 1271 350 1332 modis
377 1272 530 1341 criminari.
570 1280 720 1351 postremo
745 1271 848 1350 paucis¹
868 1269 1051 1346 familiarium
1071 1267 1147 1329 adhi-

108 1384 134 1426 10
143 1355 211 1416 hitrs
232 1373 331 1416 sermo
353 1364 476 1435 coeptus
499 1353 680 1433 acassam,
707 1353 820 1436 qualem
840 1357 887 1424 ira,
903 1363 933 1417 et
961 1351 1150 1434 dissimulatio

143 1442 253 1518 gignit,
275 1457 449 1520 responsum
465 1457 482 1500 a
498 1438 606 1501 Pisone
627 1439 764 1519 precibus
787 1438 1018 1516 contumacibus3
1040 1436 1146 1497 dis'ces·

143 1533 303 1603 seruatque
318 1526 426 1603 apertis
440 1523 524 1584 odiis.
549 1533 618 1604 post
632 1541 707 1603 quae
723 1541 805 1587 rarus
821 1524 850 1585 in
864 1521 998 1599 tribunali
1012 1519 1149 1582 Caesaris

141 1607 228 1686 Piso,
245 1615 278 1668 et
294 1609 317 1667 si
334 1608 447 1688 quando
466 1607 625 1686 adsideret,
649 1617 734 1668 atrox
749 1625 784 1669 ac
799 1606 953 1669 dissentire
969 1606 1150 1684 manifestus.

141 1710 203 1752 vox
223 1707 339 1771 quoque
362 1693 424 1753 eius
447 1692 540 1752 andita
562 1699 607 1752 est
627 1692 655 1759 in
678 1693 828 1768 convivio,
857 1709 920 1754 curn
945 1690 1021 1769 apud
1047 1707 1149 1770 regern

107 1774 356 1840 rsNabataeorurn
387 1793 515 1836 coronae
544 1793 651 1836 aureae
676 1793 782 1853 magno
811 1774 943 1856 pondere
966 1761 1086 1835 Caesari
1118 1784 1149 1834 et

141 1858 340 1938 Agrippinae,
360 1859 442 1920 leues
454 1859 551 1921 Pisoni
568 1867 597 1919 et
609 1859 716 1920 ceteris
729 1859 919 1938 offerrentur,
937 1860 1078 1939 principis
1089 1859 1148 1920 Ro·
1197 1897 1202 1906 -

140 1943 232 2019 urani,
253 1959 311 2002 non
324 1943 422 2006 Parthi
436 1945 517 2021 regis
533 1944 593 2006 lilio
609 1961 660 2004 eas
673 1944 775 2023 epulas
790 1943 866 2014 dari;
884 1943 1049 2022 abiecitque
1065 1943 1149 2003 simul

143 2043 281 2087 coronam
305 2035 334 2087 et
353 2027 440 2088 multa
460 2029 489 2088 in
508 2028 606 2088 luxum
628 2025 749 2107 addidit,
774 2047 847 2108 quae
864 2028 1034 2092 Germanico
1052 2045 1150 2108 quarn·

141 2129 227 2190 qnam
242 2110 350 2172 acerba
363 2109 561 2173 tolerabantur
576 2123 682 2174 tannen.

207 2193 258 2257 58.
280 2194 361 2256 Inter
381 2213 461 2274 quae
475 2195 511 2256 ab
533 2215 607 2275 rege
624 2195 795 2257 Parthorum
816 2195 964 2258 Artabano
986 2196 1076 2274 legati
1097 2214 1150 2256 ue-

140 2296 222 2339 nere.
257 2279 376 2340 miserat
397 2281 549 2341 amicitiam
569 2298 605 2341 ac
623 2280 729 2341 foedus
741 2290 968 2358 memoraturos‚
991 2289 1020 2341 et
1038 2298 1149 2359 cupere

139 2363 278 2422 renovari
305 2363 439 2442 dextras,
472 2363 660 2443 daturumque
687 2364 793 2426 honori
814 2364 977 2427 Germanici
1005 2373 1035 2424 ut
1054 2365 1148 2441 riparn

139 2444 297 2524 Euphratis
324 2447 494 2509 accederet:
524 2457 627 2529 petere
656 2448 768 2510 interim
789 2467 826 2510 ne
849 2450 990 2510 Vonones
1014 2450 1042 2506 in
1062 2441 1146 2506 Stiria

117 2527 297 2590 chaberetnr
322 2549 378 2590 neu
404 2549 546 2611 proceres
567 2533 694 2609 gentium
715 2534 887 2613 propinquis
907 2535 1011 2594 nuntiis
1031 2530 1067 2592 ad
1087 2529 1151 2590 dis·

141 2612 256 2674 cordiae
278 2613 416 2676 traheret.
451 2616 488 2678 ad
511 2634 546 2677 ea
569 2615 754 2678 Germanicus
780 2617 816 2678 de
839 2617 980 2679 societate
1001 2617 1149 2678 Romano-

138 2715 201 2757 rum
215 2697 443 2779 Parthorumque
460 2700 629 2779 magnilice,
654 2701 690 2761 de
712 2700 836 2762 adventu
856 2702 938 2780 regis
961 2711 990 2762 et
1008 2701 1086 2762 cultu
1104 2701 1150 2760 sui

140 2799 204 2841 cnm
228 2781 337 2843 decore
358 2801 393 2844 ac
414 2784 555 2846 modestia
584 2784 746 2866 respondit.
786 2787 928 2848 Vonones
951 2785 1150 2867 Pompeiopo-

138 2865 188 2925 lim
204 2864 324 2927 (iiliciac
339 2869 505 2930 maritimam
520 2869 620 2929 urbem
635 2879 746 2930 amotus
762 2879 815 2932 est.
842 2870 937 2932 datum
948 2869 977 2931 id
988 2887 1047 2930 non
1058 2869 1150 2930 modo

100 2948 277 3028 aoprecibus
296 2949 437 3012 Artabani
457 2953 510 3018 sed
534 2955 725 3014 contumeliae
741 2954 870 3032 Pisonis,
894 2955 939 3015 cui
964 2955 1153 3032 gratissimus
1250 2983 1251 3028 ξ

139 3041 201 3093 erat
215 3032 253 3093 ob
269 3034 391 3112 plurima
406 3037 503 3098 oiiioia
518 3047 548 3098 et
561 3037 646 3118 dona,
663 3037 765 3118 quihus
776 3017 945 3102 Plancinam
962 3038 1152 3100 devinxerat.
1250 3049 1251 3086 t

202 3117 252 3179 59.
273 3117 312 3179 li.
330 3120 428 3202 Silano
445 3121 476 3182 l..
498 3121 637 3184 Norbano
654 3123 822 3196 consulibus
837 3121 1023 3224 Germanicqs
1042 3122 1150 3201 Aegy·

136 3209 215 3279 ptum
237 3203 432 3281 proficiscitur
453 3206 677 3283 cognoscendae
697 3209 881 3288 antiquitatis.
918 3207 971 3268 sed
984 3225 1058 3268 eura
1076 3225 1151 3286 pro-

134 3283 251 3344 vinciae
262 3288 519 3367 praetendebatur,
540 3289 705 3371 levavitque
719 3295 828 3372 apertis
842 3292 957 3354 horreis
973 3293 1066 3371 pretia
1084 3292 1152 3352 fru-

133 3383 203 3442 gunr
225 3369 370 3450 multaque
394 3375 422 3432 in
445 3373 551 3451 vulgus
573 3385 657 3453 grata
679 3379 842 3458 usurpavit:
866 3377 930 3438 sine
951 3377 1041 3438 milite
1063 3376 1151 3436 ince-

1238 1789 1247 1806 0
