2570 3878
174 175 235 238 ido
442 183 738 236 cosuucnuucuur
751 185 935 234 muniunt
1036 174 1039 180 '

236 339 370 404 Ceterum
389 341 573 422 Agrippinae
589 339 746 421 pernicies,
762 337 838 421 quod
851 340 902 401 rix
919 338 1074 419 credibile,
1090 340 1174 403 Plan·

171 426 264 487 cinam
284 428 380 487 traxit.
418 434 506 505 nupta
529 425 597 484 clim
619 423 671 486 Gn.
692 425 789 486 Pisoni
810 433 839 484 et
861 423 956 504 pelam
982 422 1059 485 laeta
1079 435 1174 486 morte

171 509 349 590 demetet,
366 527 431 572 cnm
446 509 514 572 Piso
533 508 666 586 caderet,
684 508 822 588 precibus
834 508 986 586 Augustae
1004 523 1062 568 uec
1081 510 1174 570 minus

169 593 326 654 inimicitiis
346 592 530 674 Agrippinae
548 592 666 652 deieusa
688 601 760 653 erat.
792 602 823 653 ut
844 591 939 652 odium
960 599 989 652 et
1008 592 1101 670 qratia
1124 593 1173 654 de·

136 679 258 758 meiere,
273 679 317 739 ius
334 677 439 748 valuit;
455 678 603 757 petitaque
619 676 785 737 criminibus
798 674 874 736 baud
888 676 1006 754 ignotis,
1024 691 1076 736 sna
1090 693 1173 736 manu

139 913 142 920 ,
170 760 1080 924 “tattttitliduittltllttitiinnn,
1097 843 1171 922 ,aa

169 929 242 992 laiia
255 929 343 993 Drusi
358 929 428 1007 iilia,
443 927 585 1009 quondam
603 927 734 990 Neronis
745 946 834 1006 uxor,
856 927 992 1006 denupsit
1010 928 1039 987 in
1059 928 1173 988 Marma

168 1012 297 1075 Rubellii
326 1011 443 1091 Blandi,
471 1015 552 1074 ouius
575 1029 661 1073 avum
680 1007 834 1073 Tiburtem
862 1011 987 1091 equitem
1014 1012 1175 1072 Moenum

170 1097 304 1176 plerique
318 1097 515 1158 meminerant.
547 1105 677 1158 enoemo
689 1097 755 1157 anni
768 1113 847 1158 mors
860 1093 937 1156 Aelii
946 1094 1061 1156 Lamiae
1072 1096 1175 1156 ionere

145 1183 308 1244 sceuacrio
328 1178 493 1258 celebrata,
514 1181 563 1260 qui
584 1178 823 1240 administrandae
842 1179 945 1240 Suriae
966 1180 1092 1257 imagine
1113 1187 1175 1240 tan·
1206 1235 1209 1241 .

170 1264 234 1325 dem
251 1263 402 1325 exsolutus
424 1262 488 1324 urbi
508 1263 684 1343 praefuerat.
722 1281 816 1342 genus
835 1262 877 1324 illi
902 1262 1057 1341 decorum,
1078 1262 1174 1324 vivida

170 1357 319 1418 senectus;
342 1357 372 1407 et
397 1364 455 1408 non
478 1348 619 1428 permissa
643 1350 792 1428 provincia
806 1347 1000 1424 dignationem,
1015 1347 1174 1409 addiderat.

170 1433 247 1493 exim
260 1430 370 1493 Flacco
384 1430 546 1511 Pomponio
563 1431 664 1492 Suriae
680 1449 735 1513 pro
750 1439 887 1512 praetore
899 1429 1036 1492 defuncto
1050 1433 1175 1492 recitan-

168 1525 216 1576 tar
238 1514 373 1577 Caesaris
393 1515 513 1595 literae,
541 1517 607 1595 quis
634 1515 783 1576 incusabat
810 1516 962 1594 egregiam
983 1533 1125 1594 quemque
1145 1524 1176 1575 et

135 1623 161 1666 ro
171 1598 310 1678 regendis
334 1599 511 1660 exercitibus
532 1599 666 1660 idoneum
686 1598 814 1661 abnuere
834 1598 864 1659 id
888 1616 1004 1678 munus,
1027 1616 1118 1677 seque
1140 1617 1174 1659 ea

171 1683 385 1745 necessitudine
406 1682 443 1744 ed
464 1701 571 1763 preces
592 1685 677 1761 com,
705 1701 760 1763 per
785 1701 858 1762 quas
873 1683 1067 1744 consularium
1086 1683 1175 1762 aliqui

170 1785 329 1846 capessere
345 1768 513 1846 provincias
527 1766 729 1844 adigerentur,
753 1766 861 1828 oblitus
882 1766 1063 1844 Arruntiern,
1085 1785 1123 1826 ne
1145 1770 1175 1827 in

168 1850 335 1929 Hispaniam
350 1859 502 1930 pergeret,
521 1849 669 1911 decumum
687 1853 742 1911 iam
756 1867 859 1911 annum
877 1851 1000 1911 adinsri.
1032 1849 1103 1911 obiit
1124 1869 1174 1914 eo·
1278 1845 1279 1917 i

169 1934 235 1996 dena
249 1949 325 1995 anno
341 1944 372 1994 et
386 1935 436 1996 Μ’.
451 1934 587 2014 Lepidus,
603 1933 641 1995 de
657 1935 736 1996 cuius
750 1935 949 1998 moderatione
962 1944 992 1997 at
1012 1953 1048 1997 ue
1060 1939 1175 2017 sapien·

136 2019 209 2080 retia
223 2016 253 2077 in
270 2017 419 2097 prioribus
434 2018 517 2079 libris
533 2019 604 2079 satis
623 2019 787 2082 conlocari.
812 2035 908 2100 neque
922 1953 1059 2082 nobidltas
1069 2021 1175 2082 diutius

170 2102 393 2163 demonstranda
415 2111 475 2164 est:
497 2103 606 2182 quippe
631 2103 785 2168 Aemilium
802 2123 897 2182 genus
914 2105 1067 2166 fecundum
1083 2105 1175 2167 bono·
1277 2177 1278 2184 ,

168 2203 231 2248 uuor
245 2185 367 2266 civium,
390 2195 420 2248 et
434 2188 483 2266 qni
498 2186 600 2247 eadem
613 2187 720 2248 iamiiia
736 2189 880 2267 corruptis
897 2189 1042 2270 mmbns,
1060 2189 1174 2250 inlustri
1277 2193 1278 2206 ¹

166 2277 265 2332 tamen
279 2271 395 2331 fortuna
411 2289 513 2349 egere.

233 2351 285 2422 28.
307 2353 398 2415 Paulo
414 2352 505 2416 Fabio
522 2354 553 2415 li.
569 2355 689 2415 Vitellio
706 2356 876 2419 consulibus
891 2364 961 2436 post
976 2356 1095 2435 longum
1109 2375 1174 2416 sae·
1276 2381 1277 2400 u

169 2439 300 2499 culorum
317 2437 456 2514 quibitum
478 2441 541 2498 avis
561 2439 689 2518 phoenix
710 2443 739 2502 in
754 2440 922 2523 Aegyptum
935 2441 1016 2501 venit
1029 2439 1175 2520 praebuit·
1213 2495 1215 2500 .

169 2539 226 2600 que
248 2523 398 2582 materiem
422 2521 600 2582 doctismie
622 2523 818 2602 indigenarum
843 2534 873 2585 et
893 2525 1070 2587 Graecorum
1086 2523 1176 2585 multa

169 2623 259 2684 super
274 2623 311 2666 eo
328 2606 471 2666 miraculo
487 2606 660 2668 disserendi.
691 2609 728 2670 de
747 2608 851 2689 quibus
867 2618 1030 2688 congruunt
1045 2617 1076 2670 et
1090 2607 1176 2690 plura

145 2688 318 2768 sambigua,
340 2689 395 2748 sed
418 2692 535 2768 cognitu
556 2708 614 2762 non
633 2691 757 2755 absurda
783 2710 919 2773 promere
941 2693 1021 2754 libet.
1060 2711 1176 2754 sacrum
1275 2749 1276 2754 ,

167 2772 230 2832 Soli
246 2772 275 2832 id
290 2774 393 2834 animal
407 2783 440 2834 et
455 2791 508 2834 cre
522 2792 560 2836 ee
578 2775 715 2838 distinctu
736 2778 885 2857 pinnarum
903 2796 921 2838 a
947 2778 1054 2839 ceteris
1074 2778 1175 2838 avibus
1275 2773 1276 2796 ¹

86 2919 88 2926 ,
166 2855 313 2917 diversum
326 2858 513 2918 consentiunt
526 2861 576 2940 qni
589 2860 710 2922 ioraram
731 2863 794 2922 eius
813 2861 972 2923 eidnxere:
995 2860 1032 2922 de
1052 2877 1173 2922 numero

167 2957 306 3002 amorum
331 2942 591 3004 venumdentur.
628 2947 752 3008 maxime
777 2945 924 3025 vulgatum
952 2947 1172 3025 quingentorum

167 3025 306 3104 spatium:
328 3035 395 3088 wne
417 3027 464 3106 qai
487 3026 662 3092 adseverent
680 3031 759 3092 mille
776 3029 1004 3108 quadringentos
1022 3029 1174 3108 sexaginta
1274 3035 1275 3044 ³

131 3126 253 3169 rounam
268 3108 395 3189 interici,
414 3113 588 3192 prioresque
602 3112 679 3174 alios
701 3123 763 3176 tres
783 3113 924 3175 Sesoside
943 3116 1083 3194 primunr,
1107 3121 1176 3193 post

165 3191 307 3254 Amaside
323 3193 545 3273 dominantibus,
563 3195 630 3258 dein
648 3197 830 3276 Ptolemaeo,
847 3198 897 3278 qui
911 3216 952 3259 ex
965 3198 1175 3260 llaeedorribus
1273 3203 1274 3230 ³

165 3279 268 3374 testim
292 3279 442 3357 regnarit,
462 3281 493 3340 in
509 3281 655 3342 cintotem
676 3286 721 3345 cui
741 3282 909 3363 Heliopolis
924 3299 1033 3346 nonen
1056 3282 1173 3344 adeda·

165 3375 262 3438 mssa,
278 3360 367 3422 multo
384 3371 544 3425 ceterarum
560 3364 710 3428 volucrum
726 3367 863 3430 comitatu
878 3384 982 3429 noram
999 3367 1104 3428 iaciens
1123 3367 1175 3426 nri·

165 3444 297 3503 mutium.
333 3445 385 3506 sed
406 3449 558 3526 antiquitas
579 3450 693 3530 quidem
713 3443 856 3514 obscura:
878 3451 954 3512 inter
974 3450 1175 3514 Ptolemaeum

16 3755 181 3836 Α
248 3823 257 3836 .
1032 3741 1035 3746 ’
1269 3769 1272 3843 i
