2570 3878
414 211 519 260 crena
534 214 597 261 xrr.
621 213 695 262 car.
715 214 833 270 ra-tt.
1066 209 1127 274 ibt

120 373 296 432 moraretur:
321 365 403 426 brevi
419 375 448 426 et
463 367 589 444 inglorio
605 369 728 450 imperio
753 373 920 450 perfunctus
938 383 998 454 est,
1020 393 1127 458 resque

121 449 291 514 Parthorum
308 452 335 510 in
352 449 438 510 illium
454 451 516 510 eius
530 451 703 531 Vologesen
719 455 884 516 translatae.

182 535 231 595 15.
254 533 480 596 Atllitlrritlates
490 533 679 616 Bosporanus
689 540 803 600 amissis
815 539 920 619 opibus
931 561 1032 621 vagus,
1046 554 1125 624 pcat-

120 635 206 698 quam
231 618 345 679 Didium
371 618 474 679 ducem
498 620 660 682 Romanum
685 623 833 703 roburque
857 627 1003 686 exercitus
1018 627 1125 690 'abisse

120 711 319 781 cognoverat,
343 703 463 763 relictos
487 704 609 766 innovo
632 724 723 784 regno
734 705 836 784 Cotym
851 709 966 772 intenta
981 710 1080 772 rudem
1096 721 1125 772 et

119 804 229 867 paucas
244 786 405 849 cohortium
426 804 489 846 curn
504 786 577 849 lulio
599 789 707 869 Aquila
729 793 826 870 equite
847 793 994 872 Romano,
1017 796 1125 876 spretis

14 907 15 928 t
118 872 248 950 utrisque
264 873 384 932 concire
398 872 548 946 nationes,
564 873 685 934 inlicere
701 875 856 955 periugas;
875 887 1022 956 postremo
1039 898 1148 945 exer-c

14 961 15 980 ¹
119 957 175 1016 citu
198 964 302 1016 coacto
325 973 426 1033 regem
448 955 673 1018 Dandaridarum
699 959 1040 1042 exturbatimperioque
1063 964 1125 1025 eius

118 1041 237 1120 potitur.
277 1057 352 1118 quae
375 1038 422 1099 ubi
446 1041 564 1117 cognita
584 1048 614 1101 et
632 1043 686 1102 iam
702 1044 816 1122 iamque
834 1045 996 1124 Bosporum
1011 1049 1124 1108 invasu·

117 1141 167 1184 rus
183 1121 360 1200 habebatur,
382 1122 469 1184 diibsi
485 1126 613 1204 propriis
629 1126 739 1188 viribus
754 1128 863 1207 Aquila
879 1137 908 1188 et
926 1127 1035 1209 cotys,
1058 1132 1124 1210 quia

116 1207 255 1269 Zorsines
268 1207 433 1268 Siracorum
448 1225 503 1267 rex
516 1207 632 1272 bostilia
644 1221 859 1292 resumpserat,
876 1221 1011 1275 externas
1024 1223 1053 1274 et
1068 1215 1124 1295 ipsi

115 1292 227 1370 gratias
245 1293 418 1363 quaesivere
432 1292 527 1352 missis
537 1291 649 1371 legatis
664 1294 700 1355 ad
716 1295 875 1374 Eunonen,
897 1297 946 1375 qui
961 1296 1121 1358 Aorsorum
1134 1321 1158 1358 rc

118 1377 200 1452 genti
214 1377 390 1452 praesidens
404 1379 510 1454 opibus
521 1377 730 1455 praecellebat.
747 1397 801 1440 nec
811 1379 865 1439 init
876 1381 905 1440 in
916 1380 1005 1441 arduo
1018 1384 1112 1442 socie·

120 1467 163 1519 tas
176 1460 337 1536 potentiam
348 1459 504 1520 Romanam
515 1459 654 1520 adversos
664 1460 1001 1522 rebellem'blithridaten
1014 1473 1111 1524 osten·

119 1541 256 1602 tentibus.
280 1543 369 1619 igitur
385 1545 544 1619 pepigere,
563 1543 747 1621 equestribus
761 1544 883 1622 proeliis
896 1544 1034 1607 Eunones
1048 1564 1111 1607 cer·

120 1633 213 1688 taret.
232 1625 345 1684 obsidia
361 1626 471 1684 urbium
488 1625 607 1686 Romani
625 1635 825 1701 capesserent.
1189 1691 1195 1703 ,

180 1707 229 1769 16.
252 1706 333 1769 Tunc
355 1708 520 1786 composito
542 1708 656 1787 agmine
678 1707 828 1786 incedunt,
853 1708 933 1769 cuius
951 1709 1075 1770 frontem
1091 1721 1121 1771 et

113 1801 198 1869 terga
213 1789 318 1868 Aorsi,
341 1791 434 1852 media
455 1789 593 1852 cobortes
609 1801 638 1852 et
652 1791 814 1872 Bosporani
832 1790 996 1860 tutabantur
1014 1795 1120 1854 nostris

62 1937 65 1943 ,
112 1875 254 1936 inarmis.
285 1874 876 1955 sicpulsuslrostis,ventumqueSocam,
893 1876 1031 1957 oppidum
1045 1877 1120 1938 Dun-

112 1959 246 2036 daricae,
264 1958 342 2039 quod
357 1959 503 2020 desertum
519 1957 709 2020 allitbridate
722 1959 760 2020 ob
774 1959 926 2038 ambiguos
939 1960 1121 2041 popularium

112 2044 364 2123 animos'optineri
379 2042 484 2103 relicto
504 2042 543 2103 ibi
559 2043 704 2122 praesidio
720 2045 822 2104 visum.
863 2044 939 2104 exim
955 2045 983 2104 in
1000 2045 1144 2114 Siracos,

112 2135 253 2207 pergunt,
271 2135 300 2187 et
316 2126 492 2204 transgressi
508 2143 618 2186 amnem
636 2127 759 2188 Pandam
773 2128 1005 2188 circumveniunt
1019 2127 1119 2189 urbem

89 2278 99 2292 ,
112 2211 230 2291 Uspen,
247 2209 352 2272 editam
367 2210 435 2272 loco
448 2218 476 2270 et
488 2210 640 2270 moenibus
656 2229 690 2270 ac
706 2211 794 2272 iussis
809 2213 961 2288 munitam,
977 2212 1030 2272 nisi
1042 2210 1121 2291 qood

110 2294 226 2356 moenia
242 2312 299 2355 non
314 2312 386 2356 saxo
403 2293 457 2355 sed
472 2293 599 2354 cratibus
616 2303 644 2353 et
659 2295 793 2355 vimentis
808 2311 845 2355 ac
859 2294 953 2354 media
969 2293 1055 2356 bomo
1072 2295 1120 2356 ad·

111 2397 228 2440 versum
245 2379 440 2458 inrumpentes
457 2377 581 2439 invalida
598 2386 697 2448 erant;
718 2378 900 2458 eductaeque
925 2377 1010 2439 altius
1026 2388 1120 2439 turres

110 2462 225 2524 lacibus
241 2471 328 2542 atque
344 2461 433 2522 hastis
450 2459 603 2523 turbabant
620 2461 771 2523 obsessos.
805 2480 840 2522 ac
855 2464 883 2522 ni
901 2462 1043 2540 proelium
1061 2481 1119 2523 nox
1130 2485 1155 2526 rc

111 2547 292 2623 diremisset,
314 2554 419 2625 coepta
436 2553 607 2626 patrataque
622 2549 801 2626 expugnatio
818 2545 940 2607 eundem
956 2548 1030 2608 intra
1044 2547 1120 2607 diem

110 2631 199 2694 toret.
900 2643 902 2648 ·

179 2717 227 2776 17.
248 2715 371 2775 l’cstero
398 2715 504 2775 misere
527 2714 658 2792 legatos,
687 2715 800 2774 reniam
821 2713 922 2774 liberis
944 2713 1119 2793 corporibus

111 2809 247 2862 orantes:
262 2800 372 2859 servitii
390 2798 491 2861 decem
507 2798 584 2859 milia
600 2796 771 2860 olierebant.
798 2796 876 2877 quod
892 2797 1039 2876 aspernati
1055 2807 1120 2858 sunt

111 2885 258 2960 victores,
275 2884 341 2962 qula
358 2881 503 2944 trucidare
517 2881 631 2944 deditos
647 2899 776 2958 saevum,
792 2891 897 2943 tantam
913 2881 1120 2943 multitudinem

111 2969 244 3031 custodia
262 2968 379 3045 cingere
396 2966 530 3042 arduum,
557 2975 586 3026 ut
603 2965 673 3027 belli
691 2965 788 3045 potius
809 2967 872 3026 iure
895 2965 1048 3033 caderent:
1071 2966 1119 3027 da·

110 3063 229 3131 tumque
245 3050 397 3128 militibus,
416 3051 464 3130 qui
479 3051 566 3110 scalis
584 3059 752 3126 euaserant,
768 3051 881 3126 signum
897 3050 1005 3112 caedis.
1038 3051 1143 3112 cxci-a

111 3136 159 3197 dio
174 3135 352 3215 Uspensium
366 3143 459 3195 metus
476 3136 584 3195 ceteris
600 3135 738 3212 iniectus,
755 3134 824 3194 nibil
843 3143 931 3194 tutum
947 3134 1035 3208 ratis,
1056 3149 1120 3194 cum

112 3239 206 3298 arma,
228 3220 414 3297 munimenta,
438 3218 568 3297 impediti
585 3219 632 3280 vel
655 3217 812 3280 eminentes
834 3218 892 3278 loci
914 3233 1072 3294 amnesque
1091 3223 1120 3276 et

111 3304 200 3366 urbes
222 3304 299 3364 iuxta
324 3311 590 3383 perrumperentur.
624 3303 711 3381 igitur
728 3301 883 3377 Zorsines,
905 3300 953 3360 diu
974 3299 1119 3377 pensitato

110 3387 320 3450 lllitbridatisue
351 3385 439 3447 rebus
473 3387 610 3447 extremis
639 3405 675 3447 an
702 3387 796 3466 patrio
821 3401 914 3460 regno
942 3381 1118 3459 consuleret,

112 3466 266 3552 postquam
283 3470 444 3551 praevaluit
459 3470 576 3548 gentilis
593 3470 709 3548 utilitas,
726 3467 799 3528 datis
818 3463 968 3526 obsidibus
984 3462 1060 3540 apud
1075 3463 1116 3523 ei·
1127 3485 1152 3529 rc
