2440 3886
163 153 205 215 24
424 165 923 216 conuuunusomruuusnruu·

162 323 249 401 igitur
271 321 381 383 Caesar
404 339 481 382 arma
506 321 631 383 classem
652 321 751 380 socios
771 320 922 381 demittere
943 319 1045 380 Rheno
1069 330 1166 402 parat,

163 411 188 466 si
203 407 353 485 imperium
368 405 557 482 detrectatur,
573 404 654 466 bello
671 413 843 465 certaturus.

224 491 276 553 to.
296 490 336 550 At
346 489 457 550 Romae
473 489 598 550 nondum
612 490 747 567 coquito,
763 489 812 568 qui
824 487 926 550 fuisset
941 490 1035 552 exitus
1051 490 1079 549 lu
1093 488 1164 565 llly-

161 575 235 649 rico,
255 583 285 634 et
302 574 449 651 legionum
465 573 697 634 Germanicarum
712 581 790 633 motu
806 573 914 649 audito,
934 572 1047 652 trepida
1060 574 1166 633 civitas

162 659 295 719 incusare
311 657 456 718 Tiberium
475 658 568 736 quod,
583 657 649 718 dum
663 666 762 735 patres
778 665 808 717 ct
829 656 963 736 plebem,
984 656 1109 718 invalida
1134 667 1167 717 et

90 747 94 754 '
162 743 291 818 inermia,
308 743 491 802 cunctatione
506 742 573 802 licto
588 741 766 820 ludificetur,
788 739 925 801 dissideat
945 741 1057 802 iuterim
1076 740 1165 802 miles

138 836 258 904 tneque
277 825 395 886 duorum
410 825 638 886 adolescentium
653 824 777 886 noudum
792 824 887 885 adulta
899 825 1070 886 auctoritate
1083 842 1165 885 com-

161 910 244 988 primi
262 918 359 989 queat.
386 910 430 969 ire
441 911 535 990 ipsum
549 918 578 969 et
589 926 742 988 opponere
754 909 934 969 maiestatem
948 909 1164 986 imperatoriam

160 992 297 1053 debuisse
315 994 458 1068 cessuris,
482 993 530 1052 ubi
548 994 707 1072 principem
723 993 809 1070 longa
823 993 1004 1071 experientia
1025 993 1165 1054 eundem-

160 1093 218 1154 que
233 1077 400 1138 severitatis
422 1085 452 1136 et
473 1078 684 1137 munificentiae
707 1071 845 1136 summurn
865 1076 1014 1137 vidissent.
1044 1095 1080 1138 an
1102 1076 1165 1136 Au-

160 1168 275 1237 gustum
290 1159 370 1220 fessa
387 1168 482 1221 aetate
498 1161 604 1220 totiens
616 1161 645 1220 iu
657 1159 822 1224 Germanias
835 1177 998 1221 commeare
1012 1161 1145 1239 potuisse
1156 1159 1172 1221 ε’

128 1243 151 1284 ¹⁰
161 1242 307 1302 Tiberium
323 1245 469 1321 vigentem
487 1245 566 1304 anuis
582 1245 689 1306 sedere
705 1246 733 1304 iu
747 1254 860 1321 senatu,
880 1244 969 1306 verba
986 1252 1097 1324 patrum
1113 1263 1164 1306 ca-

160 1324 328 1387 villantem?
350 1329 420 1388 satis
445 1337 632 1407 prospectum
660 1328 788 1390 urbanae
816 1329 961 1389 servituti:
990 1329 1164 1392 militaribus

159 1411 259 1470 animis
275 1410 436 1473 adhibenda
455 1412 591 1490 fomenta,
607 1422 638 1473 ut
652 1412 731 1473 ferre
746 1429 847 1491 pacem
859 1413 957 1473 velint.

206 1494 272 1556 st.
305 1493 444 1555 lumotum
466 1497 605 1557 adversus
627 1513 680 1558 eos
701 1514 852 1558 sermones
877 1498 1023 1576 fixumque
1041 1496 1163 1560 'liberio

158 1579 211 1639 fuit
222 1593 280 1637 uon
297 1580 432 1639 omittere
449 1589 534 1660 eaput
548 1599 645 1641 rarum
661 1599 756 1660 neque
779 1600 811 1642 se
827 1599 948 1660 remque
964 1580 1111 1660 publicam
1133 1581 1164 1640 in

159 1679 258 1722 casum
274 1660 353 1722 dare.
383 1663 470 1724 multa
484 1667 593 1745 quippe
606 1674 635 1725 et
647 1666 762 1726 diversa
777 1664 936 1742 augebant:
961 1664 1083 1726 validior
1107 1683 1164 1742 per

159 1743 338 1806 Germaniam
354 1748 518 1824 exereitus,
540 1751 660 1828 propior
682 1749 757 1826 apud
777 1749 965 1818 Pannoniam
985 1749 1035 1809 illc
1053 1747 1162 1810 Gallia·

134 1834 221 1888 ⁶rrm
237 1828 342 1905 opibus
359 1830 508 1908 subnixus,
523 1831 571 1893 lric
585 1831 686 1893 ltaliae
701 1834 856 1894 inminens:
878 1850 952 1912 quos
972 1833 1058 1911 igitur
1079 1840 1161 1894 oote-

156 1908 270 1972 ferret?
295 1930 331 1972 ao
353 1931 390 1973 ne
414 1917 569 1994 postpositi
593 1918 766 1978 contumelia
789 1917 1021 1979 incenderentur.
1052 1925 1081 1976 at
1106 1934 1162 1996 per

156 1993 234 2054 lilios
251 1997 359 2074 pariter
373 1997 445 2058 adiri
459 2001 609 2061 maiestate
627 2000 724 2076 salva,
739 2002 785 2061 cui
797 2003 919 2062 maiore
936 2000 1094 2080 lonqinquo
1112 2020 1160 2060 re-

156 2080 298 2140 verantia.
331 2081 414 2142 simul
437 2082 671 2145 adulescentibus
694 2095 861 2146 excusatum
885 2085 1026 2164 quaedam
1049 2084 1085 2146 ad
1108 2103 1159 2162 pa-

156 2171 231 2222 trem
246 2164 371 2240 reicere,
388 2167 610 2248 resistentisque
623 2167 793 2230 Germanico
806 2179 853 2231 aot
867 2168 962 2232 Druso
979 2185 1069 2256 posqe
1090 2186 1106 2228 a
1125 2187 1159 2230 se

117 2262 147 2307 ro
156 2246 279 2324 mitigari
294 2249 342 2308 vel
358 2249 489 2328 infringi:
509 2253 586 2330 quod
606 2253 683 2314 aliod
703 2253 877 2330 subsidium,
903 2255 928 2313 si
952 2254 1159 2332 imperatorem

155 2331 359 2409 sprevissent?
380 2343 510 2396 ceterum
531 2346 562 2397 ut
587 2338 641 2398 iam
668 2338 781 2418 iamque
804 2339 894 2398 iturus
923 2338 995 2416 legit
1023 2337 1157 2411 comites,

155 2416 328 2493 conquisivit
345 2418 559 2496 impedimenta,
576 2421 726 2482 adornavit
745 2439 850 2482 naves:
873 2439 939 2482 mor
965 2421 1085 2484 hiemem
1105 2429 1157 2480 aut

153 2499 271 2574 negotia
290 2501 370 2560 varie
388 2512 520 2565 moratus
536 2505 629 2582 prino
645 2507 812 2582 prudentes,
825 2506 891 2567 dein
903 2506 1035 2583 vulgum,
1054 2503 1153 2564 diutia-

154 2581 226 2642 sime
243 2584 410 2661 prouincias
426 2585 541 2648 fefellit.
967 2637 972 2648 .

217 2665 268 2727 48.
292 2665 332 2728 At
349 2666 544 2750 Germanicum,
565 2691 733 2751 quamquam
749 2682 898 2738 contracto
914 2673 1045 2736 exercitu
1063 2665 1092 2732 et
1104 2690 1154 2750 pa·

151 2758 213 2811 rata
229 2751 257 2809 in
273 2750 440 2814 defectores
457 2755 582 2832 ultione,
608 2757 730 2818 dandum
753 2756 847 2820 adhuc
867 2759 990 2836 spatium
1012 2765 1107 2832 ratus,
1130 2757 1156 2816 si

152 2834 264 2894 recenti
282 2835 418 2916 exemplo
435 2839 490 2900 sibi
513 2841 569 2918 ipsi
592 2840 793 2914 consulerent,
817 2843 970 2920 praemittit
995 2842 1096 2901 literas
1118 2840 1156 2900 ad

153 2915 319 2994 Caecinam,
336 2923 436 2982 venire
452 2941 485 2982 se
501 2925 596 2985 valida
610 2943 694 2985 mauu
709 2943 759 3001 ac,
775 2925 803 2984 ni
819 2926 989 3005 supplicium
1012 2926 1039 2984 iu
1061 2923 1156 2985 malos

129 3013 348 3080 oprsesumaat‚
364 3024 479 3067 usurum
499 3010 643 3086 promisca
663 3010 765 3070 caede.
797 3027 847 3070 eas
871 3007 997 3072 Graecina
1019 3007 1154 3088 aquilife-

151 3085 191 3144 ris
216 3086 421 3168 signiferisque
444 3100 473 3150 et
501 3094 578 3170 quod
600 3095 723 3154 maxime
745 3102 904 3155 castrorum
924 3095 1069 3154 sincerum
1091 3102 1153 3160 erat
1214 3125 1215 3134 κ

151 3169 268 3230 occulte
284 3171 398 3249 recitat,
414 3183 503 3253 utque
519 3185 639 3238 cunctos
656 3177 807 3254 infamiae,
832 3196 865 3238 sa
877 3180 959 3256 ipsos
982 3177 1068 3238 morti
1091 3176 1152 3236 exi·

149 3262 225 3314 mant
239 3253 386 3316 bortatur:
410 3275 474 3320 nam
493 3261 521 3322 in
543 3277 618 3341 pace
639 3279 742 3322 causas
765 3271 795 3322 et
814 3263 915 3322 merita
938 3261 1081 3341 spectari:
1104 3259 1154 3320 ubi
1214 3293 1215 3296 κ

149 3335 258 3397 bellum
273 3340 397 3416 ingruat,
414 3341 585 3406 innocentes
600 3363 635 3406 ac
649 3347 753 3406 noxios
768 3346 846 3406 iaxta
868 3345 984 3406 cadere.
1015 3344 1056 3404 illi
1078 3352 1150 3402 tem·

113 3420 236 3497 raptatis
252 3439 325 3499 quos
347 3423 469 3490 idoneos
492 3427 646 3504 rebantur,
671 3438 823 3508 postquam
844 3431 982 3490 maiorem
1003 3428 1151 3506 legionum
