2510 3864
447 213 455 221 -
487 192 562 244 cur.
583 191 681 246 5—7.
1020 183 1081 246 tlt
1134 255 1136 259 ,

82 348 217 426 orbitati,
244 364 302 409 noo
331 346 421 408 cilicii
443 347 564 408 alicuius
591 347 844 425 administrationi,
871 346 924 408 sed
950 347 1005 409 sibi
1025 349 1083 429 ipsi

82 431 167 495 dari?
183 433 263 512 ipsos
279 430 346 512 qula
361 431 446 492 immo
460 430 550 493 orbos
565 441 596 492 ct
609 431 775 513 locupletes
788 441 817 494 et
831 439 966 513 potentes
982 432 1083 493 venire

82 518 257 599 plerumque
272 514 308 577 ad
328 515 462 576 iuvenem
483 524 514 575 et
531 534 706 596 pauperem,
729 525 760 578 ot
774 525 823 578 aut
842 533 894 578 sua
912 524 959 577 aut
976 517 1083 577 amico·

81 619 145 662 rum
166 599 330 662 discrimina
353 598 564 680 commendent,
605 601 700 662 ullane
720 609 797 662 tauta
817 601 975 679 ingentium
996 617 1083 681 opum
1092 621 1117 663 ιι

81 705 118 747 ac
134 701 258 763 maguae
274 684 423 765 potentiae
443 684 578 764 voluptas
598 703 682 766 quam
704 693 842 765 spectare
856 684 987 745 homines
1003 693 1083 745 vete·

79 788 132 831 res
150 779 179 830 ct
199 786 286 830 senes
302 776 332 829 et
348 768 437 829 totius
450 767 533 829 urbis
549 769 641 848 gratia
661 768 800 832 mboinos
820 769 849 830 iu
864 786 973 831 summa
987 787 1084 829 rerum

80 855 206 915 omnium
217 851 393 914 abundantia
414 853 604 930 conitentes,
628 853 658 913 id
676 853 753 933 quod
769 853 906 934 optimum
925 854 963 914 sit
977 871 1010 915 sa
1026 869 1083 913 uon

80 933 213 998 habere?
231 936 286 996 iam
298 951 369 994 uero
386 936 433 1014 qui
448 944 614 1014 togatorum
629 939 782 999 comitatus
794 946 824 999 et
836 937 990 1016 agressus!
1008 954 1083 1017 quae

81 1023 110 1080 in
127 1019 246 1099 publico
262 1018 394 1098 specics!
415 1020 531 1098 quaein
546 1020 659 1084 iudiciis
674 1022 838 1082 ueneratio!
858 1021 935 1102 quod
950 1020 1083 1100 gaudium
1094 1041 1118 1082 aa

82 1102 280 1188 consurgendi
296 1101 511 1184 adsistendique
529 1105 603 1164 inter
624 1113 757 1166 tacentes
772 1114 801 1166 et
815 1107 845 1165 io
859 1123 943 1166 uoum
960 1122 1083 1167 couver-

81 1189 147 1248 sos!
172 1187 254 1248 coire
277 1185 416 1267 populum
437 1195 466 1247 ct
483 1188 671 1250 circumfundi
687 1205 824 1252 coronam
839 1197 869 1250 at
884 1190 1021 1269 accipere
1034 1189 1083 1269 ad·
1162 1206 1165 1210 ·

80 1272 190 1332 lectum
204 1287 413 1350 quemcumque
429 1280 531 1332 orator
542 1271 682 1332 induerit!
699 1270 827 1348 vulgaria
842 1273 996 1333 dicentium
1013 1291 1083 1351 gau·
1101 1287 1107 1296 ·

81 1355 128 1414 dia
148 1363 178 1413 et
199 1353 398 1433 imperitorum
420 1369 537 1433 quoque
551 1353 653 1414 oculis
675 1356 810 1433 exposita
832 1373 1012 1435 pereuntes:
1035 1355 1084 1416 illa

82 1437 245 1498 secretiora
266 1444 296 1496 at
316 1443 423 1496 tantum
440 1435 513 1514 ipsis
532 1435 679 1497 orantibus
697 1446 765 1497 uota
786 1439 896 1499 maiora
916 1447 991 1499 sunt.
1021 1439 1119 1504 sivest

82 1528 247 1581 adeuntem
266 1518 489 1598 meditatamque
503 1519 617 1600 prolert
634 1521 810 1598 orationem,
829 1530 875 1582 cst
890 1520 1034 1600 quoddam
1048 1523 1085 1583 si·

84 1612 132 1665 cut
146 1604 237 1685 ipsius
252 1603 401 1680 dictionis,
418 1604 457 1664 ita
474 1603 572 1681 gaudii
587 1602 700 1683 pondus
715 1613 744 1664 et
760 1607 936 1676 constantia;
957 1606 1021 1666 sive
1034 1622 1085 1666 uo·

83 1705 148 1750 vam
169 1696 199 1748 et
217 1694 366 1749 recentem
389 1703 486 1748 coram
506 1703 565 1748 uon
585 1687 649 1750 sine
671 1687 767 1768 aliqua
786 1687 980 1769 trepidatione
1000 1689 1085 1750 animi

82 1772 236 1852 attulerit,
246 1772 312 1852 ipsa
326 1770 496 1834 sollicitudo
512 1771 693 1833 commendat
710 1780 843 1834 eventum
858 1781 888 1834 et
904 1773 1086 1838 lenocinatur

81 1856 234 1936 voluptati.
268 1854 321 1918 ted
343 1855 552 1936 extemporalis
568 1854 706 1917 audaciae
723 1865 810 1937 atque
833 1856 924 1938 ipsius
937 1858 1119 1919 temeritate

82 1942 118 2000 tis
147 1940 195 2000 uel
219 1940 377 2020 praecipua
402 1940 563 2001 iucunditas
586 1950 645 2009 cst;
668 1957 732 2001 nam
758 1940 929 2018 taingario
956 1958 1084 2022 quoquc,

83 2023 156 2082 sicut
167 2023 196 2081 in
210 2037 293 2096 agro,
305 2021 569 2100 quamquam†alla
577 2022 627 2082 diu
640 2033 774 2084 serantur
784 2033 870 2104 atque
887 2023 1084 2102 elaberentur,

83 2106 211 2182 gratiora
226 2113 322 2166 ιιιιιιιιιι
339 2120 413 2182 quac
431 2121 482 2166 sua
497 2113 603 2184 sponte
616 2115 780 2167 nascuntur.
1052 2108 1055 2113 ’

146 2190 175 2247 7.
198 2185 358 2268 Equidem,
373 2195 404 2246 ut
418 2187 456 2248 de
467 2205 513 2248 me
527 2190 592 2268 ipso
609 2189 717 2268 fatear,
737 2207 795 2251 uon
812 2208 876 2251 eum
892 2189 968 2251 dlam
981 2190 1085 2252 laetio-

85 2288 144 2332 rem
164 2273 229 2348 egi,
252 2288 310 2350 quo
328 2269 397 2330 milri
411 2270 486 2331 latus
505 2271 605 2333 clauus
626 2272 741 2333 oblatus
763 2283 824 2352 est,
846 2275 893 2336 rel
916 2292 974 2354 quo
997 2274 1084 2336 lromo

81 2371 176 2415 novos
190 2363 220 2415 ct
238 2355 268 2414 in
286 2353 405 2416 civitate
420 2355 536 2414 minime
558 2355 710 2416 favorabili
730 2365 813 2418 natus
834 2367 1018 2438 quaesturam
1037 2369 1084 2420 aut

84 2436 253 2499 tribumtunr
268 2447 316 2500 aut
330 2446 494 2517 praeturam
509 2439 629 2518 accepi,
646 2457 729 2520 φιιιιιι
744 2458 812 2519 eos,
827 2442 931 2522 quibus
946 2442 1014 2503 milri
1027 2461 1082 2523 pro

83 2520 281 2583 mediocritate
296 2521 381 2582 leuius
395 2523 673 2602 quantulaecumque
688 2525 716 2583 in
732 2525 855 2586 dicendo
872 2525 1018 2588 iacultatis
1036 2535 1105 2588 autc

80 2606 1093 2689 cpudpatresrcumprosperodefendereautapudccntumviroscau·

79 2693 272 2773 samaliquam
279 2691 409 2755 feliciter
417 2698 562 2755 orareaut
577 2691 652 2771 apud
662 2693 915 2772 principemipsos
926 2694 992 2757 illos
1003 2697 1094 2759 liber·

81 2785 374 2856 tosetprocuratores
382 2776 666 2858 principumtueriet
679 2776 938 2841 detenderedatur.
953 2781 1091 2843 tummihi

79 2879 168 2942 supra
183 2862 349 2925 tribunatus
365 2869 396 2922 et
411 2869 565 2942 praeturas
581 2869 612 2922 et
625 2861 795 2925 consulatus
808 2861 1091 2944 ascendereuideor,

81 2956 138 3009 tum
161 2945 269 3010 habere
288 2945 380 3024 quod,
404 2947 462 3017 †si
483 2964 542 3008 non
557 2948 586 3008 io
601 2946 659 3006 alio
682 2949 788 3025 oritur,
810 2966 864 3010 nec
881 2949 1026 3013 codicillis
1043 2950 1090 3014 da·
1105 2959 1128 3000 ιι

83 3039 129 3090 tur
144 3047 198 3090 nec
213 3048 279 3090 eum
293 3031 387 3107 gratia
399 3033 491 3094 venit.
526 3027 616 3110 quid?
631 3033 705 3094 lama
717 3041 746 3096 et
768 3032 832 3093 laus
843 3035 926 3096 cuius
939 3039 1011 3096 artis
1024 3053 1089 3096 cum

83 3120 229 3174 oratorum
244 3111 339 3188 gloria
357 3114 548 3194 comparanda
566 3113 636 3178 est?
652 3118 767 3195 quinam
777 3114 962 3176 inlustriores
975 3127 1045 3180 sunt
1057 3121 1089 3180 in
1161 3155 1165 3162 ·

83 3195 154 3257 orbe
171 3212 232 3257 non
247 3194 339 3255 solum
354 3197 430 3278 apud
445 3201 618 3275 negodcscs
635 3208 663 3261 ct
678 3197 766 3260 rebus
782 3198 919 3268 intentos,
936 3199 1089 3263 sedetiam
1118 3218 1120 3224 ·

87 3284 288 3451 ilidii:
300 3283 889 3449 :itlitiiidilltdititt
903 3281 1084 3429 {iiiiii}
1092 3385 1116 3426 1.

87 3452 239 3535 ingerunt?
255 3470 329 3536 quos
342 3453 461 3533 saepius
476 3453 582 3531 uolgus
594 3469 709 3532 quoque
725 3451 885 3594 imperltqrqr
896 3460 931 3574 qt
942 3451 1082 3511 tunicatus
