2570 3878
441 213 546 260 musso
560 214 635 261 xrn.
654 213 730 263 csr.
743 213 845 268 o-ln.
1082 205 1144 272 229

140 367 266 431 Insteius
291 367 328 429 ab
348 367 491 430 Ummidio
518 370 640 448 missus,
670 370 748 430 forte
769 372 868 450 priore
891 371 927 432 de
956 390 1042 434 causa
1066 373 1143 436 adito

139 472 223 533 rege.
251 453 329 534 quod
342 461 494 533 postquam
507 451 666 514 Corbuloni
679 455 826 532 cognitum
836 464 890 534 est,
907 456 950 516 ire
966 457 1144 535 praelectum

140 538 271 600 cohortis
292 535 407 597 Arrium
424 535 532 598 Varum
558 546 590 597 et
612 539 782 618 reciperare
811 539 929 600 obsides
954 539 1043 604 iubet.
1077 543 1143 604 bino

138 631 232 683 ortum
248 623 322 682 inter
337 622 518 701 praelectum
530 630 559 682 et
574 624 771 684 centurionem
784 625 907 702 iurgium
922 642 961 684 ne
977 624 1080 686 diutim
1093 646 1179 698 tex-10

138 709 229 768 ternis
251 705 423 786 spectaculo
444 715 539 785 esset,
562 705 709 768 arbitrium
729 707 773 768 rei
796 708 946 770 obsidibus
968 709 1142 791 legatisque,

140 791 189 872 qui
214 809 269 851 eos
292 789 450 868 ducebant,
477 791 657 869 permissum.
712 797 799 868 atque
830 790 871 851 illi
896 811 957 868 per
994 803 1143 856 recentem

137 875 262 954 gloriam
299 883 328 934 et
344 873 531 936 inclinatione
544 874 665 955 quadam
681 876 766 938 etiam
781 875 906 937 bostium
947 875 1142 940 Corbulonem

138 959 315 1039 praetulere.
346 957 421 1018 unde
443 958 588 1020 discordia
613 962 688 1020 inter
708 959 814 1038 duces,
836 970 976 1040 querente
999 961 1142 1024 Ummidio

139 1051 295 1124 praerepta
312 1061 387 1122 quae
402 1043 461 1103 suis
478 1043 608 1106 consiliis
618 1044 804 1124 patravisset,
820 1053 946 1106 testante
958 1055 1059 1107 contra
1071 1046 1142 1108 Cor·
1153 1072 1176 1114 rs

138 1127 246 1189 bulone
267 1145 325 1189 non
344 1127 425 1207 prius
452 1144 626 1189 conversum
647 1145 749 1206 regem
771 1128 808 1190 ad
831 1129 999 1190 offerendos
1026 1130 1144 1192 obsides

137 1229 222 1292 quam
242 1213 307 1290 ipse
333 1211 390 1271 dux
410 1211 490 1273 bello
508 1211 640 1274 delectus
661 1230 731 1294 spes
746 1214 809 1274 eius
831 1212 867 1274 ad
889 1222 994 1274 metum
1011 1223 1145 1276 mutaret.

136 1295 219 1357 Nero
235 1313 292 1376 quo
306 1305 498 1375 componeret
516 1295 668 1374 diuersos,
684 1298 727 1358 sie
743 1296 876 1376 evulgari
891 1296 995 1358 iussit:¹
1008 1297 1046 1358 ob
1059 1317 1108 1360 res
1126 1317 1143 1362 a

138 1379 287 1457 Quadrato
311 1388 341 1441 et
362 1378 532 1442 Corbulone
546 1397 690 1461 prospere
705 1389 807 1458 gestas
828 1381 936 1442 laurum
949 1382 1079 1444 fascibus
1093 1385 1141 1442 im·

138 1465 295 1546 peratoriis
310 1463 384 1526 addi.
418 1467 535 1545 quaein
550 1465 626 1526 alios
640 1463 778 1525 consules
792 1482 914 1543 egressa
930 1466 1076 1532 coniunxi.
1150 1496 1177 1539 sp

199 1549 248 1610 10.
271 1547 383 1610 Eodem
409 1566 485 1610 anno
509 1547 619 1610 Caesar
642 1549 771 1626 effigiem
793 1548 846 1610 Cn.
865 1548 992 1610 Domitio
1017 1551 1091 1629 patri
1113 1560 1144 1614 et

121 1632 304 1695 consularia
326 1634 451 1711 insignia
474 1633 604 1696 Asconio
620 1631 773 1716 Labeoni,
788 1649 845 1712 quo
867 1641 962 1694 tutore
983 1651 1052 1694 osus
1068 1644 1142 1714 erat,

139 1718 242 1798 petivit
258 1735 273 1778 a
290 1726 406 1785 senato:
423 1717 537 1797 sibique
553 1726 662 1778 statuas
679 1726 802 1794 argento
817 1715 866 1777 vel
880 1735 951 1779 suro
967 1716 1077 1779 solidas
1093 1718 1143 1778 ad-

137 1820 240 1863 versus
256 1802 414 1862 offerentes
427 1801 584 1882 prohibuit.
617 1809 646 1861 et
658 1818 828 1881 quamquam
840 1801 1021 1862 censuissent
1032 1810 1142 1881 patres,

137 1896 167 1946 ut
182 1887 356 1966 principium
370 1888 436 1947 anni
452 1887 597 1965 inciperet
611 1891 712 1946 mense
722 1884 894 1962 Decembri,
911 1901 968 1965 quo
984 1894 1065 1947 ortus
1080 1895 1166 1947 erate

135 1969 229 2049 Nero,
244 1979 376 2031 veterem
389 1970 564 2049 religionem
574 1968 760 2030 kalendarum
772 1967 967 2030 Ianuariarum
978 1967 1142 2032 inchoando

136 2072 212 2116 anno
234 2055 360 2116 retinuit.
393 2072 490 2134 nequo
509 2055 622 2134 recepti
644 2062 709 2113 sunt
729 2055 804 2114 inter
823 2070 893 2114 reos
905 2049 1041 2113 Carrinas
1054 2052 1143 2116 Celer

136 2148 272 2216 senator,
295 2156 382 2199 servo
404 2147 578 2216 accusante,
603 2145 652 2198 aut
666 2136 762 2214 ‚Iulius
784 2135 900 2208 Densus
922 2146 1074 2215 equester,
1097 2140 1142 2198 cui

135 2223 221 2284 lavor
238 2224 266 2283 in
280 2221 475 2284 Britannicum
491 2221 600 2282 crimini
615 2219 745 2282 dabatur.

184 2327 187 2332 ·
204 2309 254 2367 11.
276 2305 396 2368 Claudio
412 2305 531 2368 Nerone
551 2305 583 2366 b.
608 2304 734 2366 Antistio
753 2303 919 2366 consulibus
941 2322 1005 2365 cum
1026 2305 1054 2366 in
1077 2313 1142 2366 seta

139 2391 303 2472 principum
322 2392 450 2454 iurarent
469 2391 669 2468 magistratus,
693 2391 721 2448 in
744 2407 796 2450 sua
817 2395 883 2448 aeta
903 2387 1047 2466 collegam
1061 2387 1141 2449 Anti·

136 2477 220 2536 stium
236 2477 332 2538 iurare
346 2474 510 2555 probibuit,
531 2475 643 2552 magnis
657 2481 770 2554 patrum
789 2471 937 2550 laudibus,
955 2480 987 2532 ut
1008 2471 1143 2533 iuvenilis

138 2561 249 2621 animus
270 2559 377 2622 leuium
399 2574 518 2638 quoquc
541 2576 636 2620 rerum
655 2557 752 2634 gloria
773 2555 902 2618 sublatus
922 2555 1049 2618 nidores
1073 2574 1142 2616 oon·

138 2645 271 2705 tinuaret.
304 2653 464 2723 secutaque
477 2643 581 2704 lenitas
595 2643 625 2702 in
640 2641 779 2703 Plautium
794 2640 981 2718 belesmum,
1003 2657 1089 2720 quem
1104 2638 1166 2704 obs

139 2727 309 2790 adulterium
322 2727 499 2790 Messalinae
519 2724 622 2788 ordine
636 2725 785 2788 demotum
794 2723 919 2786 reddidit
933 2725 1059 2802 senatui,
1083 2723 1141 2784 cle·

138 2812 273 2874 mentium
289 2830 368 2874 suam
387 2810 574 2889 obstringens
588 2809 703 2872 crebris
716 2808 914 2888 orationibus,
929 2826 1002 2887 quas
1016 2809 1142 2886 Seneca,

138 2896 323 2971 testificando
343 2913 428 2976 mam
450 2895 573 2956 honesta
594 2893 797 2976 praeciperet,
818 2894 867 2954 vel
882 2891 1007 2954 iactandi
1022 2892 1142 2972 ingenii,

138 2997 215 3041 voce
229 2980 371 3062 principis
385 2979 534 3058 vulgabat.

201 3063 251 3124 12
275 3063 409 3128 Ceterum
431 3064 553 3126 infracta
581 3063 718 3143 paulatim
740 3063 870 3143 potentia
891 3063 990 3123 matris
1019 3061 1141 3142 delapso

138 3146 257 3209 Nerone
278 3150 306 3209 in
322 3167 449 3212 amorem
465 3149 603 3225 libertae,
627 3149 672 3208 cui
686 3146 859 3209 vocabulum
873 3145 950 3207 Acte
968 3147 1036 3225 luit,
1058 3145 1141 3206 sirnul

139 3231 296 3313 adsumptis
315 3235 344 3294 in
366 3234 572 3295 conscientiam
587 3230 630 3293 lt.
649 3229 763 3294 Othone
782 3240 812 3292 et
831 3230 953 3293 Claudio
966 3231 1141 3307 Senecione,

140 3315 366 3380 adulescentulis
380 3318 509 3396 decoris,
528 3335 649 3397 quorum
659 3315 734 3378 Otho
750 3315 860 3377 familia
876 3315 1033 3392 consulari,
1051 3315 1141 3376 Sene·

140 3401 187 3460 cio
202 3400 309 3464 liberto
326 3401 460 3464 Caesaris
476 3410 559 3481 patre
573 3404 699 3480 genitus.
723 3401 825 3478 ignara
837 3407 940 3475 matre,
956 3397 1023 3458 dein
1035 3398 1165 3461 frustras

140 3484 304 3562 obnitente,
325 3486 441 3568 penitus
456 3487 621 3564 inrepserat
637 3504 691 3566 per
707 3484 803 3546 luxum
821 3492 850 3543 et
866 3480 998 3557 ambigua
1016 3487 1142 3546 secreta.
