2536 3870
494 171 571 222 can.
593 165 709 222 7-10.
1037 163 1099 223 217

101 327 234 384 intentus
261 340 403 398 severus,
432 331 462 382 et
485 323 603 402 saepius
628 323 810 386 mrserinors:
834 323 884 384 ubi
907 324 1008 386 cilicio
1031 330 1104 390 eatis
1130 357 1134 362 ·

99 410 224 487 factum,
245 409 323 473 nulla
338 408 410 470 ulna
426 410 579 488 potestatis
598 425 740 487 persona:
760 409 902 470 tristitiam
917 418 946 469 et
960 409 1104 488 adrogau-

100 494 172 553 tiam
195 501 225 554 et
250 494 398 555 avaritima
417 501 548 556 exuerat.
579 491 717 570 necilli,
742 492 821 572 qnod
846 501 892 554 est
915 494 1103 572 rarissimum,

100 585 152 638 ant
176 575 301 642 facilitas
321 577 526 640 auctoritatem
557 585 605 636 aut
631 577 773 637 severitas
800 594 928 638 amorem
957 577 1102 638 deminuit.

99 660 294 738 integritatem
309 671 396 741 atque
418 659 618 720 abstinentiam
637 659 762 724 intanto
783 662 847 722 viro
868 661 982 722 referre
999 663 1103 723 iniuria

99 745 235 804 uirtutum
251 745 346 805 luerit.
377 762 414 803 ne
427 744 530 804 lamam
550 742 679 822 quidem,
697 745 743 804 cui
760 762 852 824 saepe
869 745 955 814 etiam
975 743 1045 806 boni
1060 747 1137 810 ina

98 827 237 906 dulgent,
256 827 427 889 ostentanda
443 827 548 886 virtute
566 835 614 886 ant
634 843 688 906 per
708 837 800 891 artem
820 823 977 908 quaesivit:
999 829 1103 908 procul

97 911 137 972 ab
153 911 347 972 aemulatione
369 911 510 974 adversus
526 909 675 988 collegas,
699 911 802 990 procul
820 929 837 972 a
852 913 1039 974 contentione
1052 913 1102 974 ad·

100 1009 205 1054 versus
221 1002 429 1074 procuratores
449 1001 479 1054 et
492 995 611 1054 vincere
632 993 785 1071 inglorium
807 1004 837 1056 et
853 998 938 1058 atteri
955 997 1102 1062 sordidum

98 1076 302 1141 arbitrabatur.
344 1078 435 1138 minus
460 1078 611 1140 triennium
634 1079 662 1138 in
684 1097 718 1139 ea
737 1076 885 1156 legatione
911 1080 1043 1142 detentus
1066 1099 1102 1142 ac

99 1163 195 1222 statim
210 1161 246 1222 ad
263 1179 344 1242 spem
361 1161 527 1225 consulatue
542 1171 697 1226 revocatus
715 1174 775 1239 est,
792 1165 945 1229 comitante
963 1166 1142 1244 opinionem

98 1243 273 1307 Britanniam
291 1247 318 1306 ei
338 1246 517 1324 provinciam
537 1246 617 1323 dari,
641 1237 726 1306 nullia
751 1248 781 1306 in
800 1247 859 1308 boc
880 1250 939 1308 anuis
960 1250 1101 1310 sermoni·

99 1329 168 1406 bus,
202 1328 255 1389 sed
281 1331 347 1408 quia
375 1347 427 1408 par
456 1327 616 1389 videbatur.
652 1327 728 1390 baud
758 1347 876 1408 semper
907 1339 985 1390 errat
1010 1333 1101 1401 fanum

98 1411 255 1489 aliqnando
282 1420 311 1472 et
340 1411 441 1487 elegit.
482 1410 585 1472 consul
610 1411 751 1488 egregiae
775 1419 833 1472 tum
859 1412 924 1492 spei
948 1411 1036 1474 liliam
1060 1415 1101 1472 lu-

99 1497 166 1554 veni
186 1495 254 1556 mibi
276 1494 432 1574 despondit
451 1512 487 1555 ac
508 1503 576 1574 post
597 1495 778 1556 consulatum
797 1495 970 1572 collocavit,
995 1505 1025 1565 et
1045 1504 1101 1556 sta·

98 1580 147 1638 dm
170 1579 334 1640 Britanniae
359 1579 544 1658 praepositus
569 1586 629 1655 est,
654 1577 767 1640 adiecto
794 1579 977 1658 pontificatus
1004 1597 1142 1640 sacer-tn

98 1662 189 1724 dotio.
552 1663 556 1667 ’

163 1749 212 1810 10.
232 1747 398 1808 Britanniae
413 1747 497 1808 sitnm
518 1744 704 1826 populosque
719 1745 815 1808 multis
833 1745 1025 1825 scriptoribus
1041 1764 1101 1810 nne·

97 1840 227 1892 moratos
240 1848 297 1892 non
313 1831 341 1890 in
356 1832 603 1910 comparationem
620 1847 707 1890 curae
722 1830 869 1907 ingeniive
884 1830 1026 1907 referam,
1049 1827 1101 1890 sed

97 1916 165 1993 quia
185 1924 244 1976 tum
265 1915 387 1994 primum
407 1914 568 1993 perdomita
590 1922 651 1980 eat:
677 1914 716 1974 ita
741 1932 814 1992 qnae
839 1914 954 1992 priores
976 1914 1102 1975 nondum

97 2007 248 2076 comperta
267 1996 435 2076 eloquentia
450 1997 641 2077 pertemere,
664 2015 760 2058 rernm
776 1997 834 2056 lide
853 1997 1010 2058 tradentur.
1040 1996 1101 2056 Bri·

7 2155 8 2160 1
96 2079 210 2156 tannia,
228 2079 384 2142 insularum
402 2099 474 2158 quas
487 2080 617 2142 Romana
631 2081 731 2140 notitia
748 2081 951 2160 complectitur
967 2081 1128 2156 maximas

97 2163 192 2243 spatio
214 2181 249 2224 ac
270 2163 355 2225 caelo
372 2165 401 2222 in
425 2164 566 2224 orientem
588 2161 774 2240 Germaniae,
796 2163 826 2222 in
848 2162 1031 2230 occidentem
1052 2162 1100 2224 lli-

7 2317 8 2332 ῑ
97 2246 217 2326 spaniae
247 2246 431 2325 obtenditur,
462 2245 553 2319 Gallis
583 2246 612 2304 in
643 2245 792 2306 meridiem
823 2247 909 2306 etiam
934 2247 1100 2324 inspicitnr;

7 2337 8 2402 l
96 2329 338 2408 septentrionalia
356 2333 437 2406 eius,
459 2329 545 2389 nullis
558 2337 659 2388 contra
673 2329 773 2406 terris,
796 2338 880 2390 vasto
897 2338 983 2408 atque
997 2338 1100 2408 aperto

26 2433 29 2440 ¹
98 2413 170 2474 mari
191 2415 351 2493 pulsantur.
391 2415 512 2474 formam
537 2412 624 2473 totius
649 2412 812 2474 Britanniae
836 2413 933 2474 Livius
959 2422 1100 2490 veterum,

94 2496 203 2560 Fabius
217 2499 354 2560 Rusticus
375 2497 535 2558 recentium
549 2495 777 2576 eloquentissimi
796 2505 932 2574 auctores
953 2495 1142 2573 oblongaet·

7 2601 8 2614 ³
95 2582 229 2644 scutulae
243 2581 292 2642 rel
307 2581 428 2660 bipenni
441 2579 664 2641 adsimulavere.
696 2588 726 2641 et
742 2591 787 2642 est
801 2597 836 2652 ea
850 2581 943 2642 facies
958 2583 1030 2640 citra
1046 2579 1100 2640 Ga·

94 2667 259 2745 ledoniam,
289 2664 366 2726 unde
397 2672 428 2723 et
451 2665 481 2722 in
515 2663 683 2724 nniversam
706 2661 795 2724 lama.
833 2677 881 2725 sat
905 2665 1099 2738 transgressis

95 2755 255 2814 inmensum
275 2759 304 2812 et
319 2767 439 2814 enorme
459 2751 581 2830 epatium
595 2751 825 2827 procnmentium
849 2757 979 2810 extremo
996 2749 1051 2808 iam
1066 2745 1100 2806 li·

95 2845 160 2898 tore
180 2845 320 2898 terrarum
340 2834 420 2896 velut
442 2835 472 2896 in
492 2852 613 2896 cuneum
636 2841 778 2894 tenuatur.
800 2833 874 2894 banc
900 2851 979 2892 oram
1004 2832 1099 2891 noris·

95 2921 158 2981 simi
173 2923 261 2983 maris
276 2931 344 2982 tnnc
361 2921 482 3000 primum
496 2919 626 2980 Romana
648 2917 753 2978 classis
768 2919 963 2977 circumvecta
978 2914 1138 2978 insulamn

96 3023 163 3064 esse
175 3004 348 3066 Britanniam
364 3003 538 3080 adfirmavit,
556 3021 591 3063 ac
604 3002 687 3062 simul
708 3001 871 3079 incognitas
886 3001 922 3063 ad
942 2999 971 3060 id
985 3009 1099 3078 ternpus

95 3086 316 3166 insulas,‚qnas
338 3087 467 3150 Orcadas
488 3094 610 3161 vocant,
632 3085 741 3146 invenit
763 3085 937 3164 domuitque.
968 3083 1100 3161 dispecta

7 3243 8 3248 γ
98 3178 143 3228 est
156 3179 185 3228 et
200 3170 304 3246 Thule,
324 3170 389 3248 quia
405 3169 545 3230 hactenns
560 3169 680 3239 iussum
703 3177 732 3227 et
747 3167 838 3229 biems
853 3165 1018 3245 adpetebat.
1047 3163 1100 3224 sed

95 3269 175 3312 mare
197 3255 312 3332 pigrum
327 3262 357 3312 et
370 3270 462 3330 grave
477 3251 684 3329 remigantibus
704 3250 857 3330 perbibent
877 3269 914 3309 ne
930 3249 1023 3308 ventis
1038 3248 1099 3325 qusi-

7 3331 8 3408 }
96 3335 160 3398 dem
180 3337 303 3417 proinde
321 3334 430 3413 attolli,
454 3335 543 3396 credo
565 3336 643 3415 quod
658 3336 786 3396 rariores
807 3344 903 3396 terrae
917 3340 1134 3407 monteaureo

96 3437 183 3484 causa
205 3439 241 3482 ac
259 3420 379 3483 materia
397 3429 619 3500 tempestatum,
643 3428 674 3479 et
695 3417 837 3498 profunda
858 3416 951 3478 moles
973 3410 1100 3472 continui
