2596 3872
487 155 591 202 ninus
604 154 662 203 xv.
681 155 755 202 car.
772 157 798 206 r.
1079 147 1140 212 28³

175 314 262 365 Novae
274 310 343 361 urbis
356 309 443 362 iacies.
465 311 508 360 44.
522 308 601 360 Petita
614 309 663 361 diis
676 310 777 376 piacula
791 309 894 361 trustra.
918 311 1031 362 incendii
1045 314 1140 366 invidis

175 386 201 434 in
222 378 378 432 christianos
397 379 515 429 devoluta
537 379 629 438 misere
650 379 814 429 excruciatos.
845 379 890 432 46.
915 379 1028 442 Italiam,
1049 385 1140 444 socios,
1174 415 1177 421 ·

138 501 145 512 ,
174 449 271 516 templa
281 447 372 566 spoliat
386 445 467 507 Nero;
483 457 642 498 aversantem
658 447 685 496 id
697 446 818 498 Senecam
836 461 933 508 veneno
950 450 1020 513 petit.

229 515 273 568 46.
312 515 463 566 ladiatomm
481 516 579 582 eruptio
597 515 666 582 apud
684 515 827 566 Praeneste.
854 515 949 567 Classis
968 517 1001 567 ad
1015 517 1140 570 Misenum

174 589 278 638 amissa.
304 584 349 635 at.
364 583 493 650 Prodigia.
519 583 562 635 48.
582 583 725 636 coniuratio
739 583 878 635 Pisonisin
894 584 1028 636 Neronem.
1041 587 1085 641 49.
1095 587 1141 642 50.

176 656 371 708 Coniuratornm
382 653 493 715 nomina,
511 666 609 714 mores,
624 653 739 703 odiorum
750 653 777 702 in
791 651 917 703 Neronem
927 667 1027 704 causae.
1050 656 1085 706 lis
1099 671 1142 714 aa·

174 725 250 776 cedit·
261 721 344 772 Rufus
366 721 510 788 praefectur
531 721 668 788 praetorio.
698 719 781 772 Subrii
801 721 918 788 impetus.
943 721 986 772 61.
1008 723 1141 789 Epicharis

175 795 283 843 classem
302 797 401 840 tentans
417 790 540 855 proditur.
569 789 613 840 ba.
633 788 825 840 Coniuratorum
843 791 951 856 impetus
967 791 1108 842 retardatus
1127 808 1142 841 a

175 857 267 912 Pisone
291 859 321 909 ab
345 873 418 908 sacra
431 873 542 910 mensae.
570 857 613 909 63.
630 857 708 908 alind
725 859 913 909 coniuratorum
930 859 1072 910 eonsilium.
1097 861 1141 912 64.

139 935 142 940 ’
175 928 293 981 Scaevini
306 927 483 992 imprudentia.
509 925 626 978 Milichus
646 941 736 977 servus
754 926 844 978 harum
861 926 957 987 defert,
980 927 1024 990 qni
1035 929 1141 995 egregie

175 1014 204 1050 se
222 995 349 1056 defendit,
369 997 416 1046 sed
432 995 548 1047 muliebri
566 996 659 1047 astutia
679 993 884 1060 deprehenditur.
916 994 960 1046 66.
975 995 1019 1048 66.
1045 995 1142 1048 Natalis

175 1065 375 1117 coniurationem
384 1063 484 1126 latetur,
494 1064 621 1124 Pisonem,
634 1063 755 1114 Senecam
765 1065 886 1125 nominat,
897 1063 1015 1116 Lucanus
1027 1075 1140 1117 matrem.

174 1137 218 1186 67.
233 1132 366 1198 Epicharis
383 1134 514 1183 tormentis
526 1133 662 1183 dilacerata
681 1133 772 1182 mirum
790 1131 850 1183 ildei
865 1133 1009 1200 exemplum
1019 1143 1141 1200 praestat.
1208 1141 1216 1154 ⁷

175 1205 219 1261 58.
244 1201 310 1252 Nero
331 1214 389 1250 reos
404 1201 487 1262 audit,
507 1214 571 1266 quos
583 1201 706 1250 violenter
720 1209 795 1268 urget
812 1199 895 1251 liuius
911 1201 1071 1252 dissimulata
1082 1217 1143 1253 con-

174 1271 288 1325 scientia.
312 1267 355 1320 59.
369 1268 429 1320 Piso
442 1270 564 1335 neglectis
577 1269 714 1320 amicorum
725 1269 827 1320 monitis
839 1269 969 1321 occiditur.
993 1271 1055 1322 Eius
1064 1280 1143 1321 testa-

175 1351 288 1393 mentum
303 1347 328 1394 et
343 1353 416 1392 uxor.
441 1338 485 1390 60.
501 1337 543 1390 61.
569 1337 665 1389 Caedes
677 1338 796 1388 Laterani
815 1344 840 1388 et
856 1336 977 1389 Senecae.
1001 1339 1082 1389 Huius
1097 1339 1142 1389 de·

176 1411 366 1474 lensiospreta.
396 1407 441 1458 62.
471 1405 594 1472 Supremi·
602 1420 741 1456 sermones.
768 1405 811 1458 63.
836 1407 926 1456 Amica
944 1407 1071 1458 contentio
1085 1421 1142 1457 cum

176 1493 270 1536 nore,
296 1477 369 1526 cuins
388 1485 494 1526 mortem
513 1473 623 1524 inhiberi
643 1473 710 1525 Nero
731 1474 846 1541 imperat.
877 1473 988 1526 Senecae
1007 1475 1141 1536 cruciatus,
1241 1467 1250 1480 ⁵

177 1561 254 1607 mors,
272 1545 358 1594 lunas.
380 1543 424 1596 66.
445 1546 456 1594 1
475 1559 503 1594 se
523 1542 665 1593 destinatus
685 1543 821 1608 imperator
839 1541 966 1594 aSubrio.
991 1543 1034 1596 66.
1060 1543 1143 1593 Rufus

175 1615 300 1682 proditur.
329 1612 371 1664 67.
387 1611 430 1664 68.
450 1560 535 1664 dutrii
551 1611 647 1671 Flavii,
664 1610 758 1678 Aspri,
780 1612 890 1662 aliorum
905 1620 1050 1662 constantes
1066 1625 1141 1662 voces

175 1693 200 1734 et
215 1682 308 1734 exitus.
336 1681 395 1732 aut
404 1681 530 1732 mollities.
553 1678 596 1732 69.
612 1678 679 1731 Nero
690 1680 823 1732 Vestinum
837 1681 952 1744 quamvis
967 1680 1094 1732 insontem
1103 1681 1144 1730 in·

174 1751 282 1810 terimit;
306 1749 348 1801 70.
361 1749 403 1801 71.
419 1764 479 1801 mox
494 1748 632 1810 Lucanum,
649 1747 822 1812 Senecionem,
837 1748 1027 1812 nuncianum,
1041 1747 1143 1798 Scaevi-

175 1835 245 1870 nnm.
271 1817 394 1870 Simulum
411 1835 457 1886 per
477 1817 565 1868 urbem
587 1817 691 1885 gandia.
721 1818 850 1869 indicibus
868 1817 994 1884 praemia,
1018 1815 1143 1883 stupeatis

175 1888 280 1940 militiae
301 1889 413 1950 vacatio,
442 1887 500 1938 aliis
523 1887 607 1937 exilia.
641 1886 683 1936 72.
702 1887 865 1952 Turpiliano,
886 1885 994 1945 Nervae,
1018 1885 1142 1950 Tigellino

175 1955 351 2022 triumphalia,
368 1955 520 2022 Nymphidio
533 1955 675 2006 consularia
687 1955 800 2022 insignia
811 1955 878 2005 data.
911 1953 953 2004 73.
974 1952 1041 2003 Nero
1053 1953 1143 2003 adver-

177 2041 235 2076 sum
250 2039 365 2080 rumores
376 2041 406 2075 se
418 2033 517 2091 purgat.
549 2022 671 2074 Gallionis
688 2024 836 2090 periculum.
861 2023 903 2075 74.
925 2020 952 2072 S.
967 2021 995 2074 G·
1009 2021 1040 2074 ob
1056 2035 1143 2074 serua·

178 2105 230 2146 tum
241 2093 375 2146 Neronem.
396 2093 478 2160 Pugio
489 2090 605 2142 Scaevini
616 2092 715 2160 dicatus
725 2093 780 2142 lori
794 2092 903 2142 Vindici.

227 2161 303 2214 Gesta
318 2162 381 2214 baec
392 2163 466 2214 annis
480 2160 557 2226 paulo
569 2159 677 2227 amplius
689 2161 783 2227 tribus,
798 2159 824 2212 0.
838 2161 955 2212 Memmio
967 2160 1066 2226 Regulo
1080 2161 1142 2210 Ver-

175 2231 247 2300 ginio
265 2231 347 2293 linio,
368 2231 396 2284 (l.
417 2230 544 2282 Laecanio
561 2228 641 2280 basso
658 2227 691 2278 bl.
711 2227 807 2278 Licinio
819 2227 926 2289 Crasso,
943 2227 1156 2280 tasilonem.

176 2301 203 2354 G.
215 2301 279 2352 Iulio
296 2300 380 2351 Attico
392 2299 499 2350 Vestino
511 2313 578 2348 coss.

204 2401 232 2458 l.
260 2397 375 2458 lnterea
396 2416 450 2458 rex
477 2394 836 2474 Parthorum‘Vologeses
859 2395 984 2472 cognitis
1000 2392 1142 2455 Corbulo·

141 2487 185 2545 nis
207 2481 297 2547 rebus
317 2499 477 2562 regemque
503 2481 697 2559 alienigenam
715 2478 860 2558 Tigranen
880 2478 1034 2546 Armeniae
1051 2479 1142 2558 impo-

142 2569 240 2643 situm,
263 2566 346 2626 simul
366 2565 456 2626 fratre
477 2564 605 2627 Tiridate
627 2565 711 2644 pulso
733 2573 861 2644 spretum
874 2562 1082 2626 Arsacidarum
1100 2562 1142 2622 la·

142 2653 258 2729 eligium
271 2652 315 2711 ire
329 2650 417 2712 ultum
427 2649 540 2729 rolens,
555 2648 749 2727 magnitudine
764 2666 876 2709 rursum
886 2647 1016 2708 Romana
1029 2655 1059 2707 et
1074 2663 1142 2707 con·

140 2735 211 2794 linui
225 2733 355 2796 foederis
369 2735 532 2795 reuerentia
547 2735 678 2795 diversas
690 2730 725 2793 ad
737 2749 822 2793 curas
833 2729 1009 2806 trahebatur,
1026 2739 1165 2794 cuncta-a

140 2828 188 2878 tor
204 2819 323 2896 ingenio
346 2828 377 2879 et
389 2818 556 2897 deiectione
583 2817 796 2894 Hyrcanorum,
813 2815 910 2893 gentis
927 2814 1055 2895 validae,
1072 2814 1142 2874 mul·

141 2905 238 2982 lisque
261 2921 299 2962 ex
319 2920 356 2963 eo
378 2901 470 2963 bellis
485 2903 632 2980 inligatus.
659 2911 745 2981 atque
764 2899 843 2960 illum
864 2899 1026 2976 ambiguum
1049 2916 1142 2958 novus

116 3025 118 3036 ·
142 2988 263 3066 iusuper
277 2987 390 3047 nuntius
406 2986 597 3048 contumeliae
613 2983 790 3046 exstimulat:
808 2984 916 3063 quippe
932 2999 1072 3060 egressus
1087 2985 1142 3043 Ar·

141 3071 236 3132 menia
249 3069 390 3150 Tigranes
407 3070 591 3148 Adiabenos,
606 3069 811 3130 conterminam
824 3067 985 3144 nationem,
1007 3066 1093 3127 latius
1106 3084 1143 3126 ac

142 3147 247 3214 diutius
268 3171 353 3234 quant
369 3172 423 3234 per
437 3154 589 3225 latrocinia
601 3160 781 3230 vastaverat,
807 3150 894 3230 idque
908 3151 1050 3231 primores
1070 3168 1177 3228 gen-10

142 3239 212 3298 tium
231 3257 320 3319 aegre
341 3237 518 3301 tolerabant:
540 3255 577 3298 eo
600 3236 822 3316 contemptionis
842 3234 1029 3310 descensum,
1053 3243 1083 3293 ut
1104 3251 1143 3294 ue

143 3321 218 3383 duce
238 3322 351 3403 quidem
370 3322 502 3384 Romano
524 3322 754 3397 incursarentur,
774 3317 828 3380 sed
850 3318 1011 3378 temeritate
1032 3316 1142 3378 obsidis

144 3415 187 3466 tot
214 3423 267 3488 per
289 3400 379 3467 annos
400 3406 475 3467 inter
503 3403 645 3484 mancipia
670 3402 769 3464 habiti.
806 3399 986 3460 accendebat
1011 3400 1142 3460 dolorem
