2540 3874
181 226 242 290 102
433 232 601 284 comunem
614 187 929 280 nscrr1suu'sn1urs

140 419 166 461 so
179 413 269 458 causa
284 392 428 520 pecuniae
442 397 560 449 nostrae
572 386 608 448 ad
620 394 757 446 externas
773 393 822 448 sut
837 383 953 447 hostilis
970 393 1074 462 gentes
1090 393 1178 445 trans·

152 479 325 541 vierontur⁰
494 531 496 536 .

241 565 292 623 54.
317 557 383 620 Νεε
400 561 504 638 ignoro
527 557 557 616 in
572 553 713 616 conviviis
737 562 767 613 et
789 552 905 614 circulis
928 551 1055 622 incusari
1074 553 1130 614 ista
1154 563 1183 614 et

176 646 291 708 modum
307 643 407 724 posci:
424 651 471 703 set
488 641 513 702 si
526 641 591 720 quis
602 638 701 716 legem
713 637 834 714 sanciat,
849 653 962 716 poenas
973 635 1090 714 indicat,
1107 635 1184 698 idem

176 729 220 792 illi
236 730 383 796 civitatem
396 727 488 804 verti,
503 722 739 805 splendidissimo
756 721 859 800 cuique
874 721 992 782 exitium
1006 722 1119 802 parari,
1134 740 1183 781 ne-

176 815 282 876 miuem
300 812 428 874 criminis
443 818 597 890 expertem
613 806 806 868 clamitabunt.
832 807 910 885 atqui
924 823 962 867 ne
977 807 1111 885 corporis
1123 808 1183 885 qui·

155 897 245 975 ,dem
264 894 385 958 morbos
401 904 520 956 veteres
543 902 572 954 ει
593 891 640 952 diu
661 900 763 954 suctos
786 891 841 950 nisi
860 908 914 970 per
935 890 1007 952 dura
1028 899 1057 950 et
1079 909 1184 971 aspera

179 997 339 1044 coerceas:
357 988 513 1059 corruptus
526 975 610 1038 siinul
621 986 650 1037 et
661 984 826 1055 corruptor,
844 992 936 1053 aeger
948 984 978 1036 et
989 973 1114 1052 flagrans
1126 976 1182 1034 ani-

178 1083 241 1126 mus
256 1063 333 1125 band
348 1061 509 1124 levioribus
523 1061 660 1123 remediis
670 1059 894 1140 restinguendus
906 1069 952 1120 est
964 1076 1050 1140 quam
1061 1058 1181 1121 libidini·

179 1149 234 1210 bus
250 1147 387 1211 ardescit.
419 1155 463 1208 tot
479 1164 496 1207 a
510 1144 668 1208 maioribus
683 1154 820 1225 repertae
833 1143 934 1228 leges,
956 1154 999 1206 tot
1015 1161 1086 1222 quas
1102 1142 1185 1204 divus

179 1234 332 1312 Augustos
353 1231 435 1307 tulit,
458 1229 528 1293 illue
552 1228 718 1308 oblivione,
739 1230 812 1307 bae,
835 1226 913 1307 quod
935 1228 1106 1308 flagitiosius
1129 1236 1186 1303 est,

144 1319 350 1396 {scontemptu
370 1313 501 1376 abolitae
522 1314 704 1376 securiorem
726 1315 824 1376 luxum
843 1311 956 1396 iecere.
986 1330 1050 1374 nam
1071 1314 1098 1372 si
1113 1311 1188 1372 velis

181 1401 261 1482 quod
279 1399 404 1460 nondum
419 1399 539 1460 vetitum
553 1406 615 1475 est,
632 1400 733 1460 timeas
748 1417 786 1459 ne
803 1406 923 1459 vetere:
946 1407 975 1460 at
994 1399 1019 1458 si
1041 1395 1188 1476 prohibita

181 1488 296 1566 impune
318 1482 552 1562 transcenderis,
575 1500 672 1562 noque
695 1491 788 1544 metus
809 1482 884 1544 ultra
904 1499 1000 1562 neque
1021 1480 1116 1560 pudor
1131 1489 1186 1540 est.

182 1589 234 1632 cnr
257 1585 331 1648 ergo
353 1566 423 1631 olim
438 1567 613 1646 parsimonia
630 1565 782 1646 pollebat?
812 1567 880 1647 quia
902 1567 959 1627 sibi
979 1567 1103 1646 quisque
1126 1581 1188 1624 mo·

183 1653 349 1730 derabatur,
366 1652 433 1731 quia
447 1652 530 1711 nnius
545 1651 626 1712 urbis
642 1653 722 1713 cives
739 1668 868 1720 eremum
884 1669 921 1712 ne
934 1652 1114 1712 inritamenta
1126 1650 1189 1729 qui·
1265 1675 1266 1736 4

147 1767 173 1808 ιι
183 1738 249 1800 dem
277 1736 381 1798 eadem
409 1737 483 1796 intra
504 1733 616 1796 ltaliam
643 1735 864 1798 dominantibus.
906 1735 1035 1797 externis
1057 1733 1189 1795 victoriis
1265 1739 1266 1790 t

182 1821 293 1898 aliena,
322 1818 455 1880 civilibus
478 1819 565 1879 etiam
588 1829 688 1880 nostra
712 1837 885 1882 consumere
905 1819 1066 1887 didicimus.
1100 1823 1188 1898 quan·

181 1905 271 1966 tulum
292 1903 369 1964 istud
393 1912 439 1964 εει
461 1903 572 1983 dequo
594 1904 706 1966 aediles
724 1905 890 1966 admonent!
920 1921 1021 1984 qoam,
1047 1905 1071 1966 si
1088 1911 1191 1963 cetera

182 1988 336 2068 respicias,
352 1988 382 2047 in
396 1985 650 2049 levibabendum!
675 1998 704 2051 nt
725 1989 846 2051 hercule
868 2005 955 2050 nemo
978 1988 1087 2066 refert,
1111 1985 1190 2066 qnod

182 2073 266 2135 ltalia
286 2081 428 2133 externae
450 2071 515 2151 opis
538 2071 664 2151 indiget,
695 2074 774 2154 qnod
795 2075 853 2135 rita
874 2073 977 2153 populi
997 2071 1119 2134 Romani
1136 2088 1191 2151 per

149 2157 450 2232 „insenescentem
470 2163 675 2235 tempestatum
691 2159 799 2222 cotidie
814 2158 951 2220 volvitur.
987 2175 1022 2220 nc
1044 2157 1098 2218 nisi
1121 2172 1189 2234 pro·

186 2241 341 2302 tineiarum
356 2242 461 2321 copiae
479 2249 509 2300 et
522 2239 645 2319 dominis
660 2251 690 2302 et
704 2244 831 2305 servitiis
847 2251 877 2304 et
891 2243 971 2322 agris
988 2240 1189 2316 subvenerint,
1264 2315 1265 2318 Ἴ

182 2335 284 2387 nostra
297 2341 352 2386 nos
369 2324 485 2386 scilicet
495 2342 615 2387 nemora
625 2335 804 2408 nostraeque
816 2327 904 2389 villae
916 2326 1081 2388 tuebuntur.
1103 2324 1190 2400 banc,

184 2419 284 2490 patres
299 2409 470 2489 conscripti,
490 2427 587 2470 curam
602 2411 725 2474 sustinet
739 2413 893 2494 princeps;
915 2412 991 2473 haec
1005 2409 1111 2471 omissa
1126 2408 1190 2468 iun·

184 2495 260 2555 ditus
274 2511 337 2554 rem
353 2492 501 2572 publicam
516 2493 620 2554 trahet.
654 2497 776 2576 reliquis
792 2498 867 2558 intra
883 2497 1003 2558 animum
1016 2491 1191 2554 medendum

151 2611 177 2653 2,
188 2587 247 2639 est:
264 2594 317 2636 nos
334 2577 437 2656 pudor,
455 2595 603 2657 pauperes
616 2582 798 2658 necessitas,
818 2580 924 2642 divites
940 2579 1028 2641 satias
1040 2578 1070 2638 in
1084 2573 1191 2638 melius

184 2671 283 2724 mutet.
318 2669 366 2722 aut
381 2663 406 2722 si
421 2661 486 2742 quis
502 2679 540 2721 ex
553 2663 770 2742 magistratibus
788 2662 895 2729 tantam
909 2663 1076 2726 industriam
1092 2679 1127 2723 ao
1143 2679 1191 2722 se·

185 2747 339 2807 'veritatem
353 2744 527 2825 pollicetur,
544 2755 575 2806 ut
590 2749 633 2808 ire
649 2748 764 2810 obviam
779 2759 877 2830 queat,
893 2750 968 2810 bunc
985 2763 1042 2825 ego
1058 2755 1088 2808 et
1103 2746 1191 2807 lando
1263 2789 1264 2792 ,

185 2841 216 2892 et
237 2831 392 2891 exonerari
406 2827 539 2891 laborum
560 2848 691 2892 meorum
715 2843 827 2913 partem
846 2833 959 2897 fateor:
985 2833 1030 2893 sin
1048 2847 1192 2893 accusare

184 2917 253 2976 uitia
264 2915 376 2992 volunt,
391 2914 470 2992 dein,
486 2932 551 2975 cum
561 2916 685 2992 gloriam
697 2919 760 2980 eins
771 2919 816 2980 rei
827 2918 925 2997 adepti
937 2925 1013 2995 sunt,
1028 2915 1190 2977 simultates

150 2999 292 3083 ⁸,iaciant
312 3016 348 3060 ac
373 2998 442 3059 mibi
461 2998 642 3077 relinquunt,
668 3002 796 3080 credite,
820 3011 917 3083 patres
942 3000 1118 3080 conscripti,
1140 3013 1190 3056 me

186 3101 303 3166 quoqne
326 3099 384 3143 non
405 3100 473 3144 esse
490 3082 682 3146 offensionum
696 3088 823 3159 asidum3
850 3104 923 3167 quas
944 3103 1009 3146 enm
1030 3099 1137 3164 graues
1162 3091 1194 3140 et
1263 3147 1264 3150 Ἴ

183 3170 357 3250 plerumque
372 3167 485 3249 iniquas
500 3185 555 3246 pro
571 3187 604 3230 re
618 3169 736 3249 publiea
750 3170 917 3252 suscipiam,
933 3172 1034 3231 inanes
1050 3177 1080 3230 et
1092 3163 1195 3228 inritas
1263 3155 1264 3186 ¹

183 3272 281 3333 neque
296 3251 365 3311 mibi
385 3261 433 3312 aut
449 3251 536 3313 vobis
551 3254 616 3314 usui
631 3252 742 3316 futuras
758 3257 821 3317 iure
835 3257 1006 3336 deprecor.’

245 3335 584 3401 calodaemones
605 3338 698 3416 literis
720 3341 843 3404 remissa
858 3339 1002 3403 aedilibus
1022 3335 1090 3398 talis
1105 3353 1193 3403 cura.

184 3427 330 3503 luxusque
343 3438 475 3503 mensae,
489 3441 508 3484 a
524 3424 581 3484 line
598 3421 713 3487 Actiaci
729 3422 801 3486 belli
816 3425 853 3488 ad
870 3443 906 3486 ea
921 3441 1015 3498 arma,
1039 3419 1103 3500 quis
1120 3419 1195 3478 Ser·

184 3509 249 3569 vius
270 3506 362 3570 Galba
382 3524 480 3571 rerum
500 3507 623 3588 adeptus
646 3518 708 3587 est,
732 3527 787 3590 per
811 3526 902 3571 annos
925 3515 1039 3569 centum
1060 3501 1196 3583 prolusis
