2540 3874
1073 37 1096 80 θ

378 138 483 186 muns
497 139 536 187 11.
558 138 634 186 oue.
654 136 784 190 11—16.
1036 129 1076 191 47

90 295 216 356 ebriorum
236 293 322 356 aliam
345 292 476 354 manibus
495 294 579 354 ariae
600 292 752 371 Augustae
774 295 937 374 accepisse.
977 307 1077 359 anctus

89 380 185 456 omine,
205 377 406 439 addicentibus
420 379 575 457 auspiciis,
597 387 683 439 vocat
704 381 868 440 contionem
886 388 915 440 et
935 398 1009 461 quae
1032 401 1077 443 ss-

87 464 180 545 pieutia
195 463 315 542 provisa
330 471 456 545 aptaque
470 463 616 525 inminenti
626 478 754 542 pugnae
775 463 901 524 disserit
929 483 987 525 non
1002 485 1100 529 cam-s

85 567 134 610 ros
160 546 244 608 modo
266 547 348 608 militi
367 547 500 608 Romano
522 547 559 610 ai
581 547 723 627 proelium
743 547 854 626 bonos,
881 549 934 610 sed
957 551 981 610 si
1003 553 1076 612 ratio

83 633 163 710 adsit,
185 631 275 694 siluas
295 639 325 692 et
346 631 451 701 saltus;
475 650 532 692 nec
548 634 624 693 enirn
638 633 769 694 inmensa
782 633 969 695 barbarorum
985 645 1076 714 scuta,
1103 673 1105 676 -

82 718 196 778 enormis
210 715 310 777 hosius
326 717 402 778 inter
415 725 536 777 truncos
554 715 689 778 arborum
704 727 734 778 et
749 727 832 778 enata
850 717 935 779 bomo
951 719 1077 798 uirgulta

80 800 190 883 perinde
216 800 318 862 buberi
347 817 433 880 quum
459 799 519 880 pila
545 809 575 862 et
596 801 711 880 gladios
731 811 760 863 et
783 801 932 864 haerentia
958 805 1077 884 corpori

78 887 204 965 tegmina.
240 885 396 948 denserent
416 885 504 962 ictus,
528 903 580 946 ora
600 885 784 948 mucronibus
805 897 994 966 quaererent:
1017 905 1111 958 non10

77 972 187 1032 loricam
203 969 363 1047 Germano,
383 985 441 1030 non
459 970 591 1048 galeam,
613 989 651 1032 ne
674 979 755 1032 scuta
777 971 892 1049 quidem
912 971 992 1034 ferro
1010 991 1075 1034 ner-

76 1073 147 1116 vove
162 1055 289 1132 firmata,
309 1053 362 1116 sed
372 1055 507 1115 cirninum
519 1065 616 1116 textus
628 1055 677 1116 rel
694 1055 788 1118 tenuis
803 1064 833 1116 et
847 1056 960 1118 iocatus
973 1058 1075 1118 colore

76 1139 195 1208 tabulas;
212 1139 331 1218 primam
346 1148 502 1218 utcumque
517 1140 609 1200 aciem
630 1139 788 1216 hastatum,
810 1141 918 1201 ceteris
939 1151 1075 1221 praeusta

76 1233 115 1286 ant
127 1223 228 1284 brevia
242 1223 312 1284 teia.
343 1224 399 1284 iam
416 1242 524 1304 corpus
537 1234 567 1284 ut
582 1227 646 1284 uisu
663 1233 775 1285 torvum
791 1233 820 1285 et
836 1223 872 1284 ad
887 1225 1008 1286 brevem
1023 1227 1072 1286 im·

76 1319 162 1386 petum
184 1307 326 1385 rabidum,
346 1309 390 1368 sic
409 1307 488 1369 nulia
508 1308 659 1370 vulnerum
685 1309 839 1388 patientia:
868 1310 930 1370 sine
961 1309 1108 1390 pudorers

79 1393 181 1470 inquii,
211 1393 275 1452 sine
296 1409 365 1453 cura
387 1390 490 1453 ducum
511 1392 609 1472 abire,
639 1394 759 1471 ingere,
780 1391 909 1473 pavidos
931 1394 1074 1472 adversis,
1132 1471 1135 1478 ,

80 1479 139 1538 inter
152 1475 285 1538 secunda
299 1495 357 1540 non
373 1476 476 1555 diuini,
497 1477 684 1538 nonbnmani
698 1478 768 1538 iuris
783 1494 937 1538 memores.
974 1479 999 1539 si
1011 1487 1073 1539 tae·

74 1560 115 1621 iio
130 1563 239 1624 riarum
256 1577 292 1621 ac
307 1561 494 1622 maris’finem
508 1563 641 1642 cupiant,
665 1561 722 1622 bac
737 1562 800 1622 acie
818 1563 931 1641 parari:
954 1565 1073 1644 propio·

70 1665 122 1706 rem
145 1648 203 1706 iam
219 1645 317 1706 Albim
334 1663 419 1724 quam
433 1645 565 1707 Rhenum
579 1665 676 1725 neque
691 1646 799 1707 bellum
816 1646 907 1724 ultra,
926 1647 1014 1707 modo
1029 1665 1073 1724 se,

68 1733 151 1810 patris
167 1731 323 1810 patruique
337 1731 460 1808 vestigia
474 1739 669 1810 prementem,
684 1728 777 1791 isdem
787 1732 816 1790 in
830 1733 916 1791 terris
931 1733 1073 1792 rictorem
1082 1750 1108 1791 ro

67 1817 210 1875 sisterent.
363 1869 367 1875 .

125 1901 177 1960 15.
201 1899 370 1961 Orationem
391 1899 473 1960 ducis
496 1908 615 1961 secutus
636 1899 755 1960 miiitum
775 1898 879 1977 ardor,
901 1900 1073 1980 signumque

62 2002 180 2064 pugnae
194 1984 300 2045 datum.
337 2001 394 2044 nee
409 1984 554 2045 Arminius
574 1994 622 2046 ant
637 1985 730 2044 ceteri
746 1983 952 2046 Germanorum
967 2003 1073 2066 proce·

60 2088 108 2129 res
128 2069 301 2130 omittebant
322 2086 392 2129 suos
413 2070 536 2149 quisque
558 2069 675 2146 testari,
697 2069 752 2129 hos
767 2087 836 2128 esse
851 2068 1000 2130 Romanos
1015 2069 1071 2132 Va·

58 2155 133 2213 riani
148 2153 299 2216 exereitus
312 2153 532 2232 fugacissimos,
555 2154 603 2234 qui
618 2171 657 2212 ne
672 2152 780 2213 bellum
796 2153 973 2229 tolerarent,
996 2152 1071 2213 sedi-

58 2238 167 2298 tionem
183 2237 345 2308 induerim
362 2254 481 2318 qnorum
498 2257 566 2318 pars
585 2246 689 2302 onusta
705 2236 873 2297 vulneribus
886 2245 987 2314 terga,
1003 2249 1096 2316 parsu

60 2321 196 2382 fluctibus
217 2331 247 2382 et
273 2322 415 2400 procellis
437 2322 549 2384 fractos
570 2331 648 2383 artus
663 2321 785 2382 infensis
800 2339 913 2383 rursum
927 2319 1071 2398 hostibus,

62 2407 194 2468 adversis
204 2406 249 2468 riis
266 2405 411 2484 obiciant,
427 2407 504 2469 nulla
520 2407 589 2468 boni
604 2423 669 2486 spe.
699 2406 824 2467 classem
841 2407 948 2487 qnippe
964 2415 994 2466 et
1008 2407 1071 2465 avia

63 2489 171 2574 Oceani
194 2493 342 2573 quaesita,
366 2493 488 2572 nequis
510 2491 691 2552 venientibus
706 2500 891 2569 occurreret,
917 2509 954 2550 ne
971 2490 1071 2570 pulsos

62 2586 226 2654 premeret:
247 2575 300 2637 seri
321 2576 371 2636 ubi
394 2578 561 2638 miscuerint
574 2593 689 2653 manns,
712 2577 798 2637 inane
820 2577 905 2636 vietis
918 2583 1070 2635 ventorum

61 2677 244 2722 remorumve
263 2660 428 2721 subsidium.
460 2663 656 2722 meminissent
672 2660 759 2720 modo
780 2661 934 2736 avaritiae,
948 2658 1106 2722 erudeli-ro

61 2747 137 2823 tatis,
164 2745 341 2827 superbiae:
364 2744 442 2806 aliud
457 2745 513 2806 sibi
529 2747 671 2826 reliquum
687 2762 771 2825 qnam
785 2755 888 2805 tenere
908 2743 1070 2804 libertatem
1143 2803 1154 2816 „

61 2839 100 2888 sni
116 2831 282 2892 moriente
297 2828 466 2891 servitium?
879 2871 881 2876 ·

116 2916 170 2978 16.
198 2915 250 2976 Sic
268 2931 413 2976 accensos
428 2924 458 2976 et
478 2915 621 2995 proelium
638 2922 795 2994 poscentes
810 2915 839 2974 iu
855 2931 1002 2992 campum,
1025 2914 1128 2995 cois&

62 2993 215 3062 iiisiaviso
229 3014 354 3077 nomen,
370 2997 524 3060 deducunt.
554 3000 579 3059 is
594 2999 705 3059 medius
719 2999 794 3058 inter
804 2999 952 3076 Visurgim
970 3006 999 3058 ct
1009 2999 1069 3059 coi·
1130 2989 1224 3026 Ἂ-

66 3075 109 3161 bs,
130 3095 165 3147 nt
189 3086 275 3165 ripae
297 3085 420 3145 fluminis
443 3083 549 3144 cedunt
569 3092 618 3144 aut
640 3084 832 3163 prominentia
847 3083 984 3143 montium
998 3085 1069 3143 resi·

70 3169 140 3250 rust,
165 3169 364 3250 inaequaliter
384 3169 521 3230 sinuatur.
562 3185 640 3248 pone
661 3177 775 3246 tergum
797 3167 967 3245 insurgebat
984 3167 1069 3242 silva,

63 3245 134 3314 editis
159 3255 197 3316 in
217 3254 307 3316 altum
335 3255 422 3316 ramis
445 3262 475 3314 et
493 3271 565 3334 pura
586 3252 672 3313 burno
697 3255 771 3314 inter
790 3251 925 3313 arborum
940 3260 1094 3311 troncoso

60 3347 189 3417 timpum
218 3349 250 3400 et
270 3340 361 3418 prima
382 3339 518 3400 silvarum
541 3337 664 3414 barbara
684 3339 765 3399 acies
787 3337 895 3409 tenuius
916 3333 972 3394 soli
994 3329 1057 3393 (ibe

57 3424 126 3482 ruci
148 3426 227 3504 ingr
249 3423 401 3502 insedere,
429 3432 460 3484 ut
484 3421 693 3504 proeliantibus
715 3421 853 3483 Romanis
875 3418 1001 3496 desuper
1028 3417 1068 3473 in·
