2568 3870
400 155 507 204 menn
520 156 571 204 111.
592 156 668 204 car.
684 155 805 210 ιιι-ιε.
1042 145 1097 208 121

98 317 155 376 bus
170 312 356 374 securitatem
371 312 425 370 nisi
444 311 588 371 exstincto
602 311 780 373 aemulatore
794 311 960 372 redituram.
982 311 1103 373 Fabium

8 461 9 464 ,
62 391 78 418 ⁰
98 401 160 460 illis
174 396 328 458 Valentem
351 396 495 474 captivum
515 402 545 454 et
566 393 684 457 casibus
707 394 802 456 dubiis
820 405 1003 457 reservatum
1018 415 1101 476 prae·

7 479 9 494 ‘
97 480 341 561 gravemiuisse·
359 476 463 538 nedum
474 477 585 538 Primus
599 496 634 538 ac
646 477 758 540 Fuscus
775 489 804 540 et
818 479 967 558 specimen
980 482 1102 560 partium
1138 549 1143 558 „

99 566 249 628 Mucianus
264 563 351 624 ullam
366 562 395 621 in
405 561 557 622 Vitellium
572 562 626 622 nisi
640 561 794 624 occidendi
808 564 953 625 licentiam
963 563 1099 626 habeant.
1112 589 1139 632 η

7 683 9 690 -
33 699 35 701 .
74 642 158 711 “non
174 667 190 710 a
206 645 335 708 Caesare
349 645 536 724 Pompeiana,
558 661 617 704 non
640 645 677 706 ab
694 645 830 726 Angusto
847 647 1005 708 Antonium
1021 649 1102 709 ineo·

7 733 8 736 ’
98 734 193 794 lumes
207 731 348 808 relictos,
363 730 418 790 nisi
432 729 510 790 forte
524 727 724 810 Vespasianus
738 731 859 792 altiores
874 732 992 810 spiritus
1007 740 1102 809 gerat,

96 815 200 876 Vitelli
219 814 329 890 cliens,
352 831 416 874 oum
430 812 568 874 Vitellius
588 812 707 892 collega
724 811 846 876 (llaudio
865 815 954 876 foret.
970 817 1056 895 quin,
1073 826 1104 875 ut

97 915 251 962 censuram
269 899 377 977 patris,
398 906 429 957 ut
447 906 509 957 tres
530 896 715 975 consulatus,
737 907 767 958 ut
786 907 831 960 tet
844 900 986 978 egregiae
1001 899 1103 959 domus

96 985 228 1044 honores
250 982 388 1060 deceret,
406 981 614 1061 desperatione
630 980 734 1043 saltem
751 984 780 1042 in
801 981 950 1044 audaciam
966 984 1141 1061 accinge-rc

98 1077 189 1127 retur.
225 1073 358 1144 perstare
376 1065 513 1142 militem,
535 1082 695 1145 superesse
719 1065 812 1126 stadia
835 1065 954 1145 populi;
978 1066 1105 1147 denique

100 1148 171 1210 nihil
187 1149 313 1209 atrocius
330 1158 500 1209 eventurum
512 1167 596 1228 quam
611 1151 641 1210 in
652 1149 731 1229 quod
746 1159 851 1228 sponte
866 1157 960 1210 ruant.
978 1150 1103 1210 morien·
1189 1207 1190 1210 ,

100 1235 166 1294 dum
182 1232 284 1310 victis,
306 1231 485 1292 moriendum
506 1231 626 1294 deditis:
659 1233 688 1292 id
711 1233 805 1296 solum
828 1233 958 1309 reierre,
980 1233 1103 1293 novissi·

99 1335 175 1379 mum
193 1315 324 1395 spiritum
339 1332 393 1394 per
410 1314 562 1376 ludibrium
577 1325 607 1375 et
628 1315 820 1377 contumelias
836 1314 983 1377 effundant
998 1333 1034 1376 an
1050 1334 1105 1395 per

99 1403 243 1460 virtutem.
1112 1423 1143 1462 ,θ

163 1484 215 1546 67.
236 1483 348 1544 Surdae
365 1483 503 1543 odientia
524 1482 647 1544 consilia
663 1483 784 1543 Vitellio
801 1500 902 1543 aures:
927 1481 1105 1547 obruebatur

100 1570 211 1628 anbnus
234 1568 421 1628 miseratione
446 1584 589 1646 curaque,
616 1584 653 1627 ne
675 1565 873 1646 pertinacibus
899 1568 985 1628 armis
1011 1567 1104 1626 minus

101 1649 276 1730 placabilem
296 1652 440 1712 victorem
454 1650 632 1730 relinqueret
654 1650 770 1728 coniugi
789 1669 824 1711 ac
838 1649 951 1710 liberis.
983 1658 1047 1710 erat
1061 1650 1106 1711 illi
1163 1701 1168 1704 a

102 1745 133 1796 et
146 1735 225 1795 iesse
241 1743 337 1796 aetate
350 1752 471 1813 parcam
487 1752 562 1813 quae
576 1744 672 1797 tamen
685 1736 788 1815 paucis
799 1741 865 1795 ante
878 1733 980 1794 diebus
996 1750 1103 1812 oppor-

100 1822 168 1880 tuna
188 1827 283 1880 morte
308 1818 452 1880 excidium
472 1817 574 1881 domus
595 1821 761 1898 praevenit,
783 1818 852 1878 nihil
876 1818 1039 1896 principatu
1064 1817 1132 1882 iilis

100 1903 241 1964 adsecuta
255 1902 311 1962 nisi
330 1901 438 1963 lactum
453 1910 482 1962 et
498 1901 604 1964 bonam
625 1904 739 1964 iamam.
779 1916 827 1964 xv
849 1900 989 1962 kalendas
1003 1901 1104 1962 lanua·

100 1990 160 2047 rias
175 1985 272 2046 andita
289 1985 457 2046 deiectione
479 1985 605 2064 legionis
627 1987 868 2066 cohortiumque,
891 2004 966 2064 quae
984 2003 1018 2045 se
1031 1984 1104 2046 Nar·

100 2072 166 2130 niae
181 2066 370 2145 dediderant,
388 2069 468 2147 pullo
483 2072 588 2130 amictu
597 2070 708 2131 Palatio
724 2070 910 2149 degreditur,
926 2079 1036 2129 maesta
1050 2070 1104 2130 cir·

101 2169 166 2213 cum
176 2152 297 2222 familia;
311 2151 462 2212 ferebatur
472 2151 609 2215 lecticula
621 2155 758 2232 paruulus
773 2154 867 2230 lilius,
884 2153 964 2213 velut
980 2153 1008 2211 in
1022 2153 1105 2212 iune-

100 2238 183 2297 brem
200 2253 350 2316 pompam:
365 2253 458 2296 voees
472 2234 573 2315 populi
587 2235 711 2296 blandae
727 2247 757 2297 et
770 2237 1005 2315 intempestiuae,
1020 2236 1103 2296 miles
1114 2262 1144 2306 ω

99 2323 205 2380 minaci
223 2320 350 2380 silentio.
842 2371 845 2378 .

163 2402 214 2465 68.
236 2403 301 2464 Nee
337 2402 488 2482 quisquam
517 2402 591 2463 adeo
621 2420 719 2463 rerum
749 2402 934 2463 humanarum
966 2403 1106 2462 inmemor
1191 2407 1194 2412 '

3 2545 4 2554 ,
102 2505 187 2567 quem
208 2504 266 2547 non
289 2495 487 2547 commoveret
506 2487 555 2548 illa
578 2486 686 2564 iacies,
707 2487 868 2548 Romanum
889 2486 1054 2567 prinoipem
1076 2494 1106 2546 et

3 2567 4 2572 ’
100 2572 218 2650 generis
240 2571 353 2632 humani
380 2569 468 2651 panio
492 2578 558 2632 ante
583 2570 728 2632 dominam
754 2571 858 2632 relicta
878 2571 1013 2644 fortunae
1034 2587 1106 2630 suae

100 2655 173 2716 sede
186 2672 240 2735 per
256 2654 410 2734 populum,
426 2671 482 2734 per
496 2654 596 2715 urbem
609 2655 690 2716 exire
706 2653 742 2715 de
757 2655 889 2734 imperio.
910 2653 981 2714 nihil
991 2653 1051 2714 tale
1063 2655 1105 2713 vi·

100 2740 220 2817 derant,
242 2739 312 2800 nibil
327 2738 485 2800 audierant.
518 2740 672 2818 repentina
684 2740 729 2799 vis
754 2738 926 2800 dictatorem
947 2735 1135 2804 (laesaremr>

102 2832 312 2903 oppresserat,
337 2822 473 2884 occultae
493 2820 593 2885 (laium
613 2823 750 2891 insidiae;
775 2840 835 2883 nos
857 2831 888 2883 et
908 2825 1039 2901 ignotum
1056 2840 1107 2881 rus

100 2909 201 2985 fugam
215 2907 341 2969 Neronis
358 2906 588 2976 absconderaot;
602 2907 670 2968 Piso
685 2915 715 2967 et
730 2906 821 2986 Galba
837 2914 981 2985 tamquam
997 2908 1026 2966 in
1041 2908 1106 2966 acie

6 3011 8 3018 ’
102 2990 257 3050 cecidere:
274 2992 303 3050 iu
320 3010 372 3053 sna
390 2991 526 3052 contione
541 2990 695 3069 Vitellius,
719 2993 794 3051 inter
808 3007 878 3051 suos
896 2990 1020 3064 milites,
1039 3006 1105 3068 pro·

102 3073 302 3151 spectantibus
330 3077 417 3135 etiam
437 3074 569 3153 ieminis,
598 3092 691 3153 panca
715 3083 746 3134 et
775 3075 922 3153 praesenti
944 3071 1106 3132 maestitiae

104 3158 294 3232 congruentia
309 3157 435 3236 loeutus,
451 3157 558 3219 cedere
573 3177 606 3220 se
618 3159 700 3238 pacis
716 3167 744 3219 et
755 3160 800 3218 rei
815 3156 952 3236 publicae
964 3173 1052 3215 causa
1063 3187 1105 3200 -
1116 3179 1146 3220 ro

100 3241 263 3302 retinerent
280 3250 387 3302 matum
403 3243 569 3302 memoriam
585 3244 645 3316 sui,
666 3242 845 3320 iratremque
862 3249 892 3300 et
907 3239 1062 3316 coniugem
1077 3247 1107 3296 et

100 3323 247 3385 innoxiam
274 3324 432 3385 liberorum
460 3333 583 3387 aetatem
601 3327 813 3386 miserarentur
832 3357 891 3400 -,
914 3321 998 3381 simul
1020 3321 1107 3380 lilium

100 3407 301 3490 protendens,
327 3408 414 3469 modo
446 3407 568 3486 singulis
601 3408 687 3470 modo
718 3406 862 3467 universis
889 3401 1108 3477 commendans,
