2596 3872
160 225 221 286 262
404 235 570 285 connuurr
589 235 707 283 rncrrr
729 233 912 282 nnnnnronr
1020 300 1022 304 Ι

162 396 186 453 si
203 394 359 453 vetustiora
382 401 514 471 repetas,
536 399 659 451 stantem
679 389 817 470 populum
839 389 1039 468 spectavisse,
1063 404 1116 462 ne,
1140 383 1165 444 si

162 475 329 538 consideret
342 475 471 554 theatro,
487 475 549 536 dies
565 476 967 552 totosigneviucontinuaret.
981 467 1164 548 spectaculo·

161 577 222 618 rum
232 558 509 637 quidemantiuuitas
523 563 703 628 servaretur,
717 555 855 629 quotiens
864 561 1019 630 praetores
1028 548 1163 625 ederent,

133 661 154 704 rt
164 643 242 705 nulla
258 644 389 722 cuiquam
404 641 506 701 civium
527 641 704 700 necessitate
722 638 859 700 certandi.
895 646 1024 698 ceterum
1039 635 1165 697 abolitos

167 727 300 808 paulatim
319 727 428 806 patrius
443 742 540 785 mores
555 724 680 785 lunditus
695 724 786 784 everti
801 741 854 802 per
869 723 990 784 accitam
1003 720 1165 796 lasciviam,

166 823 194 873 ut
209 812 286 891 quod
305 828 424 890 usquam
441 810 586 887 corrumpi
608 817 638 868 et
657 825 847 886 corrumpere
867 815 968 887 queat,
989 807 1019 867 iu
1037 803 1109 865 urbe
1126 805 1166 864 ri·

166 905 260 973 satur,
284 893 503 974 degeneretque
523 891 625 953 studiis
646 892 775 952 externis
796 893 945 969 inventus,
965 890 1115 969 gymnasia
1136 896 1168 948 et

166 982 225 1040 otia
240 989 269 1040 et
284 988 383 1058 turpes
399 994 515 1038 amores
531 975 715 1054 exercendo,
734 975 866 1055 principe
882 984 911 1036 et
926 983 1027 1036 senatu
1042 973 1168 1035 auctori·

134 1064 235 1141 rebus,
257 1062 305 1140 qui
321 1079 378 1122 non
391 1060 478 1121 modo
496 1061 640 1121 licentiam
660 1061 736 1119 vitiis
752 1060 951 1138 permiserint,
976 1058 1029 1120 sed
1046 1059 1101 1117 rim
1119 1055 1168 1116 aid-
1222 1107 1227 1118 .

167 1146 299 1223 hibeant,
319 1150 354 1205 ut
373 1162 515 1223 proceres
530 1144 651 1204 Romani
671 1146 773 1224 specie
794 1145 955 1205 orationum
970 1152 999 1204 et
1015 1143 1169 1205 carminum

168 1247 274 1290 scaena
289 1228 463 1308 polluantur.
500 1228 567 1309 quid
587 1245 760 1307 superesse,
780 1228 836 1288 nisi
857 1236 887 1288 ut
909 1245 1035 1307 corpora
1052 1242 1170 1308 quoque

167 1313 274 1374 nudent
289 1322 319 1374 et
339 1322 456 1374 caestus
478 1311 626 1374 adsumant
642 1330 751 1393 easque
765 1330 878 1393 pugnes
897 1317 952 1393 pro
967 1311 1067 1373 militia
1081 1319 1110 1370 et
1125 1327 1169 1370 nr·

168 1394 1167 1474 mismeditentur‘laniustitiamaucturnirietdccuriasequitumegre·

133 1504 158 1545 ao
168 1483 244 1559 glum
262 1479 406 1551 iudicandi
427 1496 527 1539 munus
543 1479 731 1557 expleturas,
754 1481 779 1540 si
795 1479 905 1541 fractos
921 1496 1011 1540 sonos
1027 1487 1056 1539 et
1070 1477 1169 1538 dulce·

168 1566 262 1626 dinem
278 1582 382 1625 vocum
397 1565 492 1642 perite
509 1561 676 1624 audissentl
696 1573 799 1624 noctes
822 1581 937 1644 quoqne
960 1563 1100 1624 dedecori
1120 1560 1170 1622 ad·

168 1653 276 1726 iectus,
298 1667 334 1708 ne
355 1647 432 1727 quod
454 1656 568 1727 tempus
592 1647 695 1727 pudori
716 1647 911 1726 relinquatur,
932 1647 985 1707 scd
1002 1655 1087 1707 coetu
1102 1661 1170 1725 pru·
1205 1717 1207 1724 Α

168 1735 269 1810 misco,
287 1730 365 1811 quod
379 1729 587 1809 perditissimus
603 1731 726 1810 quisque
739 1750 792 1811 per
803 1729 877 1792 diem
890 1731 1101 1812 concupiverit,
1117 1747 1173 1810 per

168 1815 303 1877 tenebras
317 1814 431 1874 audeat.
802 1842 804 1848 ,

232 1899 283 1958 21.
308 1896 439 1957 Pluribus
469 1899 532 1978 ipsa
556 1897 674 1958 licentia
697 1898 848 1980 placebat,
872 1918 908 1961 ac
929 1908 1024 1960 tamen
1047 1898 1171 1959 honesta

169 1984 282 2045 uomina
300 1980 534 2060 praetendebant.
564 1983 690 2044 maiores
706 2000 823 2062 quoque
836 2001 894 2044 uon
905 1983 1091 2045 abhorruisse
1104 1999 1170 2061 spe·

170 2065 347 2128 otaculorum
363 2064 584 2126 oblectamentis
602 2083 656 2145 pro
678 2067 793 2128 fortuna
811 2085 886 2146 quae
901 2077 958 2128 tum
973 2077 1051 2144 erat,
1075 2083 1172 2145 coque

170 2171 186 2213 a
202 2150 304 2212 'luscis
323 2150 433 2211 accitos
449 2148 623 2226 histriones,
640 2169 656 2210 a
671 2149 785 2212 Thuriis
799 2169 940 2230 equorum
956 2151 1125 2220 certamina;
1142 2157 1173 2210 et

145 2251 311 2317 spossessa
327 2233 438 2296 Achaia
454 2234 583 2314 Asiaque
605 2234 689 2295 ludos
712 2237 838 2296 curatius
861 2235 974 2313 editos,
996 2254 1052 2296 nee
1073 2251 1171 2315 quem·

171 2337 254 2399 quarn
264 2318 375 2380 Romae
392 2318 517 2379 honesto
533 2319 601 2380 loco
618 2328 710 2380 ortum
725 2318 760 2379 ad
778 2319 935 2382 theatrales
952 2330 1030 2381 artes
1046 2319 1172 2396 degene-

171 2404 297 2481 ravisse,
313 2401 445 2463 ducentis
462 2403 515 2463 iam
540 2403 621 2462 annis
641 2420 656 2462 a
672 2402 702 2465 t.
720 2403 845 2464 Mummii
862 2403 1024 2484 triumpho,
1044 2403 1091 2484 qni
1114 2401 1172 2482 pri·
1286 2403 1287 2408 ’

169 2506 231 2548 mus
246 2485 276 2546 id
286 2503 380 2563 genus
397 2487 557 2564 spectaculi
571 2489 599 2546 in
613 2487 685 2547 urbe
698 2488 872 2567 praebuerit.
902 2488 954 2549 sed
967 2499 996 2549 ct
1011 2486 1185 2548 consultum·

170 2571 380 2652 parsimoniae,
403 2569 481 2648 quod
502 2579 643 2649 perpetua
662 2571 750 2632 sedes
764 2570 878 2634 theatro
899 2573 996 2635 locata
1014 2576 1050 2633 sit
1065 2571 1172 2652 potins,
1285 2635 1286 2650 ,

137 2675 161 2716 ro
172 2673 255 2733 qnam
269 2655 408 2714 immenso
424 2662 536 2733 sumptu
552 2655 683 2733 singulos
699 2673 753 2736 per
765 2673 857 2717 annos
869 2664 1061 2734 consurgeret
1075 2673 1111 2716 ae
1123 2653 1173 2714 de-

171 2747 346 2799 struereturae
376 2756 433 2798 nec
454 2738 575 2818 perinde
594 2740 780 2817 magistratus
801 2758 863 2801 rem
880 2740 1051 2805 familiarem
1066 2737 1161 2800 exhan
1284 2777 1285 2814 3

171 2833 266 2883 sturos
281 2830 330 2883 eut
345 2822 456 2901 populo
471 2822 649 2900 eillagitandi
664 2822 776 2885 Graeca
793 2826 948 2886 certamina
964 2839 985 2886 o
1000 2823 1173 2902 magistrati-
1284 2829 1285 2897 ξ

170 2908 224 2966 bus
241 2923 356 2967 causam
372 2906 455 2984 lore,
478 2925 542 2968 curn
557 2924 593 2966 eo
610 2917 784 2985 sumpturas
803 2909 918 2987 publica
931 2909 1075 2988 iungatur.
1107 2924 1173 2967 ora·

171 3000 265 3051 torum
286 3008 321 3050 ac
345 2999 441 3050 vatum
463 2992 601 3052 victorias
624 2993 837 3056 iucitsmentum
864 2993 988 3070 ingeniis
1014 2991 1172 3061 adlaturus:

136 3089 226 3134 teneo
242 3073 372 3153 cuiquam
394 3074 480 3134 indici
501 3092 592 3152 grane
609 3093 695 3136 aures
714 3075 815 3137 studiis
826 3075 958 3139 honestis
976 3086 1005 3140 et
1018 3076 1173 3155 voluptati·
1283 3063 1284 3102 ³

171 3158 225 3220 bus
241 3158 392 3218 concessis
407 3159 564 3236 impertire.
599 3159 726 3221 laetitiae
742 3162 834 3239 magis
849 3180 934 3242 quam
953 3161 1094 3224 lasciviae
1111 3158 1174 3220 dari

169 3257 278 3321 paucas
301 3242 388 3302 totins
409 3244 596 3322 quinquennii
617 3254 736 3321 noctes,
758 3245 861 3324 quibus
884 3255 962 3307 tanta
983 3246 1048 3307 luce
1064 3245 1173 3323 ignium
1282 3249 1283 3258 ’

171 3325 241 3386 nihil
257 3325 393 3386 inlicitum
410 3327 549 3390 occultari
566 3337 662 3408 quent.
700 3346 770 3389 sane
784 3329 864 3392 nullo
879 3331 984 3409 insigni
1000 3330 1172 3391 dehonesta-

171 3416 267 3467 mento
282 3408 311 3468 id
335 3411 533 3487 spectaculum
553 3414 674 3473 transiit.
702 3431 737 3474 ac
760 3431 796 3474 ne
817 3412 930 3477 modica
951 3414 1064 3495 quidem
1079 3411 1172 3486 studia
1281 3449 1282 3452 =

137 3488 266 3566 optetis
282 3509 435 3572 exarsere,
460 3497 526 3575 quia
546 3495 649 3558 redditi
672 3513 842 3578 quamquam
866 3517 990 3562 scaenae
1005 3497 1173 3580 pantomimi
