2510 3864
487 201 562 250 one.
579 199 695 254 7-10.
1026 191 1087 254 245

84 369 172 420 tatem
187 358 274 419 ullam
288 355 458 418 auctoribus
474 359 534 417 suis
557 355 713 418 conciliant
726 375 822 436 neque
842 357 978 419 utilitates
994 325 1088 433 alunt}

85 444 261 523 voluptatem
282 439 533 517 summitterem,
560 440 673 502 laudem
697 437 862 502 inanem'et
879 442 1086 504 infructuosam

84 533 307 606 consequuntur.
338 525 409 586 licet
423 524 497 586 haec
512 525 576 605 ipsa
591 533 621 584 et
636 541 710 603 quae
726 525 866 606 deinceps
884 525 1010 586 dicturus
1024 542 1108 586 sumu

84 629 169 672 aures
180 619 263 688 tuae,
278 609 425 688 Materne,
441 617 595 689 respuant,
613 608 658 668 cui
672 608 821 688 inanest,
839 611 864 671 si
878 610 955 691 apud
967 618 996 670 te
1007 610 1085 689 Aga·

82 711 214 755 memnon
229 703 277 754 aut
292 693 379 756 lason
394 692 503 754 diserte
521 691 669 773 loquituri
692 693 757 772 quis
772 692 840 764 ideo
856 695 970 756 domum
985 694 1085 755 deien-

5 809 6 812 ¹
81 787 177 839 suaet
194 777 244 838 tibi
260 778 406 856 obligatus
421 775 517 838 redit?
541 778 606 855 quis
621 776 749 838 Saleium
771 786 916 857 nostrum,
935 780 1087 856 egregium

81 873 198 943 poetam
212 861 277 938 uel,
298 863 324 920 si
340 861 398 922 hoo
417 860 654 922 honorificentius
676 869 736 939 est,
758 862 1021 941 praeclarissimum
1037 881 1086 923 va·

80 957 155 1024 tem,
179 943 295 1006 deducit
315 953 364 1005 aut
384 943 490 1007 salutat
511 952 559 1005 aut
580 943 786 1025 prosequitur?
810 965 918 1026 nempe
935 948 961 1007 si
978 949 1120 1012 amionem

80 1031 158 1106 eius,
183 1028 208 1086 si
224 1028 421 1109 propinquus,-
440 1030 465 1088 si
480 1028 606 1109 denique
621 1030 687 1109 ipse
707 1030 735 1089 in
750 1030 868 1110 aliquod
883 1031 1031 1109 negotium
1045 1032 1085 1090 in-

80 1111 198 1188 ciderit,
216 1111 252 1172 ad
264 1111 342 1172 hunc
354 1112 517 1174 Secundum
533 1121 664 1174 recurret
679 1122 728 1173 aut
747 1114 782 1174 ad
800 1122 847 1193 te,
861 1114 1007 1190 llaterne,
1028 1132 1085 1176 uon

79 1199 144 1278 qula
164 1205 251 1276 poeta
267 1214 316 1275 es,
334 1213 430 1277 neque
445 1205 476 1256 ut
491 1215 545 1276 pro
561 1216 597 1259 eo
613 1216 716 1258 versus
731 1198 837 1268 iaoias;
855 1199 883 1259 hi
899 1198 976 1260 enim
990 1198 1083 1260 Basso

79 1282 155 1342 domi
175 1289 348 1358 nascuntur,
370 1280 485 1359 pulchri
506 1282 620 1360 quidem
646 1290 675 1341 et
693 1281 824 1358 iucundi,
849 1299 970 1361 quorum
990 1291 1084 1343 tamen

78 1365 127 1424 hic
149 1365 244 1424 exitus
262 1372 323 1439 eut,
348 1371 378 1423 ut
397 1381 462 1423 cum
483 1373 544 1424 toto
567 1381 658 1440 enno,
685 1383 738 1443 per
758 1382 858 1425 omnes
874 1365 954 1441 dies,
980 1383 1120 1442 magnam

78 1447 205 1508 noctium
225 1454 311 1527 parte
330 1464 414 1506 unum
437 1444 540 1507 librum
564 1447 681 1508 exaudit
701 1456 731 1507 et
751 1448 949 1526 elucubravit,
975 1467 1084 1526 rogare

78 1532 154 1592 ultro
171 1538 201 1590 et
221 1527 330 1592 ambire
348 1538 488 1608 cogatur,
510 1539 540 1590 ut
555 1530 612 1592 sint
626 1532 674 1610 qui
695 1530 850 1608 dignentur
863 1532 981 1610 audire,
1005 1542 1035 1593 et
1048 1551 1085 1592 na

77 1616 105 1675 id
122 1613 238 1694 quidem
255 1615 360 1691 gratim
382 1633 446 1675 nam
463 1623 492 1674 et
507 1614 620 1675 domum
640 1623 781 1676 mutuatur
797 1625 827 1676 et
842 1616 1013 1678 auditorium
1034 1635 1084 1676 ex·

76 1700 159 1760 struit
174 1708 205 1759 et
218 1697 356 1759 subsellia
375 1697 509 1759 conducit
524 1707 553 1760 et
567 1698 685 1759 libellos
700 1698 853 1779 dispergit.
887 1711 918 1762 et
932 1709 962 1762 ut
977 1699 1084 1761 beatis·

75 1785 164 1844 simus
180 1783 380 1844 recitationem
398 1782 460 1844 eius
475 1792 595 1844 eventus
612 1793 824 1863 prosequatur,
846 1786 938 1846 omnis
953 1785 1005 1846 illa
1020 1784 1118 1845 lausaa

75 1869 148 1929 intra
162 1885 246 1928 unum
261 1875 309 1928 aut
328 1866 449 1928 alterum
466 1865 558 1944 diem,
585 1867 665 1927 velut
685 1867 713 1928 in
728 1866 820 1928 herba
836 1869 885 1929 vel
903 1869 976 1929 dore
1000 1886 1083 1948 prae·

76 1960 180 2030 cepta,
204 1951 240 2012 ad
266 1950 373 2010 nullam
397 1960 506 2011 certam
523 1961 554 2011 et
572 1952 695 2013 solidam
718 1953 852 2031 pervenit
872 1953 1004 2031 frugem,
1027 1970 1084 2012 nec

1 2095 2 2100 ,
75 2043 124 2095 aut
139 2035 290 2094 amicitiam
305 2032 372 2093 inde
386 2035 480 2093 refert
494 2043 542 2094 aut
558 2035 722 2096 clientelam
739 2044 786 2096 eut
800 2053 964 2096 mansurum
979 2039 1008 2095 in
1023 2037 1082 2098 ani·

74 2135 121 2177 mo
145 2118 312 2196 cuiusquam
339 2115 531 2194 beneficium,
558 2118 610 2177 sed
634 2118 791 2178 clamorem
811 2136 916 2196 vagum
939 2128 968 2178 et
992 2136 1083 2178 voces
1141 2115 1143 2120 ’

75 2203 177 2262 inanes
199 2209 229 2260 et
246 2199 382 2278 gaudium
404 2200 535 2260 volnera.
572 2199 749 2262 laudavimus
770 2219 864 2282 nuper
885 2211 915 2262 ut
931 2204 1032 2263 miram
1054 2211 1117 2262 etn

75 2284 208 2346 eximiam
229 2284 405 2364 Vespasiani
422 2283 642 2360 liberalitatem,
667 2284 746 2364 quod
766 2287 924 2363 quingenta
947 2287 1083 2346 sestertia

75 2369 167 2430 Basso
183 2369 332 2429 donasset.
359 2367 511 2448 pulchrum
526 2366 555 2428 id
571 2368 702 2446 quidem,
719 2367 927 2448 indulgentiam
944 2370 1083 2449 principis

74 2452 193 2531 ingenio
209 2454 333 2514 mereri:
357 2460 464 2531 quanto
478 2459 573 2512 tamen
589 2451 755 2530 pulchrius,
774 2455 799 2514 si
814 2455 853 2514 ita
868 2472 918 2514 rea
932 2453 1083 2514 familiaris

74 2539 191 2615 exigat,
208 2554 242 2596 sc
258 2537 352 2615 ipsum
371 2536 489 2615 colere,
512 2553 592 2596 suum
606 2538 723 2615 genium
737 2539 914 2618 propitiare,
932 2555 1012 2599 suam
1031 2555 1081 2597 ex·

73 2622 163 2703 periri
182 2620 400 2682 liberalitatem!
422 2619 506 2682 adice
521 2619 598 2699 quod
615 2621 727 2700 poetis,
750 2621 775 2681 si
795 2622 882 2681 modo
898 2621 1014 2698 dignum
1028 2621 1078 2682 ali·
1090 2642 1116 2685 aa
1170 2620 1175 2630 '

73 2704 141 2786 quid
165 2704 320 2767 elaborare
346 2713 375 2765 et
400 2706 521 2765 efficere
543 2703 649 2783 velint,
675 2704 865 2786 relinquenda
894 2706 1080 2766 conversatio

73 2790 230 2856 amicorum
243 2797 273 2850 et
288 2789 450 2850 iucunditas
466 2787 565 2866 urbis,
580 2787 744 2850 deserenda
763 2799 863 2851 cetera
878 2790 975 2852 oiiicie
992 2794 1083 2868 utque

72 2876 129 2954 ipsi
141 2875 253 2952 dicunt,
273 2873 301 2934 in
320 2890 442 2934 nemora
458 2882 488 2934 et
510 2873 610 2950 lucos,
633 2873 721 2932 idest
741 2875 770 2934 in
792 2874 978 2935 solitudinem
997 2892 1080 2934 sece-

73 2957 196 3020 dendum
213 2966 266 3019 est.

137 3043 185 3102 to.
214 3040 260 3102 Ne
276 3043 374 3122 opinio
389 3041 504 3121 quidam
520 3052 550 3102 et
567 3043 658 3120 lama,
682 3043 728 3102 oui
741 3042 797 3102 soli
810 3044 940 3103 serviunt
955 3050 985 3102 et
1001 3041 1079 3120 quod

67 3147 156 3188 uuum
173 3145 242 3186 esse
257 3127 381 3206 pretium
401 3129 495 3187 omnis
513 3124 626 3186 laboris
644 3127 691 3186 sui
704 3125 849 3202 fatentur,
870 3142 964 3203 aeque
975 3131 1079 3201 poetas

68 3227 154 3290 quam
166 3217 301 3272 oratores
310 3211 451 3287 sequitur,
465 3210 600 3287 quoniam
612 3208 769 3270 mediocris
782 3217 976 3286 poetasnemo
986 3208 1079 3282 novit,

67 3297 271 3375 bonospauoi.
302 3293 417 3371 quando
430 3294 508 3354 enim
519 3295 730 3354 rarissimarum
742 3293 948 3353 recitationum
960 3290 1035 3349 iama
1047 3290 1078 3348 in

65 3395 155 3448 totam
179 3380 281 3442 urbem
303 3375 457 3460 penetrati
483 3374 587 3437 nedum
612 3384 642 3435 ut
664 3393 719 3453 per
740 3381 784 3434 tot
806 3374 972 3451 provincias
992 3369 1093 3426 innoc

66 3477 169 3532 tesoat.
203 3471 306 3546 quotus
329 3463 467 3544 quisque,
491 3477 554 3522 cum
575 3476 612 3519 ex
625 3457 764 3537 llispania
778 3457 827 3517 vel
841 3456 929 3531 Asia,
952 3469 989 3510 ne
1005 3447 1073 3528 quid
