2510 3864
193 192 256 256 aas
429 199 547 248 sacrm
560 198 655 247 nsua.
671 196 720 243 nn
734 192 952 244 coercemus

192 373 275 416 uere.
308 369 363 414 nec
379 369 462 413 unum
481 352 520 412 de
544 350 652 430 populo
668 346 771 410 canuti
795 357 844 409 ant
859 348 922 408 Atti
941 347 974 392 i*
989 347 1027 410 de
1043 347 1167 412 Furnio
1191 361 1219 412 et

194 437 322 498 Toranio
336 453 469 514 quosque
480 436 554 497 alios
565 435 594 493 in
603 433 707 494 eodem
714 432 925 494 valetudinario
935 431 1219 496 haecossaethaec

168 555 180 596 5
194 522 302 582 macies
317 521 457 599 probant:
480 520 544 597 ipse
560 515 627 577 mihi
644 514 768 593 Calvus,
792 533 856 577 cum
872 535 957 577 unum
973 525 1004 578 et
1026 519 1147 595 viginti
1157 562 1168 597 ‚
1195 529 1218 578 ut

192 613 281 683 puto,
299 603 392 664 libros
409 602 580 683 reliquerit,
597 601 648 660 vix
664 601 693 660 in
709 616 763 660 una
778 599 916 661 etaltera
932 600 1128 662 oratiuncula
1146 605 1215 663 satis

192 689 272 748 lacit.
304 704 359 747 nec
375 686 531 747 dissentire
549 693 667 746 ceteros
682 683 717 743 ab
733 681 790 743 hoc
803 701 870 745 neo
885 683 991 746 iudicio
1005 683 1122 746 video:
1146 705 1217 767 quo·

194 779 239 831 tus
255 771 331 830 enim
350 771 473 848 quisque
489 765 570 830 Calvi
591 770 620 827 iu
636 767 760 827 Asitium
780 775 829 826 aut
851 768 881 827 in
897 767 1022 828 Drusum
1046 767 1156 846 legit?
1193 781 1219 830 et

192 854 293 915 hercle
308 855 337 913 in
353 853 475 914 omnium
497 851 693 913 studiosorum
704 850 840 916 ,manibus
862 860 1015 912 versantur
1043 857 1219 914 accusatio-

157 979 180 1020 „
194 956 247 996 nes
263 953 337 1014 quac
355 938 384 996 in
400 935 546 996 Vatinium
561 934 774 1010 inscribuntur,
796 951 830 995 ae
845 936 1005 1014 praecipue
1021 936 1165 998 secunda
1184 956 1219 998 es

194 1020 238 1080 his
255 1021 364 1087 oratio;
386 1027 431 1079 est
446 1021 521 1079 enim
539 1018 638 1080 serbis
655 1025 755 1078 ornata
768 1024 798 1078 et
815 1019 985 1095 sententiis,
1004 1019 1135 1080 auribus
1150 1021 1221 1081 iudi·

193 1121 257 1162 cum
273 1102 502 1178 accommodate,
517 1109 548 1160 ut
563 1103 639 1161 selas
656 1102 750 1180 ipsum
762 1117 877 1179 quoque
890 1098 1010 1162 Calvum
1024 1102 1219 1164 intellexisse

194 1183 1215 1264 quidmeliusesset,necvoluntatemei,quominussnblimiusetcul·

199 1270 256 1330 dus
270 1267 396 1347 diceret,
418 1268 470 1330 sed
487 1269 633 1347 ingenium
650 1286 685 1330 ac
702 1269 780 1330 vires
795 1268 933 1330 defuisse.
963 1267 1057 1348 quid?
1082 1287 1118 1332 ex
1133 1267 1200 1328 (lae

166 1352 286 1415 sslianis
312 1353 489 1415 orationihus
514 1370 619 1432 nempe
646 1371 701 1413 eae
721 1352 854 1431 placent,
879 1353 942 1414 sire
967 1353 1130 1416 universae
1147 1353 1202 1413 sire

201 1444 299 1516 partes
316 1455 424 1515 eamn,
441 1437 588 1517 inquibus
605 1438 727 1498 nitorem
743 1446 773 1497 et
785 1429 962 1498 altitudinem
977 1436 1083 1498 horum
1099 1446 1200 1516 tenpe-

200 1539 261 1580 mm
286 1519 499 1599 adgnoscimus.
533 1520 638 1582 sordes
664 1530 759 1583 autem
785 1520 855 1582 illae
874 1520 1036 1581 ‘verhomm
1066 1530 1098 1581 et
1132 1520 1199 1582 hiant

201 1606 374 1684 compositio
403 1613 433 1665 et
455 1605 592 1666 inconditi
616 1623 719 1666 sensus
747 1603 881 1666 redolent
902 1605 1124 1683 antiquitatems
1158 1619 1203 1664 nec

200 1703 371 1768 quemqnam
393 1687 467 1749 adeo
488 1689 675 1768 antiquarium
695 1696 781 1768 puto,
804 1696 835 1747 ut
851 1685 980 1747 Caelium
1003 1703 1041 1748 ex
1065 1706 1103 1748 ea
1129 1697 1208 1768 parte

166 1769 299 1834 sslaudet
325 1788 381 1850 qua
404 1773 537 1850 antiquus
561 1781 615 1833 est.
653 1773 845 1833 concedamus
868 1789 939 1832 sane
959 1770 993 1832 (l.
1016 1769 1162 1849 Caesari,
1182 1779 1210 1831 nt

200 1863 323 1933 propter
342 1854 565 1933 magnitudinem
589 1855 795 1933 cogitationum
823 1864 852 1916 et
874 1855 1087 1935 occupationes
1111 1873 1211 1916 rerum
1239 1897 1240 1904 κ

199 1938 292 1998 minus
310 1939 339 1997 iu
358 1939 525 2018 eloquentie
545 1940 678 2000 effecerit
702 1957 785 2018 quam
813 1938 938 2000 divinum
968 1939 1030 1999 eins
1056 1939 1211 2016 ingenium

200 2019 380 2101 postulabat,
397 2032 453 2084 tam
468 2021 591 2085 hercule
607 2041 691 2102 quam
705 2022 821 2083 Brutum
841 2021 1048 2102 philosophiae
1064 2040 1139 2082 snae
1161 2041 1209 2082 re·

199 2105 374 2184 linquamus;
397 2124 460 2168 nam
475 2107 503 2166 in
520 2106 698 2168 orationihus
712 2107 851 2167 minorem
866 2125 939 2184 ,esse
960 2107 1035 2168 lama
1052 2121 1104 2166 sua
1121 2106 1210 2166 etiam

164 2187 389 2253 ssadmiratores
410 2191 473 2251 eins
493 2190 635 2250 latentur:
659 2191 712 2250 nisi
733 2190 810 2251 lortc
832 2184 982 2270 quiequam
998 2197 1046 2250 aut
1067 2187 1208 2250 Caesaris

101 2345 105 2350 ⁵
198 2289 254 2351 pro
274 2271 366 2333 Decio
389 2273 516 2334 Samnite
538 2282 586 2334 aut
604 2273 683 2333 Bruti
705 2290 759 2353 pro
774 2273 913 2334 Deiotaro
934 2291 1008 2350 rege
1028 2280 1206 2351 ceterosque

199 2355 328 2416 eiusdem
344 2356 519 2418 lentitudinis
542 2375 577 2418 ac
594 2358 706 2435 teporis
727 2356 819 2418 libros
834 2356 922 2434 legit,
946 2357 1001 2419 nisi
1022 2357 1071 2436 qui
1094 2364 1125 2416 ct
1144 2373 1201 2415 csr·
1237 2391 1238 2400 κ

198 2439 274 2500 mina
294 2440 452 2502 eorundem
467 2441 594 2501 miratur.
626 2441 758 2501 fecerunt
779 2440 854 2501 enim
878 2450 907 2501 ct
923 2440 1048 2502 carmina
1065 2439 1139 2498 etin
1152 2439 1196 2511 hp·
1237 2408 1238 2479 d

199 2523 361 2584 hliothecas
377 2523 563 2603 rettulerunt,
579 2541 637 2584 non
651 2524 754 2586 melius
770 2542 854 2604 mam
868 2522 993 2602 Cicero,
1008 2523 1063 2583 sed
1077 2521 1192 2592 felicius,

164 2609 266 2685 aquia
285 2607 353 2668 illos
375 2608 485 2669 iecisse
505 2608 660 2687 pauciores
682 2609 785 2669 sciunt.
815 2607 933 2669 Asinius
948 2624 1083 2687 quoque,
1108 2620 1186 2687 qusu-

199 2708 282 2769 quam
304 2691 492 2771 propioribus
514 2690 692 2772 temporibus
712 2700 795 2752 natus
818 2691 869 2770 sit,
902 2691 1015 2752 videtur
1038 2690 1108 2750 mihi
1128 2690 1189 2748 inter
1236 2725 1237 2761 ,

197 2774 347 2834 hlenenlos
371 2783 399 2836 et
419 2774 535 2855 Appios
560 2774 713 2835 studuisse.
748 2774 901 2836 Pacuvium
926 2783 1006 2835 certe
1033 2783 1064 2834 et
1083 2772 1196 2834 Accium

197 2873 255 2917 non
270 2855 363 2915 solum
375 2859 407 2918 s'n
422 2857 582 2932 tragoediis
598 2856 651 2917 sed
667 2858 753 2917 etiam
771 2857 952 2920 orationibus
967 2856 1031 2918 suis
1038 2853 1193 2936 expressit3

199 2938 273 3000 adeo
295 2939 381 3001 durus
403 2949 432 3000 et
446 2941 543 3001 siccus
566 2951 620 3002 est.
651 2943 743 3001 oratio
757 2933 867 3020 autem,
889 2942 963 3002 sicut
986 2957 1094 3021 corpus
1107 2936 1197 2998 homi·
1235 2955 1236 3044 p

164 3024 260 3100 asnis,
287 3041 322 3084 ea
343 3022 455 3083 demum
477 3023 597 3103 pulchra
613 3031 673 3102 est,
695 3024 723 3084 in
742 3042 870 3104 quanm
888 3026 1012 3086 eminent
1037 3041 1129 3086 venae
1144 3039 1201 3082 neo

199 3123 267 3167 ossa
289 3116 490 3186 numerantur,
513 3107 564 3169 sed
589 3115 766 3187 temperatus
784 3125 820 3169 ac
841 3108 935 3170 bonus
958 3110 1078 3186 sanguis
1099 3107 1202 3185 implet

198 3189 325 3251 membra
350 3199 379 3250 et
403 3192 536 3269 exsurgit
558 3190 630 3251 toris
654 3193 795 3271 ipsosque
821 3210 930 3255 nervos
956 3191 1047 3253 ruhor
1073 3189 1148 3268 tegit
1173 3200 1203 3250 et

199 3271 288 3333 decor
319 3273 506 3334 commendet.
543 3273 612 3334 nolo
640 3272 793 3336 Corvinum
817 3277 946 3355 insequi,
976 3277 1040 3356 quia
1064 3291 1121 3334 nec
1146 3293 1202 3353 per
1234 3319 1235 3325 κ

197 3354 290 3432 ipsum
312 3357 390 3416 stetit
406 3375 462 3435 quo
480 3359 572 3418 minus
592 3355 729 3419 laetitiam
744 3359 925 3439 nitoremque
946 3369 1109 3420 nostrornm
1128 3366 1197 3418 tem
