2596 3872
173 164 235 225 274
418 173 583 222 coauuurr
599 172 717 221 uacuus
733 171 917 222 annuarum

150 340 204 393 aet
214 329 402 411 respondenti
416 329 557 406 reticens,
579 327 852 407 utpavidaingenia
865 313 969 388 solentss
998 325 1175 388 atconsules
1281 323 1282 328 ’

136 436 141 445 “
174 417 320 496 perlicere
341 414 488 475 decretum
508 421 626 474 serratus
640 429 697 473 non
712 416 790 490 ausi,
814 412 850 473 de
867 428 1011 474 consensu
1026 412 1176 491 scripsere

175 500 304 562 Caesari.
326 498 376 559 ille
391 501 465 559 inter
489 495 629 575 pudorem
649 505 679 556 et
692 498 764 557 iram
779 505 941 575 cunctatus,
965 505 1114 574 postremo
1129 514 1175 556 re·
1282 503 1283 536 ³

174 585 306 666 scripsit:
337 581 416 642 nulla
437 581 538 642 iniuria
556 588 747 659 provocatum
768 580 922 641 Antistium
941 579 1127 658 grauissimas
1147 582 1176 639 in
1283 622 1284 658 ,

174 670 336 750 principem
357 665 546 728 contumelias
567 665 692 734 dixisse:
721 683 820 726 earum
843 663 981 724 ultionem
1005 681 1022 724 a
1046 657 1176 744 patribus

141 752 362 832 repostulatam,
390 759 425 812 et.
444 767 498 830 pro
523 748 719 828 magnituddue
744 748 843 811 delicti
867 749 992 830 poenam
1018 749 1104 808 statui
1123 765 1176 827 par

174 838 275 897 inisse.
310 843 438 895 ceterum
454 853 503 911 se,
525 835 573 913 qui
590 833 775 895 seueritatem
792 832 1007 893 decernentium
1023 832 1173 913 impeditu-
1284 884 1285 906 ,

174 939 223 982 rus
239 920 342 995 luerit,
363 917 590 979 moderationem
614 935 671 977 nou
689 916 862 997 prohibere:
886 925 1045 978 statuerem
1066 924 1097 976 ut
1115 915 1176 975 vel·
1284 911 1285 924 ³

161 1006 250 1080 lent,
266 1001 360 1063 datam
375 1011 405 1062 et
419 1001 591 1063 absolvendi
605 1001 760 1064 licentiam.
791 1000 837 1061 his
852 1009 937 1081 atque
951 999 1057 1061 talibus
1071 1000 1176 1061 recita-

175 1089 211 1147 tis
227 1095 257 1147 et
271 1087 433 1147 offensione
447 1086 614 1163 manifesta,
636 1101 694 1145 non
711 1084 778 1146 ideo
800 1093 848 1145 aut
871 1084 1007 1145 consules
1022 1092 1177 1144 ‘mutavere

141 1187 167 1228 rs
175 1170 345 1232 relationem
366 1177 413 1230 aut
428 1168 555 1231 Thrasea
570 1169 699 1229 decessit
713 1170 856 1230 sententia
872 1169 1003 1230 ceterive
1019 1186 1093 1248 quac
1108 1185 1176 1248 pro·
1272 1238 1279 1250 ι

175 1255 316 1316 baverant
332 1253 510 1332 deseruere,
531 1270 617 1332 pars,
638 1272 675 1313 ue
698 1255 859 1334 principem
881 1252 1028 1314 obiecisse
1051 1251 1178 1311 invidiae

113 1391 116 1398 .
175 1339 360 1416 riderentur,
385 1337 486 1416 plures
506 1355 627 1399 nurnero
652 1339 720 1416 tuti,
747 1336 877 1399 Thrasea
899 1346 981 1398 sueta
1007 1333 1177 1402 firmitudine

175 1424 260 1485 animi
276 1432 306 1482 et
321 1441 358 1482 ne
372 1422 467 1499 gloria
482 1420 680 1483 intercideret.

238 1509 290 1570 50.
312 1505 393 1567 Haud
419 1506 527 1585 dispari
555 1507 673 1566 crimine
698 1504 848 1568 Fabricius
877 1507 1002 1567 Veiento
1029 1503 1177 1565 condicta·

175 1601 221 1653 tus
248 1599 309 1668 est,
336 1590 413 1670 quod
439 1589 527 1650 multa
551 1599 581 1650 et
602 1590 746 1670 probrosa
771 1591 800 1650 in
827 1599 926 1670 patres
953 1597 982 1649 et
1006 1586 1177 1678 sacerdotes

176 1672 675 1819 ⁰gfnphs¹ssih⁵⁰1hfi⁸flnhhi⁵quum
698 1691 802 1734 nomeu
826 1672 1026 1819 egdicillolrum
1046 1671 1175 1732 dederat

351 1775 420 1815 uru
489 1774 526 1814 mr

153 1776 317 1922 shrihhhphs
340 1849 369 1900 et
390 1765 994 1922 αᾱῗρῑξοεέἰιίιετιῗιξιᾳῗιῖῗὲξυέιθὲιιῗώᾳιῗαε’
999 1773 1106 1902 ehhrdhhh1
1107 1773 1177 1900 nlhha

175 1925 239 1986 roni
255 1924 309 1984 luit
322 1922 498 2004 suscipiendi
516 1923 631 2002 iudicii,
651 1927 873 2006 convictumque
888 1927 1080 1988 Veientonem
1093 1923 1177 1984 ltalia

176 2007 287 2087 depulit
299 2015 329 2069 et
344 2006 436 2072 libros
447 2009 529 2067 exuri
543 2008 643 2086 iussit,
660 2009 838 2088 conquisitos
853 2009 1069 2091 lectitatosque,
1082 2008 1179 2068 donec

176 2089 394 2237 cutmmpericulo
415 2089 603 2170 parabantur:
629 2110 697 2154 rnox
718 2093 836 2154 licentia
856 2093 980 2155 habendi
1002 2091 1177 2153 oblivionem

176 2195 234 2238 au
270 2221 277 2234 .
328 2191 333 2202 ·

238 2261 290 2321 51.
313 2258 372 2321 Sed
391 2260 634 2337 gravescentibus
660 2262 689 2321 iu
711 2261 774 2322 dies
796 2261 920 2341 publicis
941 2262 1023 2324 malis
1049 2260 1177 2322 subsidia

175 2342 405 2420 minuebantur,‹·
413 2345 618 2423 concessitque
637 2346 696 2406 rita
715 2344 837 2423 Burrus,
857 2345 997 2407 incertum
1012 2343 1178 2406 valetudiue

175 2448 211 2491 au
234 2446 359 2489 ueneno.
388 2426 523 2489 ualetudo
547 2446 642 2490 exeo
667 2429 900 2508 coniectabatur,
930 2430 1007 2511 quod
1026 2431 1056 2490 iu
1080 2447 1113 2490 se
1135 2437 1177 2488 tu-

174 2511 371 2574 mescentihu's
393 2512 528 2591 paulatim
553 2512 685 2574 faucibus
709 2523 737 2573 et
761 2513 899 2593 impedito
925 2522 1020 2576 meatu
1047 2513 1178 2592 spiritum

37 2649 42 2659 ,
152 2596 302 2659 uliniebat.
338 2595 437 2675 plures
452 2597 530 2658 iussu
545 2595 687 2675 Neronis,
709 2599 791 2677 quasi
806 2597 961 2660 remedium
982 2597 1177 2671 adhiberetur,

174 2681 284 2742 inlitum
309 2679 444 2759 palatum
461 2681 523 2770 eius
551 2682 641 2741 noxio
669 2680 858 2744 medicamine
888 2681 1115 2757 adseverabant,
1149 2689 1179 2740 et

175 2765 295 2826 burrum
309 2763 460 2825 intellecto
485 2769 612 2846 scelere,
641 2783 705 2826 cum
730 2766 767 2827 ad
789 2766 937 2828 visendum
960 2785 1025 2828 eum
1039 2765 1178 2846 princeps

174 2850 320 2923 venisset,
348 2856 497 2928 aspectum
519 2848 581 2908 eius
602 2857 765 2911 auersatum
791 2852 951 2913 sciscitanti
970 2852 1109 2913 haetenus
1131 2867 1177 2908 re-

176 2931 347 3013 spondisse:
364 2934 441 3011 ‘ego
456 2950 502 2993 me
516 2930 592 2993 bene
606 2932 729 2994 haheo!
758 2936 866 2996 civitati
880 2935 990 3014 grande
1004 2933 1177 2996 desiderium

136 3032 167 3088 ¹ro
178 3018 241 3077 eius
269 3017 374 3077 mansit
397 3034 452 3094 per
476 3018 642 3090 memoriam
661 3018 773 3078 virtutis
791 3026 820 3079 et
834 3036 1038 3082 suceessorum
1059 3018 1178 3080 alterius

177 3118 298 3177 segnem
312 3100 519 3178 innocentiam,
541 3100 661 3163 alterius
682 3101 903 3178 flagrantissima
920 3104 1039 3183 llagitia.
1067 3101 1178 3182 quippe

176 3183 287 3246 Caesar
301 3182 374 3245 duos
390 3184 544 3264 praetoriis
561 3185 729 3247 cohortibus
751 3188 945 3266 imposuerat,
968 3187 1105 3248 Faenium
1119 3186 1177 3247 llu-

175 3268 234 3328 ium
253 3287 292 3328 ex
310 3267 391 3345 vulgi
411 3268 532 3344 lavore,
559 3270 626 3349 quia
651 3270 947 3333 remlrumentariurn
971 3272 1033 3332 sine
1056 3279 1178 3352 quaestu

174 3351 333 3429 tractabat,
356 3350 507 3412 Sofonium
525 3351 714 3434 Tigellinum,
735 3363 864 3416 veterem
880 3355 1075 3436 inpudicitiam
1090 3362 1178 3432 atque

143 3432 316 3495 ruiniamiam
331 3436 360 3494 in
376 3453 413 3496 eo
424 3443 550 3496 secutus.
573 3446 660 3517 atque
675 3439 717 3500 illi
731 3457 785 3518 pro
802 3441 926 3518 cognitis
940 3438 1069 3508 moribus
1083 3440 1177 3512 inere,
