2568 3870
156 115 199 175 ⁴16
402 121 569 173 connum
588 121 706 172 raom
722 121 964 172 nmnoatssmr

192 280 318 332 Vitellius.
347 280 390 333 97.
406 279 450 333 98.
465 280 547 330 excita
561 287 646 329 nmen
659 279 767 341 emis,
781 279 829 330 sed
840 280 980 332 necessitas
991 281 1159 333 dissimmma.

192 350 235 404 99.
253 350 456 416 inrumpentibus
470 349 587 400 hostibus
599 347 708 400 (leecirm
722 349 756 398 ad
770 348 864 398 bellum
878 351 1062 416 praemittitur;
1077 351 1161 402 sedis

192 418 251 470 100.
270 419 331 472 101.
345 433 403 470 cum
417 417 514 470 Lucilio
526 417 608 468 Besso
624 417 798 480 classibusque
812 417 960 468 &venuste
972 418 1163 483 Mimnemique

191 488 361 556 proditionem
376 487 507 554 componit
521 493 547 536 ot
561 486 595 536 ed
608 494 696 552 partes
710 486 864 552 Vespasiani
882 488 981 539 uenat.

216 569 221 576 ·
244 555 321 608 Gesta
329 557 393 608 haee
403 563 462 607 suut
471 555 559 621 paucis
572 555 702 605 mensibus
715 568 782 605 anuo
797 556 901 617 eodem,
913 556 1059 607 consulibus
1068 557 1164 608 isdem

192 635 217 676 et
233 627 290 676 aliis
306 625 434 688 misen,
449 625 483 676 de
498 623 590 688 quibus
603 623 707 675 videsis
717 623 786 685 l,77.

223 711 251 769 l.
271 707 412 769 Struebat
431 709 486 769 iam
505 707 621 767 ionuna
639 708 669 766 in
682 705 800 766 diverse
814 715 900 785 parte
916 715 1063 768 terrerum
1080 707 1165 770 initia

159 811 320 872 causasque
337 793 477 872 imperio,
496 791 573 870 quod
588 792 669 851 mriu
683 798 764 852 sorte
779 790 886 850 laeam
899 791 943 850 rei
958 790 1096 870 publicae
1113 801 1165 852 aut
1185 825 1206 854 e

157 886 259 954 atrox,
274 877 347 957 ipsis
363 875 542 956 principibus
557 891 731 954 prosperum
744 874 791 934 vel
807 876 896 935 exitio
911 875 973 936 luit.
1003 873 1087 935 ‘litas
1100 876 1162 936 Ve-

157 961 307 1040 speeienus
324 959 458 1021 eludaea
471 958 608 1020 incolumi
624 958 718 1020 adhuc
734 957 826 1020 Galba
841 960 976 1019 missura
991 968 1074 1039 patre
1093 975 1162 1022 can·

132 1063 218 1106 esem
232 1044 424 1121 profectionis
440 1043 566 1107 cilicium
582 1061 654 1120 erga
676 1044 837 1124 principem
857 1051 888 1104 et
901 1052 1043 1104 maturam
1058 1052 1161 1122 peteu-

156 1129 201 1189 dis
216 1126 376 1188 honoribus
398 1128 541 1188 iuventam
556 1127 687 1203 ferebat,
709 1127 763 1188 sed
782 1127 888 1204 volgus
904 1127 1031 1206 lingendi
1046 1127 1162 1188 aridum

156 1213 334 1292 disperserat
354 1213 477 1272 cocitum
496 1212 526 1272 iu
543 1210 738 1291 adoptionem.
775 1213 896 1273 materie
913 1210 1100 1273 sermonibus
1113 1231 1160 1273 se·

155 1298 232 1358 nium
260 1305 289 1357 et
312 1296 422 1358 orbitas
440 1297 582 1377 principis
604 1303 633 1356 et
653 1296 873 1376 intemperantia
894 1297 1039 1374 civitatis,
1062 1295 1155 1357 donec

156 1400 228 1442 uuus
251 1381 392 1458 eligatur,
413 1380 520 1441 multos
534 1380 707 1442 destinandi.
734 1379 861 1458 augebat
874 1380 979 1442 lamam
993 1382 1089 1461 ipsius
1104 1376 1159 1442 tot

123 1466 302 1543 reingerium
330 1475 578 1546 quantaecumque
606 1465 870 1543 hermocapeli,
899 1464 1072 1526 decoreris
1096 1483 1161 1526 cum

155 1550 276 1629 quedem
294 1551 462 1626 maiestate,
485 1565 649 1629 prosperae
666 1549 841 1630 Vespasiani
856 1565 921 1626 ras,
945 1564 1092 1628 praesega
1112 1567 1160 1609 re·

154 1652 280 1713 sponsa,
297 1641 327 1693 et
338 1632 483 1693 inclinatis
496 1632 716 1694 adcredendum
731 1633 832 1693 auhuis
847 1632 916 1693 loco
931 1633 1056 1693 ominum
1071 1633 1162 1694 etiam

154 1715 281 1779 fortuita.
315 1715 364 1778 nbi
381 1713 513 1777 Corinthi
534 1715 677 1796 {Achaiae
692 1716 777 1796 urbe]
795 1725 893 1778 certos
912 1717 1029 1779 nuntios
1042 1719 1163 1798 accepit

155 1801 191 1861 de
212 1801 326 1860 interitu
350 1799 460 1860 Galbae
487 1809 518 1861 et
542 1800 667 1860 aderant.
685 1802 838 1879 quiarma
858 1800 971 1862 Vitellii
991 1801 1162 1880 bellumque

120 1899 145 1942 rs
155 1883 353 1960 adfirmarent,
378 1885 480 1944 snmus
497 1885 592 1945 animo
614 1885 715 1964 paneis
730 1887 887 1946 amiocmm
901 1884 1037 1946 adhibitis
1054 1879 1161 1946 ennete

155 1969 297 2046 utumque
310 1967 482 2045 perlustrat:
494 1969 519 2028 si
536 1963 714 2048 pergeretin
728 1968 845 2044 urbem,
863 1969 970 2030 nullam
986 1969 1076 2030 cilicii
1091 1985 1160 2048 gro·

155 2053 223 2114 tiam
238 2053 267 2112 iu
282 2050 401 2112 ulterius
418 2052 559 2113 honorem
575 2053 721 2132 suscepti,
739 2071 773 2115 ec
788 2071 821 2113 se
834 2051 955 2114 Vitellio
972 2055 1035 2114 sive
1052 2051 1162 2114 Othoni

156 2136 288 2199 obsidem
305 2136 387 2197 lore:
413 2137 458 2210 sin
476 2136 602 2215 rediret,
624 2135 764 2198 offensam
789 2136 865 2198 haud
888 2135 1002 2198 dubiam
1022 2138 1160 2216 victoris,

155 2221 209 2281 sed
223 2221 364 2280 incertam
385 2219 479 2281 adhue
494 2222 647 2282 victoriam
664 2229 694 2281 et
716 2221 897 2282 concedente
913 2222 942 2282 iu
958 2229 1057 2301 partes
1073 2229 1162 2302 patre

119 2305 242 2366 acilium
256 2311 432 2364 excusatum.
465 2305 509 2364 siu
524 2305 724 2384 Vespasianus
741 2323 803 2368 rem
819 2303 965 2384 publicant
979 2307 1161 2387 erumperet,

154 2387 384 2450 obliviscendum
399 2386 575 2450 offensarum
593 2388 630 2449 de
647 2387 729 2448 hello
743 2388 928 2466 agitantibus.

183 2547 184 2552 γ
215 2473 246 2534 2.
267 2469 319 2531 His
347 2471 511 2533 totalibus
533 2473 609 2533 inter
636 2490 721 2552 spem
743 2479 907 2552 metumque
926 2475 1062 2536 iactatum
1086 2491 1162 2554 spes

152 2559 232 2617 vicit.
257 2555 375 2616 luerunt
388 2557 437 2635 qui
451 2574 607 2618 accensum
621 2555 769 2618 desiderio
781 2555 940 2618 Berenices
955 2559 1076 2636 reginae
1086 2559 1164 2618 'ver-

153 2643 224 2702 tisse
247 2640 304 2700 iter
325 2638 496 2710 credereut;
521 2658 617 2722 neque
639 2639 817 2702 abhorrebat
831 2659 847 2700 a
862 2639 1006 2703 Berenice
1022 2641 1161 2704 iuvenilis

153 2727 280 2799 animus,
305 2721 360 2782 sed
381 2723 519 2801 gerendis
546 2724 634 2785 rebus
655 2723 762 2785 nullum
786 2741 885 2786 exeo
910 2725 1158 2806 impedimentum.

131 2810 258 2870 claetam
273 2805 470 2885 voluptatibus
487 2806 713 2869 adulescentiam
730 2808 805 2889 egit,
824 2826 877 2869 suc
896 2827 980 2890 qnam
998 2811 1089 2891 patris
1105 2811 1160 2870 im·

153 2893 239 2972 perio
265 2890 451 2952 moderatior.
488 2891 576 2968 igitur
596 2910 676 2955 oram
697 2893 827 2954 Achaiae
848 2901 878 2954 et
898 2892 988 2956 Asiae
1014 2913 1049 2956 ae
1070 2895 1159 2956 laeva
1263 2909 1264 2938 ³

152 2977 241 3037 maria
256 2982 450 3054 praevectus,
473 2974 606 3038 Rhodum
622 2986 652 3037 et
668 2976 797 3057 Cyprum
809 2977 936 3056 insulas,
958 2979 1025 3038 inde
1042 2979 1160 3040 Surium
1263 3005 1264 3062 p

153 3057 368 3122 audentioribus
392 3061 492 3138 spa‘tiis
518 3060 648 3140 petebat.
693 3071 780 3142 atquc
802 3061 881 3121 illum
903 3063 1010 3142 cupido
1032 3064 1159 3123 incessit
1263 3067 1264 3080 ¹

153 3142 275 3206 adeundi
295 3142 467 3224 urendique
487 3145 625 3224 ternplum
639 3143 766 3226 Paphiae
782 3147 922 3223 Veneris,
947 3147 1084 3208 inclutum
1103 3164 1159 3226 per

121 3228 305 3307 roindigenas
329 3226 526 3308 advenasque.
557 3229 633 3292 haud
652 3229 740 3291 luerit
760 3230 878 3308 longum
893 3231 971 3292 initia
988 3230 1157 3310 religionis,

150 3321 368 3399 terripudium,
389 3322 510 3383 formam
530 3321 604 3382 dese
631 3316 744 3395 (neque
765 3314 839 3375 euim
860 3314 929 3376 alibi
949 3316 993 3376 sic
1013 3315 1156 3394 habetur)
1263 3397 1264 3410 χ

152 3406 251 3472 paucis
267 3403 423 3483 dirimere.
