2596 3872
164 174 225 236 264
412 181 576 232 consensi
595 180 712 228 usuras
733 181 916 230 marnas

164 340 272 416 llardi,
292 338 453 400 lenociniis
471 337 594 398 exerciti
615 345 772 416 contraque
792 337 1001 417 inrumpentem
1023 335 1169 399 montibus

129 447 155 488 rs
166 426 292 494 delensir
316 440 390 504 quos
405 421 535 485 Corbulo
552 421 678 482 inmissis
692 421 807 482 lliberis
828 421 952 482 vastarit
973 420 1168 502 hostilemque

165 510 313 572 audaciam
330 517 451 569 externo
467 507 608 584 sanguine
624 506 700 566 ultus
716 514 771 566 est.

228 592 279 656 nt.
300 592 369 672 lpse
391 591 597 669 exercitusque
618 599 649 650 ut
675 589 762 650 nullis
780 608 820 651 ex
845 589 960 668 proelio
980 589 1106 669 damnis,
1128 591 1169 650 ita

167 697 220 758 per
234 678 360 757 inopiam
381 686 410 737 et
425 675 543 736 labores
563 673 755 751 fatiscebant,
778 691 866 734 carne
889 673 1031 753 pecudum
1046 673 1168 754 propul-

166 780 232 823 sare
253 761 357 824 larnem
381 760 486 822 adacti.
515 758 551 820 ad
574 758 633 820 hoc
654 761 774 839 penuria
794 774 901 840 aquae,
926 757 1039 819 fervida
1058 766 1169 834 aestas,

166 847 324 925 longinqua
345 845 448 906 itinera
470 843 533 905 sola
554 843 635 904 ducis
663 843 800 923 patientia
821 841 1040 921 mitigabantur,
1066 841 1168 904 eadem

143 931 308 1011 sploraque
323 929 462 1007 gregario
483 927 574 988 milite
594 927 754 988 tolerantis.
788 935 903 988 ventam
919 926 1023 988 debinc
1037 929 1065 987 in
1082 927 1169 988 locos

167 1013 262 1075 cultos
278 1013 488 1091 demessaeque
504 1020 640 1090 segetes,
656 1021 686 1071 et
702 1030 741 1072 ex
754 1011 866 1073 duobus
883 1010 1027 1089 castellis,
1048 1013 1077 1071 in
1093 1027 1168 1091 quae

167 1097 360 1174 confugerent
380 1096 526 1172 Armenii,
548 1095 667 1156 alterum
690 1097 799 1176 impetu
821 1103 950 1175 captum:
975 1096 1023 1175 qui
1049 1096 1170 1174 primam

167 1182 223 1243 vim
239 1179 427 1259 depulerant,
444 1178 596 1242 obsidione
613 1188 765 1258 coguntur.
795 1178 870 1240 ande
886 1181 914 1239 in
928 1181 1079 1257 regionem
1094 1178 1165 1240 Tau·

167 1264 317 1327 raunitium
341 1273 541 1342 transgressus
569 1264 748 1344 inprovisum
773 1263 933 1343 pericnlum
955 1263 1063 1324 vitavit.
1103 1279 1168 1323 nam

133 1349 243 1412 rohaud
265 1348 369 1429 procul
391 1349 516 1410 tentorio
541 1347 603 1409 eins
623 1365 681 1408 non
700 1347 840 1426 ignobilis
860 1347 1000 1408 barbarus
1021 1365 1084 1407 cum
1105 1347 1168 1407 telo

166 1442 302 1515 repertus
324 1431 453 1494 ordinem
475 1432 639 1494 insidiarum
660 1450 752 1511 seque
773 1441 921 1493 auctorem
944 1441 973 1492 et
994 1431 1093 1491 socios
1114 1447 1169 1510 per

167 1527 310 1580 tormenta
332 1517 434 1594 edidit,
458 1517 641 1597 convictique
661 1526 690 1577 et
712 1518 800 1596 puniti
823 1526 888 1577 sunt
906 1517 954 1597 qui
976 1516 1078 1595 specie
1100 1514 1166 1576 ami·

167 1604 251 1664 citiae
269 1600 367 1662 dolum
388 1600 536 1681 parabant.
566 1618 622 1660 nec
643 1601 732 1662 multo
757 1610 824 1681 post
845 1601 935 1679 legati
956 1599 1167 1678 Tigranocerta
1288 1635 1289 1654 2

166 1687 245 1748 missi
268 1694 371 1765 patere
392 1686 505 1745 moenia
529 1685 676 1762 adierunt,
699 1687 824 1746 intentos
846 1684 996 1764 popularis
1016 1683 1053 1745 ad
1074 1685 1167 1744 iussa:

133 1769 251 1835 assimul
267 1766 412 1846 hospitale
434 1767 555 1844 donum,
577 1785 714 1829 coronam
736 1785 867 1848 auream,
888 1767 1049 1829 tradebant.
1083 1783 1168 1828 acoe-
1288 1755 1289 1830 l

167 1856 265 1935 pitque
280 1869 342 1912 cum
358 1851 487 1929 honore,
502 1854 721 1931 necquicquam
736 1851 799 1912 urbi
811 1851 984 1930 detractam,
1000 1869 1056 1932 quo
1073 1868 1168 1930 prom·

167 1937 242 2016 ptius
255 1933 424 2014 obsequium
438 1935 544 2013 integri
560 1936 728 1996 retinerent.

226 2019 279 2081 25.
301 2019 341 2081 ht
362 2019 536 2096 praesidium
555 2019 705 2098 Legerda,
730 2020 807 2100 quod
828 2020 914 2081 ferox
936 2021 1068 2081 iuventus
1090 2019 1166 2080 clau·

167 2113 261 2182 seret,
278 2120 337 2165 non
351 2103 414 2163 sine
431 2103 589 2165 certamine
604 2114 800 2184 expugnatum
814 2114 874 2166 est:
900 2123 965 2166 nam
979 2115 1009 2165 et
1023 2104 1168 2186 proelium

166 2205 220 2269 pro
236 2189 325 2249 muris
343 2188 406 2249 ausi
422 2197 505 2248 eraut
520 2197 549 2248 et
569 2188 645 2267 pulsi
660 2190 733 2250 intra
747 2191 919 2250 munimenta
937 2190 1039 2267 aggeri
1054 2188 1167 2248 demum

167 2282 196 2334 et
210 2273 429 2351 inrumpentium
449 2274 535 2333 armis
556 2290 686 2334 cessere.
715 2291 790 2352 quae
811 2273 924 2335 lucilius
945 2271 1166 2353 proveniebant,
1287 2299 1288 2336 1

141 2359 232 2436 aquia
253 2356 350 2418 Parthi
370 2355 507 2432 Hyrcano
528 2355 607 2417 bello
630 2356 852 2419 distinebantur..
878 2358 1071 2436 miserantque
1094 2356 1173 2433 llyr.

167 2442 230 2502 cani
255 2439 292 2502 ad
318 2441 478 2526 principem
496 2440 654 2502 Romanum
676 2442 846 2503 societatem
868 2451 995 2520 oratum,
1017 2443 1129 2502 attineri
1151 2459 1168 2500 a

166 2543 199 2585 se
216 2524 388 2601 Vologesen
404 2541 456 2603 pro
474 2525 599 2603 pignore
612 2526 754 2588 amicitiae
772 2535 960 2588 ostentantes.
995 2541 1049 2586 eos
1065 2541 1167 2607 regre-
1279 2561 1287 2588 a

166 2607 279 2670 dientes
295 2607 443 2686 Corbulo,
464 2625 501 2668 ne
513 2607 682 2688 Euphraten
697 2611 873 2689 transgressi
887 2610 1011 2671 bostium
1028 2609 1169 2670 custodiis

166 2691 459 2770 circumvenirentur,
490 2690 557 2753 dato
577 2694 723 2772 praesidio
743 2693 779 2756 ad
800 2694 886 2756 litora
906 2695 992 2756 maris
1015 2693 1094 2754 rubri
1118 2692 1167 2753 de·

131 2793 156 2836 ro
166 2775 262 2853 duxit,
291 2775 365 2836 unde
388 2776 484 2837 vitatis
504 2775 673 2840 Parthorum
701 2778 804 2840 linibus
827 2780 935 2861 patrias
957 2780 987 2839 in
1012 2777 1098 2839 sedes
1120 2795 1168 2837 re·

165 2881 305 2924 meavere
321 2863 424 2940 quieti.

228 2945 279 3009 26.
304 2944 452 3005 Tiridaten
475 2961 530 3024 per
547 2939 650 3003 lledos
672 2949 803 3002 extrema
823 2940 980 3001 Armeniae
1001 2941 1169 3018 intrantem,

167 3033 330 3112 praemisso
354 3046 417 3088 eum
432 3027 547 3089 auxiliis
563 3025 710 3086 Verulano
727 3025 844 3102 legato,
871 3033 958 3104 atque
986 3026 1051 3103 ipse
1072 3023 1168 3104 legio·

168 3116 255 3176 nibus
283 3115 366 3190 citis,
398 3113 480 3172 abire
507 3109 608 3190 procul
629 3128 662 3170 ac
685 3126 768 3188 spem
789 3106 860 3169 belli
883 3111 1016 3169 amittere
1036 3108 1170 3186 sqbegitr
1286 3115 1287 3119 ’

165 3219 298 3283 quosque
323 3198 408 3261 nobis
430 3215 552 3259 aversos
577 3197 678 3258 animis
697 3205 894 3278 cognoverat,
917 3194 1055 3268 caedibus
1077 3202 1107 3255 et
1126 3195 1166 3253 in·

142 3285 278 3345 scendits
303 3281 527 3364 perpopulatus,
563 3283 783 3361 possessionem
814 3281 969 3342 Armeniae
997 3277 1167 3359 usurpabat,

167 3385 230 3427 cnm
252 3367 367 3429 advenit
383 3367 527 3444 'ligranes
547 3383 564 3426 a
584 3365 703 3428 Nerone
724 3366 760 3427 ad
784 3364 995 3448 capessendum
1015 3362 1166 3443 imperium
1285 3387 1286 3442 }

167 3447 312 3529 delectus,
337 3448 542 3531 Cappadocem
559 3468 596 3511 er
615 3449 779 3530 nobilitate,
802 3453 884 3530 regis
899 3448 1039 3510 Archelai
1060 3463 1166 3527 nepos,

33 3715 132 3752 -

46 3791 156 3826 —l
