2536 3870
392 127 557 176 urunnrv
576 127 652 176 cur.
667 126 788 180 oo-to
1032 121 1093 184 153

88 283 339 380 praeponebatur,
355 285 399 344 via
415 299 505 360 peaes
519 281 680 342 liucianom
696 291 774 360 erat,
790 283 844 344 nin
837 285 937 362 'quod
953 285 1093 364 pleraque

93 365 276 431 Domitianus
297 364 497 443 instigantibus
507 382 606 426 amrcrs
621 375 669 424 aut
681 368 798 444 propria
822 366 940 428 libidine
958 368 1091 429 audebat.

91 449 147 511 sed
164 452 338 530 praecipuas
351 449 484 510 liaciano
498 458 591 509 metus
606 467 623 508 e
637 447 731 508 Primo
746 449 872 511 Antonio
885 452 1023 530 Varoque
1037 452 1091 512 Ar·
1081 475 1130 514 -ιι

88 536 153 609 rio,
176 549 250 611 quos
271 541 407 594 recentes
430 532 586 612 clarosque
606 549 702 592 rerum
716 531 790 593 fama
807 551 844 594 ac
859 533 978 595 militurn
993 535 1093 595 studiis

93 619 178 676 etiam
193 617 319 696 populus
334 615 470 693 fovebat,
490 617 556 694 quia
571 617 599 675 in
614 617 755 676 neminem
769 616 844 677 ultra
868 619 959 678 aciem
981 637 1092 679 saevie-

90 709 165 762 rant
195 708 225 758 et
239 700 388 761 ferebatur
402 699 546 760 Antonius
563 699 782 760 Scribonianum
799 698 933 761 Crassum
935 703 1093 780 ,egregiis

89 782 220 844 moribus
235 793 265 843 et
275 784 432 845 fraterna
423 784 547 860 imagine
568 781 738 860 fulgentem,
753 783 790 843 ad
805 785 1015 863 capessendam
1032 803 1093 844 reru

90 857 237 946 publicam
254 867 395 943 hortatus,
409 865 486 928 baud
504 866 635 926 defutura
653 869 835 930 consciorum
850 885 943 945 manu,
966 870 995 927 ni
1015 869 1093 928 Sori-
1083 888 1131 930 -ιι

90 951 234 1010 boniacus
251 949 410 1026 abnuisset,
430 967 468 1010 ne
483 951 592 1028 paratis
607 949 721 1048 quidem
736 953 881 1028 corrumpi
897 951 1000 1028 facilis,
1018 952 1093 1011 adeo

92 1042 224 1094 metuens
239 1036 360 1094 incerta.
389 1035 476 1110 igitur
487 1031 648 1110 liuciauos,
658 1035 725 1112 quia
741 1033 891 1113 propalam
905 1035 1094 1114 opprimirln·
1177 1039 1179 1044 '

93 1116 189 1187 tonius
203 1117 351 1195 nequibat,
366 1116 462 1177 multis
475 1118 505 1176 in
522 1125 624 1178 senatu
637 1116 770 1178 laudibus
786 1119 957 1178 cumulatum
972 1119 1095 1180 secretis

92 1201 245 1280 promissis
268 1209 385 1278 onerat,
412 1202 578 1262 citeriorem
597 1199 764 1279 Hispaniam
790 1210 941 1262 ostentans
963 1204 1094 1262 discessu

93 1283 188 1344 illarii
210 1284 277 1346 iton
297 1301 432 1352 vacuam
454 1284 537 1344 simui
558 1285 657 1344 amicis
672 1287 735 1345 eius
756 1283 916 1345 tribunatus
930 1286 1132 1362 praefecta-ao

92 1385 199 1444 raeque
215 1367 347 1444 largitur.
379 1367 445 1428 dein
461 1376 614 1446 postquam
635 1368 748 1427 inanem
766 1369 887 1428 animum
900 1385 955 1446 spe
969 1377 999 1428 et
1015 1369 1094 1444 cupi·

38 1488 43 1494 -
93 1451 160 1511 dine
177 1451 350 1529 inpleverat,
361 1452 439 1510 vires
450 1449 550 1510 abolet
565 1451 681 1512 dimissa
697 1453 726 1510 in
734 1449 856 1510 hiberna
870 1451 990 1527 legione
1006 1450 1094 1528 septi-

93 1553 149 1609 ma,
166 1536 248 1594 cuius
264 1534 505 1611 flagrantissimus
525 1534 554 1592 in
567 1533 724 1594 Antonium
738 1550 829 1593 amor.
860 1543 890 1594 et
905 1535 990 1593 tertia
1004 1533 1094 1610 legio,

94 1617 243 1678 familiaris
258 1617 347 1678 Arrio
364 1619 445 1678 Varo
459 1616 552 1693 miles,
568 1618 597 1676 in
612 1617 725 1676 Suriam
740 1618 880 1686 ramisaa;
897 1634 967 1694 pars
982 1616 1094 1676 exerci-

5 1705 6 1714 ’
95 1712 141 1760 ιιι
165 1702 193 1759 in
215 1700 383 1762 Germanias
404 1699 573 1761 ducebatur.
601 1701 645 1760 sic
667 1709 771 1777 egesto
789 1699 927 1779 quidquid
941 1698 1133 1777 turbidum,us

5 1793 6 1858 j
94 1783 180 1844 rediit
195 1783 258 1844 urbi
274 1803 327 1844 sna
341 1785 434 1845 forma
450 1784 593 1863 legesque
609 1793 638 1843 et
652 1785 747 1842 munia
763 1785 990 1860 magistratuum.

157 1869 207 1928 40.
232 1868 296 1943 Quo
312 1867 358 1928 die
373 1876 502 1928 sanatum
516 1868 665 1943 ingressus
680 1875 724 1926 est
737 1866 925 1942 Domitianus,
941 1865 978 1925 de
992 1864 1095 1926 absen-

96 1955 134 2012 tia
149 1954 238 2030 patris
253 1953 408 2029 fratrisque
422 1968 458 2012 ac
469 1952 584 2010 iuventa
600 1967 651 2010 sua
668 1967 761 2028 panca
774 1958 802 2009 et
821 1949 934 2009 modica
948 1950 1095 2026 disseruit,

95 2037 221 2096 decorus
237 2034 349 2103 habitu:
371 2045 401 2094 et
415 2034 524 2111 ignotis
545 2033 639 2094 adbuc
653 2033 781 2092 moribus
800 2032 902 2092 crebra
918 2034 977 2091 oris
994 2033 1094 2093 confu-

95 2121 139 2178 sio
161 2137 214 2196 pro
234 2118 375 2178 ¹modestia
396 2115 603 2195 accipiebatur.
633 2116 780 2176 referente
802 2114 930 2176 Caesare
951 2114 988 2175 de
1011 2117 1094 2175 resti·

95 2201 207 2262 tuendis
223 2201 332 2263 Galbae
348 2200 523 2275 bonoribus,
549 2201 661 2259 censuit
676 2197 790 2259 Curtius
805 2199 955 2258 Montanus
971 2206 1002 2257 ut
1013 2199 1095 2259 Piso·
1116 2219 1133 2259 s

93 2289 139 2345 nis
160 2303 275 2364 quoque
291 2286 429 2344 memoria
446 2282 654 2344 celebraretur
684 2291 782 2362 patres
797 2291 947 2360 utrumque
964 2284 1094 2342 iussere:

94 2371 130 2430 de
151 2369 278 2428 Pisone
270 2370 378 2428 irritum
400 2369 463 2428 luit
492 2377 550 2428 tum
568 2375 646 2427 sorte
667 2367 754 2443 ducti,
775 2383 829 2445 per
844 2381 917 2443 quos
939 2364 1096 2424 redderen-

94 2464 139 2514 tur
158 2452 346 2533 bellorapta,
362 2454 468 2530 quique
485 2469 553 2512 nora
567 2451 663 2528 legum
683 2457 827 2510 vetustata
847 2448 967 2526 delapsa
991 2465 1095 2508 nosce-

94 2545 159 2597 rent
174 2538 365 2614 iigerentqne,
382 2545 412 2595 et
426 2536 519 2595 fastos
535 2534 701 2596 adulatione
716 2543 877 2612 temporum
894 2532 1030 2592 foedatos
1045 2551 1095 2592 ex-

96 2629 253 2680 onerarent
290 2618 462 2698 modumque
490 2618 650 2698 publicis
640 2620 769 2698 inpensis
795 2617 937 2677 facerent.
967 2616 1135 2676 redditurus
1260 2623 1261 2640 ²

94 2703 192 2764 Tettio
213 2702 324 2762 iuliano
349 2712 504 2782 praetura,
526 2710 679 2781 postquam
701 2704 835 2779 cognitus
860 2700 960 2760 estad
981 2702 1094 2780 Vespa·

67 2841 73 2846 .
94 2788 205 2847 sianum
220 2786 405 2864 confugisse:
423 2785 533 2864 Gripbo
548 2785 642 2845 honor
655 2788 767 2846 mansit.
799 2785 893 2862 repeti
911 2782 979 2858 ,inde
995 2784 1094 2862 cogni·

94 2872 203 2930 tionem
224 2873 300 2931 inter
319 2869 479 2930 Musonium
502 2867 605 2928 Rufum
630 2879 659 2928 et
680 2868 810 2929 Publium
828 2866 962 2928 Celerem
978 2867 1094 2947 placuit,

96 2955 302 3031 damnatusque
317 2953 433 3013 Publius
450 2961 479 3013 et
490 2952 592 3014 Sorani
608 2951 738 3011 manibus
752 2954 821 3012 satis
836 2951 952 3011 factum.
974 2952 1095 3028 insignis

96 3035 214 3114 publica
228 3038 385 3096 severitate
399 3035 463 3094 dies
478 3053 515 3096 na
533 3035 665 3114 privatim
681 3036 795 3113 quidem
816 3035 901 3094 laude
924 3037 1025 3094 caruit.
1054 3036 1094 3093 iu·
1107 3055 1134 3093 ιι

97 3115 1093 3196 stumoiilciumexplesseblusoniusuidebatur‚diversafamache·

96 3202 201 3260 metrio
219 3197 356 3275 Cynicam
370 3207 480 3259 sectam
495 3199 642 3278 professo,
658 3199 735 3277 quod
749 3200 930 3260 manifestum
941 3217 1021 3259 reum
1039 3217 1094 3259 am·

96 3284 232 3344 bitiosius
247 3301 331 3363 quam
345 3281 494 3344 honestius
508 3281 701 3343 defendisset:
726 3284 782 3362 ipsi
797 3281 899 3342 Publio
920 3299 1015 3360 neque
1037 3282 1097 3340 ani-

94 3387 162 3430 mus
175 3370 204 3429 in
218 3367 357 3449 periculis
372 3382 467 3445 neque
483 3367 575 3426 oratio
591 3365 784 3446 subpeditarit
824 3365 909 3442 signo
930 3365 1048 3424 ultionis
1063 3365 1094 3421 io
