2440 3886
369 186 505 234 LIBERI·
526 187 602 236 cde.
618 186 739 241 23-28·
799 265 805 277 Ι
1017 179 1054 237 15

64 359 135 417 ram,
157 340 324 419 quibuscum
344 341 464 422 plurima
484 341 564 402 bella
585 343 790 412 toleravisset;
819 343 867 404 ubi
891 344 1011 423 primum
1037 361 1089 406 auc
1121 351 1133 368 “
1210 331 1211 378 ³

65 427 134 488 luctu
147 425 311 505 requiesset
326 427 452 502 animus,
473 435 602 486 acturum
623 427 701 505 apud
720 436 819 506 patres
839 427 876 488 de
899 429 1074 506 postulatis.

65 527 166 578 eomm;
180 509 295 570 misisse
310 509 422 571 interim
437 508 536 586 fllium,
555 519 586 570 ut
599 512 663 571 sine
676 511 860 573 cunctatione
874 515 1053 574 concederet

63 611 128 672 quae
149 593 241 656 statim
261 593 347 654 tribui
367 603 501 674 posseut;
527 604 626 654 cetera
646 596 758 656 senatui
779 597 939 674 servanda,
966 615 1052 678 quem

64 695 148 756 oeque
160 679 271 756 gratiae
289 696 386 758 neque
402 679 568 740 severitatis
582 687 734 759 expertem
750 679 850 740 haberi
866 699 919 760 par
936 691 1025 742 esset.

117 761 164 824 26.
183 761 369 841 Responsum
385 773 431 823 est
453 781 470 824 a
492 763 645 840 contione,
666 763 799 824 mandata
820 763 963 826 Clementi
985 782 1051 836 cen·

60 847 154 906 turioui
168 864 241 926 quae
256 848 416 927 perferret.
447 848 472 906 is
489 846 599 908 orditur
614 847 651 908 de
667 848 806 908 missione
827 866 843 909 a
858 848 988 910 sedecim
1003 868 1051 910 an·

58 931 108 1005 uis,
124 930 157 990 de
172 930 309 1008 praemiis
325 931 420 992 dnitae
436 931 564 1007 militiae,
582 939 613 992 ut
634 931 767 992 denarius
793 932 921 994 diurnum
943 936 1050 1013 stipen-

56 1015 124 1076 dium
139 1014 221 1091 ioret,
238 1033 276 1075 ne
291 1016 421 1076 veterani
434 1015 488 1076 sub
504 1015 614 1076 vexillo
628 1014 814 1077 haberentur.
843 1017 879 1080 ad
892 1035 926 1076 ea
939 1018 1050 1080 Drusus

56 1117 114 1160 curu
128 1099 271 1160 arbitrium
286 1107 405 1160 senatus
423 1108 452 1160 et
463 1101 553 1177 patris
566 1098 750 1177 obtenderet,
768 1099 896 1162 clamore
908 1101 1073 1162 turbatust

56 1202 103 1243 cur
117 1183 241 1258 venisset
261 1201 360 1264 neque
378 1183 517 1262 augendis
539 1183 658 1244 militum
679 1184 831 1264 stipendiis
853 1203 947 1264 neque
970 1186 1049 1246 adle-

56 1268 147 1328 raudis
161 1267 331 1345 laboribus,
354 1268 479 1346 denique
501 1268 580 1329 nulla
602 1268 823 1330 benefaciendi
844 1268 983 1333 licentia?
1021 1281 1050 1332 at

53 1350 163 1412 hercule
187 1352 318 1413 verbera
337 1361 366 1412 et
382 1370 485 1413 necem
507 1354 618 1413 cunctis
640 1353 776 1430 permitti.
810 1353 957 1414 liberium
974 1355 1048 1414 'olim

53 1438 159 1496 nomine
172 1436 301 1514 Augusti
318 1435 462 1498 desideria
476 1436 622 1514 legionum
637 1436 769 1498 irustrari
780 1437 895 1498 solitum
904 1453 916 1498 τ’
930 1438 1048 1500 casdem

54 1529 124 1579 artes
135 1519 259 1582 limsum
275 1520 435 1582 rettulisse.
477 1538 667 1600 numquamne
691 1519 727 1580 ad
748 1537 782 1580 sc
799 1519 855 1580 nisi
876 1521 952 1582 filios
967 1522 1046 1583 iami-
1059 1538 1082 1581 ro

53 1603 145 1665 liarum
157 1601 322 1666 venturos?
337 1621 442 1666 norum
458 1605 486 1666 id
500 1604 588 1684 plane
603 1604 680 1684 quod
695 1605 853 1683 imperator
872 1604 937 1666 sole
951 1606 1048 1666 militis

52 1689 191 1750 commoda
207 1689 245 1751 ad
262 1697 395 1750 senatum
410 1688 522 1750 reiciat.
555 1689 678 1750 eundem
699 1706 771 1767 ergo
793 1698 924 1750 senatum
945 1707 1047 1750 cousu-

50 1772 166 1850 lendum,
183 1774 322 1854 quotiens
338 1771 481 1852 supplicia
496 1781 544 1834 aut
557 1773 670 1852 proelia
682 1772 856 1834 indicantur:
873 1791 909 1834 an
920 1776 1047 1852 praemia

50 1857 97 1916 sub
114 1857 256 1938 dominis,
267 1874 379 1936 poenas
398 1857 459 1918 sine
477 1857 587 1918 arbitro
606 1853 694 1917 esse?

106 1941 329 2004 attenuemus
348 1940 485 2002 deserunt
499 1941 642 2018 tribuual,
664 1950 696 2001 ut
716 1941 780 2021 quis
797 1942 1047 2021 praetorianorum

50 2025 158 2086 militum
174 2027 374 2088 amicorumve
389 2022 525 2087 (laesuris
542 2034 729 2102 occurreret,
746 2043 846 2086 manus
861 2026 1045 2100 intentantes,

52 2125 157 2170 causam
177 2109 345 2171 discordiae
367 2118 396 2171 et
415 2111 523 2170 initium
543 2127 702 2187 armorum,
722 2111 846 2170 maxims
865 2110 971 2170 infensi
993 2106 1044 2169 On.

50 2190 173 2272 lentulo,
188 2195 271 2274 quod
286 2195 312 2254 is
328 2203 394 2254 anto
409 2193 482 2254 alios
498 2203 595 2256 aetate
607 2203 637 2254 et
654 2193 749 2272 gloria
763 2193 834 2254 belli
845 2193 959 2254 firmare
971 2193 1045 2254 Dru·

50 2293 109 2336 sum
124 2279 298 2340 credebatur
311 2287 341 2339 et
355 2278 405 2338 illa
420 2278 538 2339 militiae
556 2278 665 2357 flagitia
681 2279 789 2358 primus
800 2279 960 2356 aspernari.
989 2293 1067 2338 nece

47 2360 132 2422 multo
152 2373 218 2442 post
241 2362 453 2440 digredientem
477 2381 540 2423 curn
563 2361 691 2424 Caesare
717 2381 753 2423 ac
777 2363 897 2440 provisu
922 2361 1046 2440 periculi

6 2491 7 2520 3
47 2444 161 2508 hiberna
177 2456 275 2509 castra
290 2454 475 2526 repetentem
490 2447 713 2521 circumsistunt,
728 2448 890 2523 rogitantes
904 2463 962 2525 quo
978 2463 1045 2524 per·

45 2539 137 2608 geret,
155 2532 192 2594 ad
206 2533 414 2611 imperatorem
428 2549 463 2592 an
478 2530 514 2591 ad
530 2541 646 2610 patres,
662 2539 694 2592 ut
706 2531 766 2592 illic
785 2548 902 2610 quoque
920 2546 1044 2590 commo·

44 2612 86 2673 dis
99 2614 248 2694 legionum
261 2615 481 2687 adversaretur;
494 2615 578 2676 simul
591 2617 735 2694 ingruunt,
749 2633 819 2676 saxa
831 2615 948 2675 iaciunt.
977 2614 1045 2672 iam-

45 2715 98 2776 que
115 2699 222 2780 lapidis
243 2700 301 2761 ictu
317 2708 453 2762 cruentus
469 2709 498 2762 et
513 2700 593 2760 exitii
609 2709 707 2760 certus
724 2699 848 2760 adcursu
859 2696 1044 2758 multitudinis
1055 2710 1076 2752 ro

44 2801 117 2860 quae
133 2803 198 2846 cum
213 2782 311 2845 Druso
327 2783 484 2846 advenerat
501 2793 651 2864 protectus
668 2791 723 2844 est.
787 2825 790 2831 -

103 2867 156 2930 28.
179 2867 304 2929 Noctem
318 2869 459 2930 minacem
474 2877 504 2930 et
521 2869 550 2927 iu
565 2867 663 2929 scelus
679 2877 842 2947 erupturam
855 2867 917 2930 iore
929 2863 1043 2927 lenivit:

8 3027 9 3034 ἵ
43 2970 104 3012 uam
121 2951 190 3014 luna
206 2951 287 3015 claro
303 2961 426 3033 repento
445 2952 529 3013 caelo
543 2953 606 3013 uisa
621 2953 826 3031 languescere.
854 2952 883 3012 id
898 2951 982 3012 miles
999 2968 1044 3011 ra·

8 3035 9 3076 i
43 3038 129 3098 tionis
145 3039 265 3116 iguams
280 3053 365 3098 omen
380 3038 575 3116 praesentium
591 3038 722 3117 accepit,
741 3037 802 3096 suis
823 3035 975 3097 laboribus
993 3034 1043 3095 de·

44 3118 200 3181 lectionem
215 3119 318 3181 sideris
335 3121 519 3197 adsimulans,
535 3138 738 3201 prospereque
754 3137 946 3200 cessura-qua
976 3137 1043 3199 per·

44 3213 163 3280 gerent,
184 3204 219 3280 si¹
233 3203 332 3283 fulgor
351 3215 381 3267 et
398 3205 540 3268 claritudo
558 3205 631 3266 deae
648 3204 830 3267 redderetur.
863 3205 950 3282 igitur
967 3203 1066 3262 series

44 3302 137 3361 sono,
150 3288 281 3350 tobamm
298 3305 494 3369 cornuumque
511 3298 654 3351 concentu
669 3299 819 3369 strepere;
841 3297 928 3367 prout
945 3285 1042 3364 splen·

9 3415 10 3420 1
45 3369 140 3431 didior
154 3371 362 3449 obscuriorve,
386 3373 489 3436 laetari
509 3383 721 3444 remunerere:
744 3381 943 3452 etpostquam
961 3376 1042 3428 ortae

45 3455 137 3516 nubes
155 3455 284 3520 ollecere
299 3458 373 3519 uisui
389 3459 589 3539 creditumque
606 3459 749 3519 conditam
764 3454 912 3530 tenebris,
935 3460 965 3511 ut
979 3458 1042 3510 sum
