2510 3864
100 119 102 123 ’
166 135 229 197 aet
403 147 520 195 ancras
534 147 630 194 orac.
647 147 694 194 ou
710 143 932 194 orcaromaue

168 301 235 380 bat,
252 301 290 362 ita
306 310 336 360 ut
355 302 561 363 altercationes
578 317 694 378 qaoque
710 302 862 379 exciperet
878 309 908 361 et
922 301 1027 379 iurgiis
1046 303 1182 363 interes*

169 393 216 446 set
231 394 319 464 utque
335 387 377 445 sic
392 385 531 462 dixerim,
555 402 684 464 pugnare
701 385 730 444 in
743 384 859 462 proelio
876 383 1014 444 disceret.
1050 403 1186 462 magnus

169 487 208 531 ex
238 473 293 530 hoc
318 488 407 546 usus,
435 468 551 527 multum
587 467 784 544 constantiae,
802 467 953 546 plurimum
973 467 1077 527 iudicii
1096 471 1186 530 inve·

132 553 253 617 senibus
276 553 370 612 statim
393 553 597 630 contingebat,
618 551 648 610 in
667 550 762 611 media
782 549 846 610 luce
876 550 1063 610 studentibus
1088 559 1188 631 atque

167 639 245 697 inter
262 637 325 714 ipsa
345 635 524 712 discrimina,
553 635 602 694 ubi
627 651 711 694 nemo
733 635 865 711 impune.
878 633 967 694 stulte
990 634 1110 712 aliquid
1136 647 1188 696 aut

167 723 313 781 contrarie
333 719 418 796 dicit,
442 738 500 798 quo
520 719 612 778 minus
631 726 661 777 et
682 718 771 777 iudex
791 715 910 794 respirat
930 725 961 776 et
982 717 1186 780 adversarius

169 802 348 882 exprobret,
371 805 426 881 ipsi
452 802 578 880 denique
599 801 731 861 advocati
752 809 953 879 aspernentur.
986 802 1083 877 igitur
1108 821 1185 884 vera

169 888 264 948 statim
280 895 310 946 et
331 889 499 965 incorrupta
520 884 688 964 eloquentia
705 883 921 952 imbuebantur3
949 891 979 943 et
1001 877 1184 963 quamquam

132 991 160 1032 ιι
169 989 254 1031 unum
275 979 483 1048 sequerentur,
509 978 603 1030 tamen
626 985 727 1028 omnes
749 966 878 1028 eiusdem
899 969 1005 1028 aetatis
1027 975 1183 1044 patronos
1238 1032 1239 1037 ,

170 1055 199 1114 iu
214 1054 343 1132 plurimis
364 1063 393 1114 et
411 1055 505 1113 causis
526 1061 558 1113 et
577 1051 691 1113 iudiciis
711 1050 944 1130 cognoscebam
962 1049 1179 1130 habebantque

169 1138 261 1215 ipsius
277 1136 376 1214 pepuli
395 1136 655 1196 diversissimarum
673 1137 783 1196 aurium
803 1136 932 1214 copiam,
950 1154 989 1198 ex
1008 1153 1070 1215 qua
1088 1136 1174 1196 iacile

169 1219 423 1298 deprehenderent
438 1220 505 1297 quid
525 1221 555 1281 in
569 1237 687 1298 quoque
701 1219 759 1290 rel,
774 1220 947 1298 probaretur
969 1219 1018 1280 rel
1036 1219 1165 1299 displice·
1205 1279 1214 1300 ¹

170 1311 224 1363 ret.
254 1305 295 1362 ita
309 1321 364 1363 nec
378 1313 555 1382 praeceptor
570 1304 688 1382 deerat,
710 1305 835 1384 optimus
851 1303 966 1382 quidem
978 1313 1010 1363 et
1025 1301 1159 1364 electissi-

136 1405 248 1464 somus,
265 1387 314 1465 qui
328 1388 430 1448 faciem
445 1388 649 1467 eloquentiae,
674 1406 731 1448 non
746 1387 899 1465 imaginem
914 1395 1103 1465 praestaret,
1122 1403 1164 1446 nec

170 1469 327 1532 adversarii
344 1480 375 1532 et
392 1472 495 1532 aemuli
512 1473 611 1548 ierro,
636 1489 694 1532 non
709 1471 827 1532 rudibus
849 1470 1034 1548 dimicantes,
1052 1489 1112 1530 nec
1129 1489 1169 1530 an-

170 1554 305 1614 ditorinm
319 1573 437 1634 semper
450 1555 581 1633 plenum,
597 1573 714 1634 semper
730 1573 834 1615 nemun
852 1573 890 1615 ex
904 1554 1008 1614 invidis
1024 1563 1057 1614 et
1073 1554 1172 1614 laven·

172 1638 265 1714 tibus,
280 1646 310 1696 ut
320 1657 375 1698 uec
387 1638 620 1700 benenccmcle
634 1638 709 1700 dicta
720 1639 976 1699 dissimularentur
999 1639 1082 1697 scitis
1097 1641 1175 1698 enim

169 1739 299 1798 magnam
314 1721 392 1780 illam
407 1730 437 1780 et
454 1721 616 1782 duraturam
631 1721 816 1819 eloquentiae
834 1723 935 1794 lamam
950 1739 1008 1783 non
1028 1722 1129 1780 minus
1146 1723 1176 1780 in

135 1804 295 1862 rediversis
315 1801 789 1881 subselliisparariquamiasuis;
815 1805 882 1864 inde
903 1807 971 1882 quin
994 1795 1083 1904 immo
1102 1823 1176 1882 cop

171 1887 293 1945 stantius
308 1904 448 1964 surgere,
464 1887 504 1946 ibi
520 1887 633 1948 fidelius
649 1888 844 1948 corroborari
874 1896 961 1966 atque
979 1877 1132 1981 litarde)

150 1969 325 2028 eiusmodi
342 1971 611 2050 praeceptoribus'
602 1973 716 2032 iuvenis
734 1971 784 2030 ille
801 1971 838 2030 de
852 1989 910 2050 quo
929 1968 1058 2049 loquinn
1060 1933 1128 2045 Ψ)

170 2062 265 2112 torum
283 2052 459 2131 discipulus,
478 2054 534 2114 iori
556 2055 687 2132 auditor,
712 2063 842 2116 sectator
863 2054 1048 2130 iudiciorum,
1063 2083 1084 2119 a
1153 2089 1177 2114 .-

170 2144 216 2195 tus
235 2143 265 2195 et
281 2136 462 2197 adsuefactus
480 2137 582 2198 alienis
604 2139 830 2216 experimentis,
853 2157 898 2198 cur
891 2138 1022 2200 'cotidie
1038 2135 1175 2198 audienti

82 2267 86 2277 s
133 2227 258 2279 sanotae
278 2218 380 2297 leges,
401 2239 458 2281 non
482 2222 550 2280 novi
575 2221 699 2280 iudicum
722 2221 835 2299 voltus,
863 2221 1002 2300 frequens
1023 2221 1051 2280 in
1073 2221 1171 2279 oculis

169 2302 351 2363 consuetudo
376 2304 558 2379 contionum,
586 2322 676 2382 saepe
696 2306 832 2381 cognitae
853 2304 955 2383 populi
978 2321 1081 2379 aures,
1104 2306 1170 2362 sive

168 2387 383 2446 accusationem
406 2395 577 2463 susceperat
603 2389 667 2448 sive
684 2387 902 2464 defensionem,
924 2386 1004 2447 solus
1024 2386 1123 2446 statim
1141 2397 1170 2446 et

169 2487 242 2529 unus
258 2470 427 2548 cuicumque
442 2486 547 2529 causae
562 2487 615 2547 par
632 2479 703 2530 erat.
734 2487 812 2531 nono
830 2471 946 2531 decimo
973 2471 1077 2531 aetatis
1093 2487 1166 2530 anno

168 2551 199 2612 L.
223 2550 345 2611 Crassus
367 2551 398 2610 0.
422 2550 601 2630 Carbonem,
626 2555 877 2614 unaetvicensima
900 2553 1010 2614 Caesar
1029 2552 1162 2614 Dolabel-

128 2653 159 2694 ιι
169 2635 241 2711 lam,
255 2634 348 2694 altero
361 2643 392 2694 et
402 2635 561 2696 vicensimo
573 2636 694 2696 Asinius
703 2636 799 2697 Pollio
813 2635 843 2696 0.
858 2635 1015 2714 Catonem,
1028 2655 1088 2697 uon
1099 2633 1159 2696 mal·

168 2726 227 2776 tum
242 2727 339 2778 aetate
356 2718 532 2778 antecedens
553 2718 659 2780 Calvus
673 2719 819 2780 Vatinium
837 2721 874 2779 iis
895 2720 1077 2780 erationibus
1093 2722 1165 2778 insc-

168 2803 227 2860 cuti
243 2811 326 2877 sunt,
345 2819 415 2880 quas
430 2801 518 2862 bodie
535 2821 651 2882 quoque
668 2821 731 2862 cum
746 2804 935 2864 adnriratione
949 2804 1083 2880 legimus.

223 2887 272 2952 35.
297 2889 337 2947 At
357 2907 433 2947 nunc
452 2887 665 2946 adulescentuli
682 2889 777 2946 nostri
801 2888 981 2947 deducuntur
1003 2891 1035 2948 in
1060 2887 1172 2948 scholas

161 2975 304 3050 istorum,
338 2973 386 3050 qni
417 2971 553 3031 rhetores
583 2979 740 3044 vocantur,
775 2988 850 3050 quos
880 2971 967 3049 paulo
995 2979 1062 3031 ante
1093 2968 1175 3030 Cice·
1237 2973 1238 2992 ¹

162 3058 243 3117 ronis
266 3065 398 3132 tempora
420 3056 555 3115 extitisse
578 3071 633 3114 nec
652 3054 799 3131 placuisse
822 3054 979 3113 maioribus
1008 3056 1114 3114 nostris
1139 3073 1176 3113 ex

163 3157 200 3199 co
216 3141 397 3199 manifestum
414 3148 477 3215 est,
495 3138 571 3216 quod
588 3156 603 3197 a
617 3134 725 3196 Crasso
743 3147 772 3198 et
784 3137 912 3202 Domitio
929 3138 1101 3197 censoribus
1115 3137 1177 3197 clu-

134 3223 255 3298 edere,
272 3231 302 3281 ut
321 3224 360 3281 ait
378 3220 501 3298 Cicero,
522 3220 915 3299 ludumimpudentiac
930 3222 1001 3280 iussi
1018 3229 1091 3281 suut.
1122 3224 1178 3281 sed

164 3313 197 3362 ut
219 3305 318 3365 dicere
336 3307 536 3380 institueram,
553 3304 734 3365 deducuntur
748 3304 778 3365 in
794 3305 929 3382 scholas,
946 3309 978 3366 io
996 3305 1099 3382 quibus
1116 3324 1177 3365 non

163 3386 251 3446 facile
274 3389 397 3448 dixerim
420 3397 551 3448 utrumne
574 3387 658 3448 locus
688 3391 752 3467 ipse
769 3407 805 3450 an
819 3389 1009 3468 condiscipuli
1025 3406 1059 3448 an
1080 3407 1178 3464 genus
