2536 3870
101 183 104 189 .
193 129 252 192 150
416 139 581 191 connsnn
600 139 718 190 nucum
732 97 973 190 mosomensis

156 313 249 366 senon
264 293 415 374 proelium.
446 304 475 355 et
488 293 662 356 Nerviorum
676 293 827 373 cohortes,
843 303 921 356 metu
938 313 992 356 seu
1007 295 1140 375 perfidis,
1157 298 1201 359 la·

191 391 253 441 tera
271 387 435 438 nostrornm
457 378 620 440 nudavere:
643 379 686 439 sic
704 378 740 439 ad
764 380 900 457 legiones
915 389 1095 458 perventum,
1120 399 1202 461 quoe

191 463 304 526 amissis
327 462 418 540 signis
440 463 513 523 intra
534 462 639 522 vallum
660 463 879 540 sternebantur,
899 481 962 523 cunr
977 473 1101 543 repento
1116 482 1202 525 novo
1248 498 1249 516 ι

191 545 299 610 auxilio
322 546 437 607 iortuna
457 563 572 625 pugnae
592 555 724 606 mutatur.
757 546 923 606 Vasconum
944 545 1041 607 lectae
1062 564 1079 608 c
1104 547 1203 610 Galba

192 631 330 694 cohortes
354 647 390 690 ac
414 639 471 689 tum
493 631 619 707 accitae,
645 629 710 689 dum
739 631 842 690 castris
864 630 1073 708 propinquent,
1097 631 1202 692 audito
1248 681 1249 718 ,

156 738 183 782 ss
192 714 394 796 proeliantium
410 713 536 774 clamore
550 714 676 774 intentos
689 712 812 774 hostien
834 722 921 792 tergo
937 712 1090 791 insudant,
1112 714 1203 776 latio·
1248 739 1249 744 ¹

191 816 311 877 remque
327 815 411 876 quam
426 814 481 876 pro
494 813 613 858 numero
629 806 770 858 terrorem
785 797 909 874 iaciunt,
932 796 996 856 eliis
1013 816 1030 857 ιι
1044 796 1202 861 Novaesio

192 884 256 945 aliis
273 901 290 943 a
310 881 497 959 blogontiaoo
519 881 670 942 universas
691 881 793 959 copias
816 880 970 941 advenisse
998 879 1202 942 credentibus.

191 968 217 1026 is
234 982 317 1026 error
330 964 408 1025 addit
422 965 548 1042 animos,
565 975 594 1026 et
608 964 673 1025 dum
690 964 793 1025 alienis
812 964 921 1024 viribus
937 964 1101 1041 confidunt,
1128 984 1202 1026 suas

189 1065 344 1128 recepere.
379 1047 553 1109 fortissimus
575 1050 697 1127 quisque
719 1067 737 1110 e
758 1047 891 1126 batavis,
916 1056 1050 1127 quantum
1067 1049 1202 1127 peditum

155 1159 183 1202 ,ι
193 1141 266 1208 erat,
278 1132 483 1192 conciduntur:
496 1149 588 1209 eques
603 1134 695 1192 evasit
711 1149 774 1192 cum
791 1133 882 1210 signis
904 1133 1103 1212 captiuisque,
1122 1150 1200 1211 quos

191 1217 284 1314 prima
300 1215 364 1274 ocio
379 1215 589 1293 corripuerant.
621 1233 773 1276 caesorum
787 1233 823 1276 eo
835 1215 882 1276 die
899 1215 1071 1295 inpartibus
1087 1217 1197 1276 nostris

190 1299 282 1360 maior
295 1299 656 1370 numerassetinbellior,
662 1299 860 1361 chrmonis
851 1317 916 1378 apsa
932 1298 1051 1360 robora.
1248 1307 1249 1310 ’

254 1383 305 1444 34.
326 1381 392 1442 Dux
413 1390 534 1460 uterque
556 1385 618 1462 pari
641 1382 726 1460 culpa
746 1384 864 1444 meritus
893 1381 1016 1443 adversa
1040 1381 1195 1464 prosperis

191 1467 322 1528 deluere.
355 1481 420 1526 nanr
436 1463 579 1528 civilis
554 1484 579 1525 ει
599 1466 755 1527 maioribus
776 1467 875 1545 copiis
886 1467 1071 1526 instruxisset
1094 1468 1196 1542 eciem,

192 1568 337 1611 circumiri
356 1567 372 1609 a
396 1559 453 1609 tam
474 1551 575 1629 paucis
599 1549 769 1610 cohortibus
792 1551 942 1628 nequisset
958 1557 1113 1628 castraque
1132 1569 1195 1629 per·

190 1641 275 1712 rupta
294 1632 483 1693 exscidisset:
501 1632 614 1693 Vocula
629 1650 685 1692 nec
704 1633 857 1694 adventum
874 1633 1000 1693 hostium
1014 1633 1196 1712 exploravit,

163 1734 287 1795 seoque
304 1716 388 1775 simul
404 1733 543 1792 egressus
560 1717 729 1794 vietusque;
755 1715 823 1777 dein
845 1716 987 1777 victoriae
1009 1734 1109 1796 parurn
1127 1736 1197 1777 con·

192 1801 271 1876 fleus,
289 1799 362 1858 tritis
384 1799 490 1859 trustra
510 1797 613 1859 diebus
635 1808 731 1860 castra
751 1800 780 1860 in
801 1799 915 1860 hostem
936 1801 1042 1877 movit,
1069 1798 1200 1880 quamsi

191 1882 285 1943 statim
301 1880 453 1960 impellere
470 1900 641 1960 cursumque
656 1900 753 1943 rerum
769 1885 851 1962 sequi
870 1892 1052 1959 maturasset,
1075 1884 1201 1945 solvere

192 1964 335 2027 obsidium
349 1963 496 2041 legionum
515 1965 617 2025 eodem
633 1966 741 2045 impetu
757 1969 858 2045 potuit.
874 1975 1066 2045 temptaverat
1082 1969 1200 2028 interim

194 2047 296 2110 Civilis
317 2047 505 2109 obsessorum
529 2051 654 2126 animos,
677 2058 820 2129 tamquam
842 2050 973 2130 perditae
995 2050 1072 2130 opud
1089 2051 1201 2112 Ronm-

159 2150 247 2201 mnos
260 2151 309 2192 res
324 2140 353 2192 et
367 2133 426 2192 suis
442 2134 564 2194 victoria
580 2135 782 2212 provenisset:
814 2133 1093 2195 circumferebantur
1111 2137 1201 2212 signa

192 2215 375 2294 vexillaque,
401 2217 535 2276 ostentati
565 2217 649 2276 ctiam
671 2218 786 2296 captivi.
818 2235 856 2277 ex
879 2218 981 2296 quibus
995 2236 1085 2294 unus,
1108 2236 1201 2294 egre-

192 2302 271 2379 gium
290 2299 402 2360 lacinus
423 2317 525 2377 ansus,
548 2299 626 2360 clara
650 2318 726 2361 voce
743 2309 827 2378 geste
854 2301 1009 2381 patefecit,
1040 2302 1202 2362 confossus

193 2384 261 2444 ilico
284 2401 300 2443 a
325 2382 488 2444 Germanis:
512 2346 588 2443 dude
602 2385 694 2443 maior
713 2384 800 2444 indici
816 2384 907 2461 lides,
928 2385 1012 2444 simul
1029 2387 1200 2445 vastatione

134 2512 138 2516 -
192 2466 391 2546 incendiisque
406 2465 586 2544 flagrantium
600 2467 732 2528 villarum
747 2469 847 2528 venire
866 2469 1009 2529 victorem
1036 2471 1203 2529 exercitum

159 2573 183 2615 rs
194 2551 429 2628 intellegebatur
462 2553 490 2610 in
512 2561 673 2630 conspectu
693 2561 856 2612 castrorum
878 2553 1012 2615 constitui
1034 2553 1119 2628 signa
1136 2553 1201 2613 los·
1249 2553 1250 2606 4

193 2653 311 2714 samque
326 2643 357 2694 et
374 2633 479 2694 vallum
497 2634 669 2695 circumdari
685 2634 799 2697 Vocula
815 2635 908 2696 iubet:
926 2635 1080 2715 depositis
1084 2636 1200 2715 inpedi-
1249 2663 1250 2698 ι

192 2721 296 2779 mentis
313 2719 491 2798 sarcinisque
505 2718 634 2798 expediti
650 2729 803 2780 certarent
836 2719 928 2780 hino
919 2738 947 2779 ιιι
964 2720 1068 2780 ducem
1086 2720 1200 2780 clamor
1249 2707 1250 2782 4

194 2820 319 2882 pugnam
350 2803 547 2880 poscentium
579 2811 609 2862 et
634 2804 735 2864 minari
761 2803 964 2866 adsueverant.
995 2821 1033 2863 ne
1061 2811 1200 2883 tempore

194 2885 308 2964 quidem
338 2884 374 2945 ad
402 2885 587 2947 ordinandam
615 2887 707 2946 aciem
732 2895 818 2966 capto
854 2887 1037 2966 incompositi
1065 2886 1198 2966 fessique

158 2995 184 3036 ω
195 2969 338 3049 proelium
354 2987 522 3048 sumpsere:
537 2988 602 3030 nem
620 2969 721 3030 civilis
733 2970 842 3047 aderat,
863 2986 920 3030 non
937 2971 1030 3030 minus
1045 2971 1124 3030 vitiis
1142 2970 1196 3031 ho·

144 3069 154 3084 ·
194 3054 278 3114 stium
294 3071 378 3133 quam
392 3054 497 3114 virtute
514 3072 630 3116 suorum
643 3054 746 3132 fretus.
776 3053 857 3115 veria
874 3053 950 3134 apud
970 3055 1119 3116 Romanos
1138 3055 1197 3114 lor·

193 3146 260 3197 tuna
292 3146 321 3197 et
346 3135 590 3198 seditiosissimus
614 3140 738 3217 quisque
759 3139 897 3218 ignorum:
926 3138 1042 3219 qnidam
1067 3138 1198 3199 recentis

193 3222 335 3280 victoriae
357 3238 502 3282 memores
523 3225 650 3283 retinere
671 3221 791 3301 locum,
807 3222 897 3285 lenire
910 3220 1041 3296 hostem,
1058 3229 1197 3301 sequent

194 3305 344 3381 proximos
367 3304 495 3383 hortari,
528 3316 557 3366 et
578 3305 773 3384 redintegrata
799 3306 862 3368 acie
878 3324 978 3367 manus
999 3305 1034 3367 ad
1053 3304 1196 3365 obsessos

160 3385 332 3464 ostendere,
351 3405 388 3446 ne
400 3390 523 3468 tempori
540 3390 686 3451 deessent.
720 3390 762 3452 illi
781 3399 883 3452 cuncta
898 3410 914 3452 e
930 3393 1017 3452 muris
1042 3383 1197 3450 cernentes
