2596 3872
433 165 538 214 rinnon
549 167 619 214 xuv.
638 167 713 218 cnr.
727 167 845 222 10-14.
1088 160 1149 222 259

145 328 223 399 ratus
240 329 269 380 et
284 329 379 382 tactae
394 319 430 380 de
453 323 536 382 caelo
552 320 779 403 quattuordecim
800 320 879 382 urbis
894 324 1044 402 regiones.
1074 344 1149 408 quae

90 399 97 406 ’
143 403 218 463 adeo
235 404 297 464 sine
316 421 384 465 eura
402 404 486 465 deum
502 406 689 484 eveniebant,
712 414 742 466 ut
756 407 862 467 multos
880 417 947 486 post
961 427 1052 472 annos
1067 409 1147 472 Nero

144 488 295 566 imperium
320 497 349 549 et
376 487 490 550 scelera
521 492 741 552 continuaverit.
783 500 910 552 ceterum
934 509 991 571 quo
1012 503 1149 573 gravaret

141 571 279 632 invidiam
295 573 395 633 matris
417 589 510 654 eaque
529 573 645 636 demota
666 583 778 636 auctam
798 574 945 636 lenitatem
967 595 1046 638 suam
1068 579 1147 638 testi·

144 657 297 734 bearetur,
319 656 441 717 iemiuas
464 656 600 720 inlustres
615 659 723 718 lunium
746 667 774 719 et
789 657 988 740 Calpurniam,
1014 671 1147 742 praetura
1157 682 1181 723 ra

141 741 260 800 iunctos
284 735 434 802 Valerium
457 737 627 822 Capitonem
650 751 678 802 et
704 742 840 803 Licinium
865 742 1005 806 Gabolum
1028 745 1147 806 sedibus

142 825 247 903 patriis
262 822 397 903 reddidit,
416 823 453 885 ab
466 824 630 907 Agrippina
647 825 713 888 olim
727 826 838 906 pulsos.
856 829 941 889 etiam
952 828 1062 892 Lolliae
1075 830 1145 891 Pan·

140 909 220 970 linae
237 910 351 970 cineres
366 912 512 987 reportari
528 911 751 990 sepulcrumque
770 913 880 972 exstrui
898 914 1041 992 permisit;
1059 932 1145 993 quos·

141 1011 199 1073 que
219 993 284 1072 ipse
305 1011 397 1072 nuper
412 994 614 1072 relegaverat,
638 995 755 1056 lturium
771 1004 799 1056 et
816 993 971 1058 Calvisium
986 1015 1081 1079 poena
1097 1018 1144 1058 ex·

140 1077 239 1138 soluit.
271 1095 334 1137 narn
347 1069 444 1138 Silana
465 1078 526 1138 lato
546 1078 644 1140 luneta
659 1088 736 1157 erat,
758 1079 916 1161 longinquo
932 1080 968 1144 ab
985 1082 1142 1144 exilio'Ta·
1154 1098 1179 1140 uo

139 1169 253 1222 rentum
270 1178 409 1240 regressa
423 1161 538 1238 labante
552 1164 608 1224 iam
622 1161 798 1245 Agrippina,
817 1166 896 1225 cuius
908 1165 1062 1228 inimicitiis
1076 1183 1142 1228 eon·

141 1244 265 1324 uiderat,
282 1246 330 1306 vel
347 1245 487 1324 mitigata.

203 1328 253 1389 13.
274 1328 382 1390 'lamen
399 1331 527 1391 cuno‘tari
542 1331 571 1391 in
586 1331 702 1412 oppidis
716 1331 902 1412 campaniae,
918 1351 1041 1414 quonam
1057 1334 1144 1394 modo

140 1413 241 1473 urbem
257 1413 475 1492 ingrederetur,
493 1433 530 1476 an
545 1414 716 1494 obsequium
730 1425 864 1494 senatus,
881 1436 917 1479 an
938 1416 1031 1478 studia
1049 1418 1144 1497 plebis

122 1491 129 1510 '
141 1498 285 1577 reperiret
301 1498 419 1558 annius:
437 1506 538 1560 eontra
550 1499 722 1560 deterrimus
736 1500 868 1579 quisque,
885 1518 1005 1581 quorum
1018 1519 1075 1562 non
1087 1501 1144 1562 alra

139 1581 223 1660 regia
243 1580 395 1642 fecundior
417 1582 525 1660 extitit,
546 1583 666 1644 inuisum
681 1582 862 1662 Agrippinae
880 1602 985 1646 nomen
1007 1595 1036 1646 et
1050 1595 1143 1646 morte

138 1667 203 1726 eius
223 1681 377 1727 accensum
398 1666 499 1746 populi
521 1666 652 1728 favorem
673 1665 831 1741 disserunt:
856 1669 912 1728 iret
930 1668 1090 1748 intrepidos
1114 1677 1169 1729 etc

136 1749 356 1811 venerationem
384 1752 427 1811 sui
454 1767 552 1812 coram
574 1753 772 1830 experiretur;
800 1752 883 1813 simul
914 1753 1068 1832 praegredi
1094 1772 1142 1814 ex·

135 1844 273 1914 poscunt.
305 1843 334 1894 et
347 1835 528 1914 promptiora
544 1853 628 1915 quam
645 1835 837 1914 promiserant
852 1837 1017 1914 inveniunt,
1040 1836 1142 1898 obuias

137 1916 246 1994 tribus,
268 1917 345 1978 iesto
368 1918 445 1979 cultu
466 1928 612 1998 senatum,
636 1921 787 1997 coniugum
803 1937 839 1981 oc
854 1919 1011 1982 liberorum
1028 1923 1142 2001 agmina

137 2019 193 2082 per
213 2018 314 2061 sexum
337 2010 366 2062 et
384 2012 507 2064 aetatem
528 2002 684 2083 disposita,
708 2012 890 2083 exstructos,
912 2023 967 2085 qua
981 2005 1142 2080 incederet,

137 2085 372 2166 spectaculorum
399 2085 523 2164 grados,
548 2103 607 2166 quo
637 2088 724 2148 modo
749 2087 884 2169 triumpbi
906 2084 1044 2150 visunlur.
1074 2089 1142 2149 bino

135 2168 282 2250 superbus
303 2186 338 2230 ac
360 2169 469 2250 publici
489 2172 600 2232 servitii
622 2171 717 2232 vietor
740 2169 911 2251 capitolium
932 2172 1017 2251 adiit,
1042 2181 1142 2251 grates

134 2252 283 2330 exsolvit,
309 2271 401 2334 seque
422 2255 451 2314 in
470 2271 571 2316 omnes
591 2253 727 2316 libidines
744 2254 857 2333 elludit,
879 2274 951 2336 quas
966 2256 1042 2316 male
1058 2272 1140 2316 coer-

133 2338 211 2398 citas
226 2337 442 2416 qualiscumque
458 2340 557 2400 matris
572 2341 735 2400 reverentia
752 2339 924 2402 tardaverat.

181 2414 184 2420 “
200 2421 248 2481 14.
269 2422 361 2483 Vetus
372 2421 413 2482 illi
426 2421 531 2501 oopido
545 2433 607 2484 erat
619 2422 981 2508 curriculoqnadrigarum
993 2424 1140 2498 insistere,
1153 2441 1235 2462 ¹³⁹·-

134 2523 193 2566 neo
214 2506 306 2566 minus
326 2505 444 2568 loedum
469 2505 591 2568 studium
617 2505 725 2570 cithara
744 2506 884 2568 ludicrum
905 2507 933 2568 in
955 2507 1069 2568 modum
1094 2524 1139 2567 ca-

134 2607 219 2650 nere.
255 2600 426 2652 concertare
440 2591 522 2670 equis
538 2592 651 2670 regium
666 2601 695 2652 et
711 2593 833 2672 antiquis
848 2591 969 2652 ducibus
983 2591 1140 2651 factitatum

134 2673 330 2752 memorabat,
352 2674 439 2754 idque
455 2683 550 2743 vatorn
573 2675 702 2738 laudibus
718 2675 838 2738 celebre
852 2684 881 2738 et
898 2675 1017 2738 deornm
1037 2674 1140 2736 bonori

134 2759 241 2818 datum.
274 2760 422 2820 enimvero
444 2767 544 2820 cantus
563 2759 694 2840 Apollini
717 2778 834 2838 saeros,
850 2760 958 2840 talique
974 2767 1075 2820 ornatu
1091 2757 1138 2818 ad·

135 2852 216 2904 stare
231 2860 289 2903 non
304 2841 391 2904 modo
411 2843 530 2904 Graecis
545 2844 573 2904 in
590 2843 709 2905 urbibus
726 2843 778 2905 sed
791 2845 922 2906 Romana
939 2842 1015 2923 apud
1031 2843 1138 2924 templa

135 2943 240 2988 numen
254 2928 441 3006 praecipuum
457 2935 486 2988 et
501 2929 674 3007 praescium.
706 2945 762 2990 neo
776 2928 831 2989 iam
847 2930 908 2989 sisti
924 2937 1053 3008 poterat,
1077 2945 1139 2988 cum

10 3020 21 3086 ’Ἰ
135 3013 269 3071 Senecae
290 3010 435 3072 reburro
457 3012 566 3088 risum,
590 3031 626 3073 ne
649 3021 771 3092 utraque
792 3013 995 3093 pervinceret,
1018 3010 1140 3072 alterum

137 3093 314 3157 concedere.
343 3095 528 3175 clausumque
543 3097 620 3157 valle
635 3098 777 3159 Vaticana
789 3098 915 3177 spatium
930 3098 958 3158 ln
975 3112 1033 3176 quo
1046 3113 1140 3175 equos

134 3188 265 3260 regeret,
277 3179 353 3242 baud
366 3180 512 3260 promisco
525 3182 711 3259 spectaculo.¹
731 3197 798 3242 mox
810 3181 886 3244 ultro
899 3183 998 3243 vocari
1011 3178 1138 3259 populus

135 3263 283 3326 Ronanus
302 3263 492 3343 laudibusque
515 3264 677 3343 extollere,
704 3275 734 3326 ut
755 3275 800 3325 est
819 3266 923 3344 vulgus
945 3265 1065 3344 cupiens
1086 3279 1139 3321 vos

136 3345 275 3426 luptatum
291 3356 330 3427 et,
345 3348 371 3409 si
386 3347 489 3410 eodem
506 3349 644 3430 princeps
659 3349 763 3427 trabat,
779 3348 893 3410 laetum.
918 3357 1046 3409 ceterum
1058 3344 1137 3404 evul-

138 3439 228 3506 gatus
247 3433 339 3512 pudor
356 3449 414 3494 non
434 3433 614 3512 sotietatem,
637 3443 667 3494 ut
687 3431 840 3510 rebantur,
856 3431 908 3492 sed
924 3432 1137 3571 inqiqaqueutum
