2536 3870
409 175 515 224 uranu
528 175 561 225 v.
584 175 660 226 cnr.
677 177 797 232 18—22.
1043 167 1104 232 189

97 331 254 396 Cerialem
276 347 373 411 neque
394 330 465 390 satis
487 305 601 392 cautum
624 341 654 392 et
673 331 803 411 pluribus
831 325 934 394 nuntiis
956 334 1013 395 buc
1034 336 1117 397 illuc.

97 423 268 479 comantem
286 431 376 494 posse
398 413 493 475 medio
513 415 657 495 intercipi.
693 414 796 495 quibus
813 418 992 478 obvenerant
1011 428 1107 480 castra

97 502 345 574 decumanorum,
370 497 618 576 obpugnationem
639 499 765 576 legionis
786 501 903 562 arduam
927 504 981 563 rati
1000 513 1140 580 egres-ta

97 599 168 646 suut
182 582 301 643 militem
315 589 345 641 et
360 580 520 642 caedendis
535 585 662 643 materiis
687 593 838 662 operatum
859 584 1032 663 turbavere,
1055 603 1104 646 oc·
1140 604 1142 609 ’

98 670 167 730 ciso
183 665 336 745 praefecto
350 673 511 727 castrorum
527 675 557 726 et
571 668 697 746 quinque
715 667 889 745 primoribus
905 671 1105 730 centurionum

98 751 266 832 paucisque
279 747 435 810 militibus:
451 750 543 810 ceteri
564 769 597 810 se
618 750 799 811 munimentis
821 751 1019 814 delenderant.
1063 755 1104 814 iu-

96 835 187 896 terim
211 831 419 895 Germanorum
436 850 536 894 manus
558 832 735 894 batavoduri
756 834 967 914 interrumpere
986 837 1103 898 inchoa·

97 927 162 978 tum
175 925 296 996 pontem
310 915 490 976 nitebantur:
507 916 670 994 ambiguum
686 911 828 995 proelium
843 935 903 979 non
920 919 1041 981 diremit.
1116 931 1139 974 1⁸

169 1000 221 1062 21.
242 1000 312 1064 Plus
336 999 508 1060 discriminis
529 1001 605 1081 apud
625 999 749 1062 Grinnes
771 1001 951 1082 Vadamque.
994 1004 1106 1066 Vadam
1193 997 1214 1075 s

102 1083 224 1160 Civilis,
247 1082 369 1147 Grinnes
391 1080 540 1145 Classicus
561 1083 781 1164 obpugnabant;
808 1103 863 1146 nec
885 1087 948 1148 sisti
972 1096 1107 1168 poterant

101 1167 261 1229 interiecto
276 1167 435 1228 fortissimo
450 1185 584 1248 quoque,
606 1170 636 1228 in
651 1171 715 1248 quis
735 1168 916 1248 brigantibus
938 1171 1106 1250 praelectas

101 1253 170 1314 alae
185 1251 351 1328 ceciderat,
375 1269 460 1330 quern
476 1252 562 1313 ddum
577 1251 714 1313 Romanis
739 1262 769 1312 et
791 1252 876 1314 Givili
896 1255 1040 1316 avunculo
1064 1258 1105 1315 in·
1137 1297 1139 1300 -

102 1338 219 1398 iensum
233 1335 365 1414 diximus.
388 1334 441 1396 sed
456 1335 505 1396 ubi
520 1333 645 1397 Gerialis
666 1353 730 1394 cunr
745 1336 861 1398 delecta
878 1339 1005 1416 equitum
1021 1355 1129 1398 munuc

104 1420 257 1496 subvenit,
272 1436 358 1480 versa
373 1418 489 1480 lortuna
505 1419 682 1498 praecipites
699 1419 833 1480 Germani
847 1421 876 1479 in
891 1434 1002 1481 amnern
1018 1439 1105 1498 agun-

104 1514 160 1566 tur.
183 1502 285 1564 Girilis
302 1503 369 1563 dum
382 1502 528 1580 fugientes
547 1510 689 1579 retentat,
707 1502 840 1581 adgnitus
856 1505 1023 1583 petitusque
1038 1504 1106 1565 telis

104 1589 209 1649 relicto
237 1605 313 1667 equo
339 1587 506 1654 banatavit3
533 1586 610 1647 idem
637 1587 746 1646 Veraci
788 1584 940 1664 effugium:
969 1588 1106 1650 Tutorem

106 1670 326 1751 Classicumque
343 1669 484 1749 adpulsae
505 1670 607 1730 lintres
626 1679 827 1731 transvexere.
857 1679 970 1730 netum
991 1670 1107 1750 quidem

105 1755 234 1818 liomana
255 1754 359 1816 classis
381 1771 498 1832 pugnae
520 1753 625 1832 adluit,
649 1763 680 1814 ut
700 1755 807 1816 iussum
828 1763 904 1814 erat:
926 1755 979 1815 sed
994 1755 1106 1815 obstitit
1116 1767 1140 1808 ra

105 1839 229 1902 formido
253 1848 284 1899 et
300 1840 430 1915 remiges
452 1837 582 1917 penalia
604 1837 723 1898 militiae
745 1838 840 1898 munia
861 1836 998 1916 dispersi.
1035 1856 1106 1899 sane

105 1923 229 1986 Gerialis
243 1939 344 2002 parum
359 1922 499 2001 temporis
515 1919 551 1982 ad
566 1921 754 2000 exsequenda
769 1923 889 1999 imperia
904 1920 1007 2000 dabat,
1030 1921 1105 1982 subi·

106 2026 151 2068 tus
166 2006 295 2068 consiliis
311 2013 342 2066 et
356 2013 462 2066 eventu
475 2003 586 2065 clarus:
602 2005 702 2066 aderat
715 2005 847 2080 fortuna,
865 2005 949 2065 etiarn
963 2006 1012 2066 ubi
1027 2015 1106 2066 artes

107 2091 280 2160 demissorum
299 2089 368 2151 hinc
382 2089 439 2168 ipsi
453 2089 653 2168 exercituique
667 2089 760 2148 minor
775 2105 844 2148 cura
860 2087 1040 2167 disciplinae.
1076 2097 1106 2162 et

107 2189 215 2254 paucos
230 2182 300 2254 post
310 2172 389 2248 dies,
409 2189 578 2252 quamquam
590 2171 752 2250 pericnlum
766 2173 941 2251 captivitatis
952 2173 1105 2249 evasisset,
1116 2185 1140 2225 u

106 2259 248 2322 iniarniam
262 2275 321 2318 non
334 2257 444 2317 vitavit.

167 2343 218 2404 22.
249 2341 403 2403 Proiectus
428 2337 605 2402 Novaesium
639 2338 827 2418 bonnamque
859 2339 895 2400 ad
907 2339 1024 2400 visenda
1056 2357 1104 2399 ca·
1125 2347 1145 2398 .“

108 2435 182 2504 stra,
197 2443 273 2505 quae
284 2426 451 2486 biematnris
463 2424 629 2502 legionibus
640 2423 843 2501 erigebantur,
858 2423 979 2483 navibus
994 2440 1104 2484 remea-

108 2511 171 2588 bat,
192 2510 315 2572 disiecto
339 2511 469 2589 agmine,
494 2509 648 2569 incuriosis
673 2506 792 2586 vigiliis.
828 2507 1056 2568 animadversum
1076 2505 1105 2566 id

108 2595 254 2658 Germanis
275 2603 305 2656 et
325 2593 444 2655 insidias
466 2609 667 2673 conposuere:
689 2592 785 2652 electa
805 2607 866 2651 nox
887 2599 948 2651 atra
969 2591 1105 2668 nubibus,

108 2687 136 2741 et
151 2695 246 2760 prono
261 2693 344 2740 amne
360 2679 436 2757 rapti
456 2676 536 2756 nullo
559 2674 733 2756 probibente
753 2673 858 2736 vallum
876 2675 983 2735 ineunt.
1015 2675 1128 2754 primas

108 2762 213 2824 caedes
229 2771 292 2824 autu
307 2763 419 2824 adiuta:
439 2761 539 2823 incisis
560 2759 812 2822 tabernaculorum
833 2757 966 2836 funibus,
986 2761 1107 2820 suismet

108 2847 238 2908 tentoriis
259 2855 420 2928 coopertos
443 2845 633 2907 trucidabant.
665 2842 743 2904 aliud
764 2860 869 2921 agmen
890 2840 1007 2905 turbare
1029 2843 1104 2904 olas-

107 2951 183 3006 sem,
198 2933 309 2992 inicere
324 2930 435 3007 uincla,
452 2929 568 2991 trabere
585 2929 708 3010 puppis;
730 2935 820 3007 utque
842 2926 878 2988 ad
897 2927 1054 2990 fallendum
1068 2928 1105 2988 si-

108 3016 213 3090 lentio,
229 3016 269 3075 ita
284 3023 391 3094 coepta
406 3014 514 3089 caede,
530 3030 587 3093 quc
601 3013 667 3092 plus
683 3014 804 3072 terroris
821 3010 977 3089 adderent,
1003 3020 1106 3072 cuncta

111 3095 282 3156 clamoribus
303 3097 472 3158 miscebant.
512 3097 632 3158 Romani
654 3095 824 3156 volneribus
851 3096 940 3156 exciti
966 3101 1139 3176 quaeruntur

110 3195 203 3253 arma,
217 3187 302 3240 ruunt
315 3197 371 3259 per
384 3181 463 3256 rias,
480 3181 566 3259 pauci
583 3189 683 3241 ornatu
697 3179 828 3256 militari,
845 3178 979 3259 plerique
998 3180 1106 3240 circum

111 3261 226 3322 bracbia
241 3271 318 3324 torta
331 3270 416 3324 veste
436 3272 467 3324 et
481 3262 588 3324 strictis
604 3261 800 3325 mucronibus.
838 3261 897 3322 dux
917 3263 1106 3324 semisomnus

109 3364 144 3408 ac
158 3363 253 3426 prope
268 3347 394 3409 intectus
410 3364 513 3410 errore
528 3345 651 3408 bostium
672 3354 822 3416 servatoru
844 3361 968 3424 namque
992 3353 1107 3424 praeto·

109 3433 289 3494 riamnarem
300 3429 410 3493 vexillo
426 3431 584 3511 insignem,
600 3431 661 3492 illic
673 3431 775 3492 ducem
787 3429 859 3505 ruti,
876 3427 1029 3508 abripiunt.
1054 3427 1108 3486 Ge·
