2570 3878
4 115 6 150 l

4 199 6 240 l

144 151 206 212 220
416 160 917 211 coononrrracrarannsmum

108 339 134 382 ao
142 319 233 379 ternis
251 326 414 379 meruerant
436 325 484 377 aut
504 316 582 377 domi
607 317 748 378 seditione
772 316 969 397 deliqueraut;
1000 316 1147 379 tributum·

142 421 200 484 qpe
213 402 428 482 Apamensibus
444 409 635 463 terraemotu
653 402 801 462 convolsis
817 403 849 461 iu
864 402 1087 482 quinquennium
1101 421 1147 462 re·

142 505 268 549 mrssum.

204 573 254 633 59.
280 571 321 632 At
336 569 471 641 Claudius
488 570 657 630 saevissima
673 586 810 648 quaeque
825 585 962 648 promere
977 568 1149 648 adigebatur

143 656 270 716 eiusdem
281 655 464 735 Agrippinae
484 653 609 731 artibus,
637 671 712 733 quae
736 653 876 713 Statilium
896 651 1020 714 Taurum
1043 653 1149 734 opibus

142 739 291 800 inlustrem
320 739 413 800 bortis
437 741 499 799 eius
520 736 631 798 inhians
652 739 794 818 pervertit
819 745 974 798 accusante
998 737 1149 816 Tarquitio

142 824 255 886 Prisco.
286 824 401 902 legatus
425 823 450 883 is
471 822 558 884 Tauri
579 822 709 883 Africam
730 820 853 902 imperio
878 821 1081 902 proconsulari
1102 841 1148 882 re·

119 911 256 986 egentis,
279 917 433 986 postquam
448 915 639 985 revenerunt,
664 923 758 986 pauca
778 907 1002 986 repetundarum
1018 905 1149 984 crimina,

143 1001 270 1053 ueterum
292 993 421 1069 magicas
446 991 666 1071 superstitiones
690 989 864 1051 obiectabat.
895 1009 951 1051 nec
973 991 1023 1052 ille
1043 989 1150 1050 diutius

141 1075 245 1137 laisum
266 1083 484 1152 accusatorem,
512 1074 646 1153 indignas
670 1073 774 1134 sordes
794 1092 971 1154 perpessus,
993 1075 1051 1136 rim
1071 1075 1149 1135 uitae

142 1177 212 1220 suae
232 1161 326 1220 attulit
345 1167 412 1220 ante
433 1161 602 1220 sententiam
617 1167 744 1221 senatus.
778 1157 943 1238 Tarquitius
957 1167 1051 1221 tamen
1068 1160 1150 1218 ouria

143 1253 263 1306 exactus
280 1253 333 1322 est,
349 1243 426 1322 quod
439 1252 537 1323 patres
550 1242 617 1304 odio
629 1243 767 1305 delatoris
779 1251 880 1304 contra
894 1243 1027 1304 ambitum
1039 1241 1148 1322 Agrip

108 1329 230 1408 rapinae
244 1330 408 1408 pervicere.

205 1413 257 1475 60.
283 1412 395 1474 Eodem
417 1428 491 1473 anno
517 1413 636 1491 saepius
661 1411 756 1473 audita
781 1427 838 1471 von
863 1411 1021 1491 principis,
1048 1427 1149 1496 parem

141 1497 199 1556 rim
220 1515 316 1558 rerum
336 1495 498 1557 habendam
522 1513 539 1556 a
562 1496 802 1574 procuratoribus
824 1497 884 1556 suis
906 1495 1095 1556 iudicaturum
1113 1513 1150 1556 ac

142 1583 167 1642 si
181 1583 246 1660 ipse
261 1582 418 1642 statuisset.
447 1598 484 1641 ac
497 1597 534 1640 ne
548 1580 667 1640 fortuito
682 1580 838 1660 prolapsus
852 1579 1016 1654 videretur,
1032 1589 1149 1640 senatus

102 1656 106 1666 ’
143 1683 258 1745 quoque
276 1665 410 1725 consulto
427 1671 540 1727 cautum
555 1663 669 1744 plenius
684 1681 769 1743 quam
784 1671 869 1726 antea
885 1672 914 1724 et
927 1662 1055 1725 uberius.
1084 1681 1149 1724 narn

120 1750 227 1810 adivus
245 1747 403 1833 Augustus,
417 1747 492 1826 apud
513 1755 681 1826 equestres,
702 1751 751 1826 qui
772 1747 912 1828 Aegypto
937 1747 1150 1828 praesiderent,

142 1833 211 1911 lege
237 1833 286 1910 agi
307 1832 603 1910 decretaqueeorum
623 1832 744 1910 perinde
772 1830 873 1893 baberi
899 1834 1036 1910 iusserat,
1065 1832 1150 1892 acsi

142 1917 326 1994 magistratus
340 1917 463 1977 Romani
481 1916 712 1987 constituissent;
735 1933 804 1977 mox
819 1917 892 1977 alias
908 1935 960 1996 per
982 1916 1151 1996 provincias

144 2011 173 2062 et
189 2001 217 2060 iu
236 1999 309 2062 urbe
329 1999 471 2078 pleraque
493 2017 635 2061 concessa
656 2009 737 2078 sunt,
755 1995 835 2080 'quae
848 1999 918 2062 olim
933 2020 950 2064 a
963 1999 1150 2081 praetoribus

143 2083 348 2146 noscebantur.
389 2081 526 2144 Olaudius
541 2101 626 2144 omne
641 2086 685 2144 ius
699 2081 832 2161 tradidit,
855 2084 892 2146 de
908 2100 965 2165 quo
980 2085 1088 2146 totiens
1103 2102 1149 2144 se-

109 2170 253 2231 reditione
279 2177 327 2230 aut
350 2169 437 2230 armis
463 2176 618 2246 certatum,
648 2187 712 2230 cum
741 2170 921 2248 Semproniis
948 2166 1151 2248 rogationibus

144 2261 282 2335 equester
301 2252 373 2314 ordo
390 2254 418 2312 in
434 2255 625 2333 possessione
646 2254 817 2316 iudiciorum
830 2253 995 2332 locaretur,
1017 2262 1064 2315 aut
1086 2271 1149 2313 rur-

144 2357 204 2399 sum
220 2338 363 2399 Serviliae
384 2337 469 2414 leges
484 2337 594 2398 senatui
614 2337 717 2399 iudicia
741 2337 914 2415 redderent,
936 2337 1102 2418 blariusque
1120 2346 1150 2397 et

144 2421 224 2484 Sulla
242 2423 309 2482 olim
329 2421 365 2482 de
381 2437 417 2482 eo
433 2420 484 2484 vel
499 2422 658 2500 praecipue
676 2421 830 2484 bellarent.
868 2421 921 2486 sed
935 2431 1002 2482 tuuc
1018 2423 1149 2484 ordinum

143 2507 259 2568 diversa
275 2506 384 2581 studia,
401 2513 430 2566 et
445 2505 798 2586 quaeevicerantpublice
812 2505 958 2568 valebant.
990 2505 1023 2568 (i.
1038 2505 1151 2586 Oppius

109 2601 172 2651 met
189 2589 343 2652 cornelius
361 2588 469 2650 balbus
487 2591 568 2668 primi
586 2587 721 2652 Caesaris
738 2591 843 2670 opibus
861 2600 985 2671 potuere
1002 2591 1149 2652 condicio·

142 2693 196 2735 nes
211 2675 293 2753 pacis
309 2683 338 2734 et
352 2671 470 2734 arbitria
483 2672 553 2734 belli
568 2683 704 2736 tractare.
733 2675 838 2737 blatios
855 2674 979 2754 posthac
994 2685 1023 2736 et
1039 2674 1151 2738 Vedios

144 2768 174 2819 et
202 2767 300 2820 cetera
326 2759 452 2837 equitum
473 2757 669 2820 Romanorum
698 2760 867 2842 praevalida
895 2759 1010 2820 nomina
1036 2759 1151 2821 referre

143 2837 213 2904 nibil
238 2844 399 2920 attinuerit,
428 2859 492 2903 cum
513 2840 650 2903 claudius
670 2841 809 2922 libertos,
843 2861 918 2923 quos
946 2845 989 2904 rei
1014 2843 1150 2906 familiari

144 2927 345 3008 praefecerat,
362 2925 476 3006 sibique
492 2936 520 2987 et
535 2921 650 3004 legibus
665 2927 882 3008 adaequaverit.
1057 2925 1059 2930 ’

206 3013 257 3074 61.
279 3009 403 3073 Rettulit
425 3009 493 3072 dein
517 3009 554 3072 de
575 3012 740 3074 inmunitate
762 3011 833 3074 Cois
853 3011 1020 3088 tribuenda,
1049 3012 1149 3074 multa·

143 3115 200 3177 que
215 3115 305 3178 super
320 3096 489 3174 antiquitate
504 3113 603 3156 cortun
620 3097 805 3159 memoravit:
827 3095 958 3175 Argivos
973 3094 1022 3156 vel
1040 3095 1152 3157 Goeutn

142 3181 270 3243 Latonae
290 3187 442 3260 parantem
460 3181 674 3243 vetustissimos
698 3182 809 3243 insulae
838 3181 981 3252 cultorem
1010 3196 1078 3242 rnox
1103 3181 1151 3242 ad·

143 3273 230 3327 ventu
254 3263 427 3344 Aesculapii
452 3273 543 3326 artem
569 3265 703 3328 medendi
728 3265 846 3330 inlatam
869 3264 1050 3348 maximeque
1076 3266 1155 3324 inter

122 3359 282 3426 aposteros
303 3349 365 3411 eius
390 3348 539 3412 celebrem
559 3350 665 3428 luisse,
686 3352 802 3413 nomina
823 3349 1003 3430 singulorum
1017 3349 1154 3412 referens

145 3439 175 3491 et
190 3432 294 3510 quibus
310 3435 431 3514 quisque
451 3431 593 3496 aetatibus
607 3435 778 3513 viguissent
815 3435 882 3524 quin
900 3435 985 3496 etiarn
1000 3432 1071 3495 dixit
1091 3433 1151 3494 Xe·
