2546 3872
181 171 219 230 10
403 175 570 224 CORNELII
585 176 703 226 tumst
716 175 956 253 msuottmtttttt

179 331 419 410 Claudiorumque
448 330 533 392 domo
560 332 696 408 optimum
723 348 866 410 quemque
894 328 1013 411 adoptio
1038 329 1168 389 inveniet.

179 434 242 476 nam
256 415 392 492 generari
413 423 443 474 et
459 417 540 475 nasci
559 431 575 474 a
591 412 769 492 principibus
783 414 944 491 fortuitum,
969 430 1026 473 neo
1040 412 1113 472 ultra
1127 429 1168 472 ae·

143 502 322 559 ¹⁰stimatur:
345 497 502 576 adoptandi
523 497 657 557 iudicium
676 498 835 575 integrum,
860 505 889 556 et
910 497 935 556 si
956 496 1032 556 velis
1053 497 1169 573 eligere,

179 599 322 643 consensu
336 590 520 641 monstratur.
543 583 580 641 sit
594 590 661 640 ante
675 579 779 641 oculos
793 579 882 659 Nero,
900 597 984 658 quom
1000 580 1089 658 longa
1105 578 1170 638 llae-

177 683 272 726 sarum
295 666 371 724 serie
394 672 546 724 tumentem
567 681 624 724 non
639 663 755 726 Vindex
773 681 836 724 cum
851 663 951 724 inermi
966 664 1115 742 provincia
1130 670 1172 721 aut

178 765 236 826 ego
253 765 385 808 eumuna
401 747 535 828 legione,
558 747 611 808 sed
627 765 678 808 sua
695 749 870 825 immanitas,
891 765 942 806 aua
958 747 1069 808 luxuria
1086 747 1172 806 cervi·

179 831 260 892 cibus
276 830 400 909 publicis
418 830 603 910 depulerunt;
625 849 721 910 neque
742 839 804 892 erat
822 828 918 890 adhuc
933 829 1055 890 damnati
1071 829 1171 910 prinoi-

144 916 226 994 ¹tpls
250 914 424 993 exemplum,
457 932 512 975 nos
537 914 615 974 bello
640 923 669 974 et
690 913 726 975 ab
750 912 966 974 aestimantibus
987 912 1089 974 adsciti
1117 928 1173 972 cnm

177 996 283 1057 invidia
298 998 427 1076 quamvis
443 999 556 1075 egregii
570 999 684 1058 erimus.
719 1016 756 1058 ne
776 1007 871 1059 tamen
891 997 1008 1056 territus
1029 997 1136 1074 lucris,
1154 995 1174 1054 sl

178 1081 251 1141 duae
267 1079 401 1156 legiones
416 1081 445 1139 in
459 1079 517 1141 hoc
531 1081 667 1140 concussi
688 1080 768 1142 orbis
782 1089 861 1141 motu
874 1079 999 1141 nondum
1016 1082 1173 1159 quiescunt:

177 1181 215 1222 ns
230 1163 295 1241 ipse
313 1163 425 1242 quidem
442 1163 477 1224 ad
489 1181 611 1224 securas
634 1181 683 1224 res
706 1165 836 1242 necessi,
858 1172 888 1224 et
909 1163 1003 1224 audita
1024 1163 1174 1244 adoptione

178 1245 306 1306 desinam
324 1246 417 1306 videri
435 1264 543 1325 senex,
568 1246 645 1326 quod
666 1265 741 1308 nunc
756 1248 823 1308 milri
838 1265 922 1307 unum
938 1246 1073 1307 obicitur.
1102 1247 1173 1308 Nero

142 1339 195 1390 tta
211 1332 339 1408 pessimo
357 1346 474 1410 quoque
488 1349 605 1410 semper
625 1329 851 1393 desiderabitur:
874 1329 942 1390 milri
963 1347 997 1390 uc
1019 1330 1072 1390 tibi
1088 1331 1171 1412 proul-

178 1412 299 1474 dendum
324 1421 369 1474 est
391 1431 428 1473 ne
449 1416 534 1476 etiam
556 1433 573 1475 a
592 1413 675 1475 bonis
700 1413 889 1475 desideretur.
932 1430 1053 1474 monere
1080 1415 1173 1475 diutius

177 1515 273 1575 neque
289 1499 428 1576 temporis
446 1498 546 1576 huius,
562 1507 591 1559 et
606 1498 753 1577 impletum
768 1507 813 1564 est
829 1514 913 1558 omne
930 1497 1098 1577 consilium,
1117 1500 1140 1557 sl
1151 1505 1175 1555 te

177 1581 253 1640 bene
269 1580 358 1659 elegi.
388 1581 555 1641 utilissimus
576 1581 650 1641 idem
672 1599 708 1642 ac
729 1580 916 1642 brevissimus
937 1580 1078 1642 bonarum
1098 1580 1174 1642 mala·

177 1681 297 1742 rumque
316 1681 412 1723 rerum
434 1663 557 1725 dilectus
580 1673 641 1743 est,
663 1666 795 1742 cogitare
817 1663 885 1744 quid
910 1673 958 1726 aut
978 1664 1109 1726 volueris
1129 1660 1175 1724 sub

142 1754 168 1795 ’ὁ
179 1747 236 1806 alio
252 1747 384 1826 principe
399 1756 447 1806 aut
461 1747 606 1817 noluerls;
629 1765 724 1827 neque
742 1749 815 1808 enim
832 1748 897 1827 hic,
912 1757 943 1808 ut
957 1748 1094 1826 gentibus
1109 1760 1176 1828 quae

55 1847 59 1856 ’
101 1822 103 1836 ¹
177 1838 352 1906 regnantur,
375 1828 655 1909 certa-dominorum
677 1831 778 1891 domus
796 1841 825 1893 et
841 1833 931 1892 ceteri
946 1832 1043 1911 servi,
1067 1833 1118 1893 sed
1133 1832 1174 1889 in·

178 1919 331 1991 peraturus
353 1929 387 1971 es
412 1912 574 1972 hominibus
597 1915 644 1992 qui
665 1931 721 1975 noc
743 1923 830 1976 totam
852 1915 1019 1975 servitutem
1042 1916 1102 1996 pati
1115 1929 1175 1994 pos·

179 2003 244 2054 sunt
263 2011 319 2053 nec
337 2003 426 2054 totam
448 1995 634 2056 libertatem!
667 2005 695 2056 et
709 1997 800 2059 Galba
822 1997 934 2077 quidem
956 1997 1031 2059 haec
1052 1995 1175 2068 actalia,

178 2088 321 2220 tamquam
340 2079 501 2158 principem
523 2080 653 2158 laceret,
677 2082 767 2142 ceteri
791 2090 933 2160 tamquam
958 2099 1021 2141 cum
1045 2083 1124 2144 lacto
1139 2078 1175 2138 lo·

144 2175 237 2242 toque
258 2170 349 2221 antur.

243 2246 292 2304 17.
312 2243 446 2304 Pisonem
470 2245 679 2310 leruntstatim
699 2246 874 2307 intuentibus
898 2257 927 2308 et
948 2265 1016 2309 mox
1041 2245 1174 2310 coniectis

179 2327 208 2386 in
230 2345 293 2387 eum
317 2329 441 2388 omnium
462 2328 555 2388 oculis
576 2327 682 2389 nullum
703 2328 808 2389 turbati
834 2340 882 2391 aut
908 2331 1078 2392 exsultantis
1098 2326 1175 2391 animi

179 2420 285 2471 motum
308 2411 483 2490 prodidisse.
515 2429 610 2473 sermo
632 2429 705 2490 erga
724 2421 834 2491 patrem
855 2415 1118 2494 imperatoremque
1134 2427 1174 2472 re·

178 2512 301 2572 venans,
329 2493 365 2555 de
386 2513 420 2555 se
441 2495 620 2565 modemtus;
642 2494 713 2554 nihil
727 2497 755 2555 in
769 2496 850 2556 voltu
864 2495 1021 2576 habituque
1037 2503 1173 2567 mutatum,

153 2580 262 2657 uquasi
279 2579 424 2657 imperare
438 2588 540 2657 posset
558 2579 650 2656 magis
672 2595 756 2656 quam
770 2579 870 2640 vellet.
901 2581 1091 2641 consultatum
1105 2577 1173 2651 inde,

179 2664 351 2740 prorostris
372 2679 408 2722 au
427 2661 455 2721 in
475 2672 576 2723 senatu
599 2680 635 2722 an
655 2663 683 2722 in
707 2664 809 2723 castris
826 2662 945 2743 adoptio
959 2670 1172 2744 nuncuparetur.

179 2745 255 2804 iritn
277 2755 372 2805 castra
392 2744 516 2822 placuit:
537 2745 726 2806 bonorillcum
746 2745 774 2806 id
795 2746 932 2809 militibus
954 2748 1039 2824 lore,
1062 2759 1172 2826 quorum

178 2826 309 2888 levorem
325 2836 356 2887 ut
376 2828 531 2906 largitione
553 2837 581 2888 et
604 2827 709 2889 ambitu
724 2830 801 2891 male
816 2830 942 2910 adquiri,
967 2831 1005 2890 ita
1021 2848 1075 2909 per
1090 2829 1172 2888 bonas

180 2918 258 2971 artes
274 2910 349 2972 haud
365 2911 568 2990 spernendum.
599 2913 829 2976 circumsteterat
850 2915 964 2974 interim
979 2912 1115 2974 Palatium
1128 2926 1171 2989 pu·

146 3004 171 3048 to
180 2993 257 3054 blica
277 2996 459 3074 expectatio,
478 2997 575 3074 magni
590 2998 697 3057 secreti
712 2997 869 3076 inpatiens;
891 3007 920 3058 et
935 2996 1010 3058 male
1026 2995 1169 3057 coercitam

179 3077 282 3138 lamam
298 3080 510 3157 supprimentes
525 3079 681 3157 augebant.

119 3161 289 3223 “rw-*248
311 3161 447 3238 Quartum
463 3163 526 3224 idus
542 3161 705 3240 lanuarias,
721 3162 837 3224 loedum
852 3163 989 3225 imbribus
1004 3164 1091 3241 diem,
1107 3157 1169 3219 toui-

179 3250 242 3303 trua
264 3253 293 3304 et
315 3245 429 3322 lulgnra
453 3256 482 3307 et
497 3246 641 3307 caelestes
656 3249 749 3308 minae
765 3247 839 3308 ultra
857 3248 972 3310 solitum
986 3247 1169 3308 turbaverant.

180 3322 362 3388 observatum
377 3328 406 3389 id
422 3331 575 3409 antiquitus
591 3331 713 3390 comitiis
735 3329 900 3393 dirimendis
922 3350 980 3394 non
1000 3331 1099 3392 terruit
1112 3320 1169 3385 uat-

179 3401 243 3465 bam
258 3425 316 3486 quo
333 3412 424 3471 minus
440 3414 468 3472 in
492 3422 586 3474 castra
603 3422 758 3493 pergeret,
782 3424 1010 3496 contemptorem
1031 3413 1123 3475 talium
1143 3411 1170 3462 ut
