2570 3878
152 157 213 218 214
411 165 903 216 coauuunuacrrunuunururn

152 291 336 387 Pharasmani
375 322 449 382 lilius
472 325 586 385 nomine
610 321 807 398 Radamistus,
838 320 946 381 decora
970 320 1158 399 proceritate,
1275 337 1276 340 ’

153 413 182 470 vi
202 408 337 488 corporis
351 407 473 484 insignis
498 418 526 470 et
542 408 743 488 patrissantes
759 405 898 481 edoctus,
925 403 1063 484 claraque
1085 406 1159 468 inter

155 491 273 556 accolas
292 493 377 552 lama.
413 493 438 551 is
460 493 605 554 modicum
625 489 763 552 Hiberiae
786 505 914 568 regnumv
931 497 1050 550 senecta
1070 492 1160 568 patris

120 597 146 640 ro
155 577 279 639 detineri
302 576 431 638 ferocius
455 578 644 655 crebriusque
670 574 811 652 iactabat,
836 590 921 652 quarn
941 581 972 633 ut
997 573 1159 653 cupidinem

156 661 325 724 occultaret.
360 661 450 738 igitur
464 662 674 723 Pharasmanes
692 659 826 719 iuvenem
842 657 990 735 potentiae
1009 666 1159 738 promptae
1274 681 1276 722 ÷

155 757 184 806 et
211 745 307 806 studio
330 745 512 826 popularium
530 747 707 822 accinctum,
728 741 920 822 vergentibus
934 743 991 802 iam
1005 743 1086 804 aunis
1102 743 1161 803 suis

153 839 296 906 metuens,
311 829 396 890 aliam
407 829 443 890 ad
455 849 538 912 spem
550 829 666 891 trahere
679 837 708 890 et
719 828 883 889 Armeniam
896 835 1053 906 ostentare,
1070 827 1161 906 pulsis
1275 827 1276 830 ’

155 913 268 976 Parthis
285 912 378 974 datam
392 905 548 976 blithridati
564 933 580 975 a
596 921 688 975 semet
703 911 906 974 memorando:
931 910 983 972 sed
1005 913 1062 972 vim
1079 911 1160 972 dide·

119 997 272 1062 urendam
291 1005 319 1058 ct
340 999 483 1078 potiorem
498 998 613 1076 dolum,
637 1013 693 1077 quo
717 998 860 1058 incautum
882 997 1089 1075 opprimerent.
1123 997 1160 1056 ita

152 1081 334 1143 Radamistus
357 1081 488 1144 simulata
505 1081 644 1144 adversus
660 1091 772 1162 patrem
787 1079 932 1141 discordia
951 1089 1093 1158 tamquam
1110 1097 1160 1141 uo·

152 1183 261 1226 vercae
280 1164 355 1225 odiis
378 1167 471 1246 impar
486 1167 585 1247 pergit
599 1166 635 1227 ad
656 1175 803 1245 patruum,
826 1164 971 1243 multaque
994 1162 1029 1225 ab
1051 1181 1086 1224 eo
1111 1181 1159 1224 co·

152 1252 251 1310 mitate
273 1249 302 1308 in
327 1251 458 1330 speciem
477 1250 599 1312 liberum
620 1250 713 1311 cultus
735 1250 878 1330 primores
900 1249 1104 1310 Armeniorum
1126 1246 1160 1309 ad

153 1353 201 1395 res
218 1349 311 1395 nouas
328 1334 430 1412 inlicit,
445 1336 553 1415 ignaro
571 1343 600 1396 et
615 1343 736 1396 ornante
750 1335 871 1412 insuper
884 1332 1058 1394 Mithridate.

214 1417 266 1479 45.
286 1417 546 1481 Reconciliationis
574 1420 677 1499 specie
704 1418 853 1498 adsumpta
879 1435 1093 1496 regressusque
1125 1416 1160 1478 ad

153 1512 283 1584 patrem,
302 1521 377 1582 quae
392 1504 494 1565 fraude
510 1504 614 1566 coulici
630 1505 792 1582 potuerint,
814 1511 949 1582 prompta
964 1503 1088 1580 nuntiat,
1113 1520 1161 1562 ce·

153 1596 216 1647 tera
229 1587 315 1647 armis
327 1588 525 1667 exsequenda.
542 1588 654 1649 interim
665 1587 875 1650 Pharasmanes
890 1585 961 1647 belli
975 1603 1161 1648 causascon·

154 1671 251 1748 lingit:
268 1671 423 1750 proelianti
439 1671 494 1732 sibi
511 1672 651 1734 aduersus
665 1689 767 1750 regem
778 1669 957 1732 Albanorum
973 1679 1003 1732 et
1013 1671 1162 1733 Romanos

130 1753 262 1815 sauxilio
279 1757 396 1814 vocanti
411 1755 530 1817 fratrem
545 1755 745 1834 adversatum,
763 1772 884 1833 eamque
899 1755 1029 1815 iniuriam
1044 1754 1163 1815 excidio

153 1839 244 1919 ipsius
260 1837 349 1899 ultum
363 1840 481 1910 iturum;
505 1839 588 1900 simul
609 1845 729 1918 magnas
753 1841 854 1920 copias
878 1838 937 1899 lilio
957 1837 1081 1904 tradidit.
1109 1837 1161 1898 ille

152 1922 317 2002 inruptione
333 1920 427 1983 subita
439 1925 568 1985 territum
580 1932 755 2005 erutumque
769 1924 878 2002 campis
886 1921 1070 1985 Mithridaten
1082 1939 1160 1983 com·
1275 1979 1276 2004 ,

154 2005 226 2085 pulit
242 2005 272 2064 in
287 2005 437 2068 castellum
454 2007 601 2086 Gorneas,
625 2017 713 2069 tntum
729 2007 796 2070 loco
813 2025 848 2068 ac
867 2006 1015 2086 praesidio
1031 2007 1161 2084 militum,
1231 2021 1234 2028 ·
1275 2049 1276 2084 ,

46 2105 48 2110 ·
153 2091 217 2170 quis
234 2088 350 2151 Gaelius
368 2089 463 2152 Pollio
479 2093 663 2173 praelectus,
685 2091 815 2155 centurio
823 2091 979 2172 Casperius
994 2099 1162 2168 praeerant.
1196 2135 1207 2146 .

119 2191 143 2234 rc
154 2173 223 2234 nihil
245 2183 302 2234 tam
324 2171 455 2254 ig'narum
470 2176 603 2238 barbaris
625 2195 708 2257 quam
726 2177 953 2238 machinamenta
966 2184 997 2236 et
1012 2184 1090 2236 astus
1108 2191 1163 2254 op·
1275 2211 1276 2236 r

154 2259 376 2337 pugnationum:
399 2269 429 2322 at
449 2260 535 2323 nobis
554 2279 589 2323 ea
611 2279 680 2342 pars
700 2260 818 2322 militiae
840 2262 963 2322 maxime
987 2277 1078 2338 gnara
1102 2267 1161 2320 est.
1275 2291 1276 2340 i

153 2344 192 2402 ita
206 2341 389 2404 Radamistus
405 2343 512 2407 frustra
526 2345 575 2405 rel
593 2363 657 2406 cum
672 2345 774 2407 damno
791 2345 936 2423 temptatis
955 2343 1163 2405 munitionibus
1275 2345 1276 2370 ²

155 2425 296 2488 obsidium
317 2429 431 2507 incipit;
456 2439 569 2491 etcum
590 2431 635 2489 vis
657 2429 881 2508 neglegeretur,
906 2430 1054 2490 avaritiam
1077 2446 1162 2507 prae·
1275 2453 1276 2474 u

153 2511 224 2570 lecti
240 2520 416 2589 emercetur,
441 2513 606 2575 obtestante
623 2512 764 2593 Casperio
787 2533 824 2577 ne
843 2513 941 2576 socius
960 2531 1029 2594 rex,
1051 2531 1088 2574 ne
1105 2513 1163 2572 Ar·

120 2595 248 2654 romania
268 2593 372 2656 donum
394 2597 493 2677 populi
507 2597 631 2660 Romani
645 2597 760 2661 scelere
784 2607 813 2658 et
828 2598 952 2678 pecunia
967 2605 1164 2660 verterentur.

154 2686 303 2756 postremo
318 2681 385 2758 quia
400 2677 606 2744 multitudinem
625 2682 750 2743 hostium
765 2681 877 2760 Pollio,
901 2683 981 2744 iussa
996 2683 1088 2762 patris
1104 2681 1164 2743 Ra·

153 2763 290 2823 damistus
306 2764 516 2844 obtendebant,
537 2776 640 2846 pactus
658 2767 782 2828 indutias
798 2766 946 2845 abscedit,
961 2777 1001 2845 ut,
1017 2768 1072 2828 nisi
1085 2765 1161 2828 Pha·

152 2863 315 2908 rasmanem
337 2847 418 2910 bello
435 2849 657 2928 absterruisset,
674 2851 845 2914 Ummidium
860 2852 1035 2928 Quadratum
1050 2853 1163 2932 praesi-

153 2928 218 2990 dem
233 2932 335 2993 Suriae
351 2933 471 2994 doceret
488 2952 545 3014 quo
559 2936 589 2994 in
603 2944 679 2997 statu
694 2936 831 2999 Armenia
844 2937 933 2998 foret.
1170 2929 1175 2938 ’

216 3015 267 3076 46.
293 3014 436 3095 Digressu
461 3019 638 3080 centurionis
660 3020 740 3080 velut
762 3019 884 3083 custode
899 3020 1052 3082 exsolutus
1075 3040 1162 3102 prae·

153 3099 249 3158 fectus
264 3097 374 3161 hortari
387 3101 570 3164 Mithridaten
585 3103 621 3165 ad
636 3104 820 3166 sanciendum
834 3105 956 3184 foedus,
982 3106 1164 3167 coniunctio·
1275 3131 1276 3150 2

152 3200 218 3241 nem
230 3181 349 3244 fratrum
363 3204 399 3247 ac
412 3188 541 3266 priorem
559 3196 654 3261 aetate
670 3188 882 3252 Pharasmanen
898 3199 928 3252 et
942 3199 1041 3254 cetera
1056 3207 1162 3252 neces·
1275 3219 1276 3268 j

155 3265 305 3326 situdinum
327 3271 439 3333 nomina
461 3271 611 3349 referens,
624 3272 713 3354 'quod
736 3273 822 3335 liliam
843 3275 906 3358 eius
928 3276 957 3336 in
977 3276 1163 3337 matrimonio
1275 3293 1276 3298 ¹

132 3346 294 3427 chaberet,
310 3353 387 3431 quod
405 3357 470 3434 ipse
485 3355 653 3418 Radamisto
662 3375 758 3420 socer
773 3369 866 3422 esset:
890 3377 949 3420 nou
965 3359 1093 3422 abunere
1109 3377 1163 3439 pa·
1275 3363 1276 3378 ³

155 3447 216 3490 cem
242 3432 368 3506 Hiberos
397 3457 567 3519 quamquam
598 3442 627 3502 in
658 3451 791 3524 tempore
823 3443 997 3518 validioresr
1025 3453 1055 3506 et
1088 3445 1164 3505 satis
