2540 3874
410 119 517 199 maun
531 119 572 202 rr.
596 151 672 200 cur.
688 150 819 206 ta--tt-
1074 145 1111 206 61

113 322 175 366 run
190 311 297 366 eventu
313 312 342 364 et
357 304 392 369 ad
409 314 583 384 postremum
601 308 702 368 eiectis
718 308 853 371 Romanis
870 311 938 371 sutis
955 309 1114 389 probatum,

114 405 206 469 penes
225 397 306 450 utros
320 406 427 454 eumuna
443 387 514 448 belli
528 389 624 450 fuerit.
644 455 647 460 ,
1123 400 1149 442 ²0

174 473 226 534 46.
246 471 350 551 Neque
365 471 560 538 Maroboduus
582 475 713 538 iactantia
733 479 777 536 sui
802 487 849 538 aut
875 478 991 558 probris
1012 480 1040 538 in
1062 479 1249 546 tows

112 565 186 636 stem
207 555 386 634 abstinebat,
416 557 468 616 sed
492 555 705 634 Inguiomerum
732 569 834 622 tenens
861 561 912 622 illo
936 564 963 622 in
988 578 1113 642 corpore

112 639 203 700 decus
234 657 319 700 omne
341 637 569 718 Cheruscorum,
596 640 673 708 illius
695 643 822 704 consiliis
843 655 927 722 gesta
952 663 1025 723 quae
1046 664 1113 725 pro-

110 742 200 804 spere
222 723 382 786 ceciderint
401 723 573 790 testabatur:
598 725 771 790 vaecordem
791 726 949 791 Arminium
970 737 1114 789 etrerum

109 809 242 878 naamam
258 807 380 870 alienam
396 807 518 884 gloriam
533 809 561 872 iu
579 827 611 868 se
628 808 756 886 trabere,
779 813 912 889 quoniam
926 809 930 817 “
943 820 1004 875 trec
1023 829 1135 890 vaguas

111 893 250 969 legiones
267 900 297 958 et
311 889 412 956 ducem
429 891 536 954 iraudis
552 893 682 970 ignarum
695 894 815 974 periidia
828 894 993 974 deceperit,
1010 913 1112 973 magna

110 993 176 1038 caru
197 973 283 1038 clade
300 973 471 1040 Germaniae
493 986 523 1036 et
538 977 693 1054 ignominia
708 995 775 1057 sue,
799 997 862 1040 cum
880 980 1022 1056 coniunx,
1051 997 1112 1040 eum

109 1059 186 1121 iilius
211 1058 274 1120 eius
296 1059 443 1126 seruitium
461 1058 554 1123 adhuc
567 1060 701 1122 tolerent.
733 1070 762 1124 at
777 1079 810 1122 se
826 1062 1111 1140 duodecimlsqioni·

108 1143 165 1204 bas
192 1143 312 1222 petitura
341 1141 416 1205 duce
433 1143 555 1206 ¹'liberio
582 1143 728 1209 inlibatam
757 1144 963 1210 Germanorum
989 1147 1112 1224 gloriam

108 1225 295 1303 amavisse,
311 1244 380 1288 mcx
394 1225 614 1291 condicionibus
626 1231 726 1306 aequis
736 1227 913 1299 discessum
930 1247 1026 1308 neque
1044 1239 1147 1308 pne-1⁰

108 1313 205 1372 nitere
222 1309 301 1388 qnod
319 1310 448 1389 ipsorum
462 1313 491 1370 in
507 1328 589 1375 manu
604 1311 657 1389 sitq
682 1312 824 1390 iateqrum
842 1313 993 1380 advenum
1009 1314 1112 1374 lloma·

107 1411 165 1456 nos
190 1393 301 1458 beilum
323 1411 359 1454 an
382 1411 484 1472 pacem
507 1396 683 1456 incruentam
704 1395 812 1460 malint.
853 1397 898 1466 bis
920 1396 1042 1462 vocibus
1067 1398 1110 1457 in·

107 1480 234 1540 stinctae
248 1477 397 1541 exereitus
412 1479 550 1557 propriae
569 1495 685 1558 queque
701 1497 807 1546 caueae
828 1479 1028 1556 stimulabant,
1050 1497 1113 1540 cum

107 1560 300 1626 schemen
313 1561 569 1641 bchbsrdisque
589 1580 644 1643 pre
660 1565 777 1642 antiquo
795 1563 904 1624 decore
927 1572 975 1630 aut
993 1565 1108 1629 recenti

108 1646 245 1708 libemus
273 1654 303 1706 et
329 1653 429 1710 contra
455 1645 608 1724 augendus
633 1645 817 1710 dominationi
839 1655 1008 1711 certaretur.
1055 1662 1146 1715 nonu
1226 1699 1232 1711 ,

107 1731 183 1791 alias
204 1732 313 1790 maiore
333 1729 410 1790 mole
432 1747 602 1790 coneursum
624 1747 718 1808 neque
741 1731 875 1809 ambiguo
890 1733 982 1808 magis
999 1740 1113 1808 eventu,

107 1815 183 1874 tusis
202 1813 344 1892 utrimque
365 1811 476 1874 dextris
497 1813 648 1882 cornibus;
679 1813 908 1892 sperabaturque
929 1831 1041 1882 rursum
1062 1812 1112 1892 pu·v

105 1915 185 1975 gna,
206 1897 237 1958 ni
250 1895 446 1958 Maroboduus
461 1906 555 1958 castra
570 1899 599 1957 in
617 1895 711 1958 colles
726 1897 919 1962 subduxisset.
957 1897 984 1957 id
1001 1899 1113 1976 siquam

107 1980 239 2061 perculsi
264 1979 330 2050 tutu
361 1989 391 2040 et
409 1980 578 2058 transfugiis
600 1979 736 2060 paulatini
758 1979 880 2046 noturus
903 1982 931 2045 iu
954 1981 1112 2050 muscum·

105 2083 165 2126 nos
187 2063 334 2125 concessit
354 2065 488 2142 misitque
504 2064 619 2142 legatos
635 2063 671 2126 ad
686 2063 831 2130 Tiberium
849 2073 982 2130 creturus
997 2065 1112 2127 auxilia.
1123 2077 1147 2117 u

103 2165 284 2228 responsum
305 2156 351 2208 est
370 2165 428 2210 non
446 2149 509 2208 iure
533 2166 598 2210 eun
617 2147 758 2210 adversus
776 2146 944 2216 Cheruscas
964 2166 1042 2212 arina
1057 2148 1112 2208 llo·

102 2249 193 2294 mana
216 2235 371 2310 menoare,
400 2232 447 2310 qul
469 2233 625 2310 pugnantis
643 2233 672 2293 in
692 2231 815 2296 eundern
833 2230 947 2296 husten
966 2231 1113 2294 Romaene

102 2315 190 2377 nulla
208 2333 265 2396 ope
280 2315 409 2376 iuvisset.
441 2316 546 2378 missua
561 2324 655 2376 tamen
669 2314 796 2393 limene,
811 2324 842 2375 ut
856 2314 1031 2392 anulinus,
1048 2315 1113 2393 paci

21 2411 22 2444 ³
102 2403 247 2461 firmator.

21 2479 23 2510 ¹
172 2484 225 2543 47.
253 2481 364 2544 Eodem
391 2499 467 2550 anun
491 2481 643 2544 duodecim
665 2482 800 2544 celebres
825 2481 914 2542 Asiae
937 2481 1025 2540 urbes
1046 2497 1113 2542 con-

102 2569 212 2646 lapsae
238 2575 380 2628 nocturno
407 2574 485 2626 motu
518 2573 629 2643 terrae,
660 2584 717 2644 quo
743 2565 919 2644 inprovisior
939 2565 1114 2643 grauiorque

103 2651 206 2733 pestis
230 2650 306 2719 init„
343 2665 438 2728 neque
468 2649 582 2708 solitum
611 2649 641 2708 in
674 2649 723 2710 tali
751 2666 820 2710 casu
845 2647 989 2724 edacium
1008 2647 1113 2708 subre-

102 2733 222 2811 nisbut,
241 2735 275 2795 in
303 2741 407 2812 eperta
433 2731 654 2812 prorumpendi,
685 2733 750 2811 quis
782 2732 903 2794 diductis
929 2732 1016 2792 terrie
1045 2730 1114 2802 buu·

102 2818 265 2880 riebastur.
321 2815 435 2876 sedisse
463 2817 609 2878 inmensos
639 2825 768 2893 nentes,
800 2816 863 2876 visa
883 2814 911 2879 iu
931 2814 1021 2876 arduo
1041 2829 1137 2894 quaer

103 2902 197 2983 plena
211 2901 326 2976 inerint,
345 2899 490 2961 effulsisse
504 2901 579 2976 inter
594 2900 703 2960 ruinam
717 2900 801 2976 ignes
816 2907 984 2962 memorant.
1014 2917 1112 2977 usper-

101 2987 180 3047 rima
206 2987 236 3045 iu
258 2983 415 3045 Sardianos
445 2983 509 3043 lues
532 2982 680 3063 plurimum
701 2983 729 3044 in
755 2983 875 3046 eoadem
896 2983 1117 3047 misericordiae

104 3072 208 3131 traxit:
233 3085 298 3130 nam
321 3069 452 3128 centiens
476 3068 639 3129 sestertium
661 3066 811 3148 pollicitus·
831 3066 956 3143 Caesar,
980 3077 1009 3127 et
1025 3085 1113 3146 quau·

106 3163 166 3214 tum
177 3153 293 3215 aerario
304 3161 353 3213 aut
364 3153 436 3212 deco
450 3149 625 3230 pendebant,
641 3153 668 3212 in
679 3141 907 3232 *quinquennium
914 3152 1032 3210 remisit.
1055 3150 1109 3218 blo

107 3247 213 3315 gomer
229 3256 247 3298 a
261 3236 364 3316 Sipylo
376 3235 501 3315 proximi
518 3234 619 3296 damno
636 3236 814 3299 reremedio
831 3235 930 3298 babiti.
967 3233 1113 3308 Teneion,
1126 3242 1150 3283 to

108 3320 371 3402 Pbiladelpberros,
396 3317 564 3397 degentes,
584 3318 847 3399 Apollonidenses,
870 3319 975 3397 quique
989 3316 1114 3376 Mosteni

111 3415 157 3464 ast
175 3404 355 3466 Macedones
377 3403 505 3480 Hyrcani
528 3412 683 3478 vocantur,
715 3411 744 3463 et
764 3400 1030 3473 Hierocaesariam,
1054 3397 1113 3467 itr-
