2540 3874
414 205 519 256 nurum
533 207 584 255 111.
602 209 677 256 our.
691 207 811 262 as-se.
1065 199 1106 261 95

105 361 238 422 intentius
258 369 415 421 excusante
443 380 476 422 se
501 361 628 442 Lepido,
656 381 718 423 oum
741 365 931 427 valetudinem
963 369 1107 446 corporis,

104 453 226 508 aetatem
249 443 383 522 liberum,
406 444 531 506 nubilem
557 446 641 506 liliam
662 447 848 527 obtenderet,
873 449 1106 528 intellegeretur·

104 547 158 609 que
175 527 260 588 etiam
276 529 353 607 quod
377 529 497 607 silebat,
522 531 691 590 avunculum
712 550 781 592 esse
797 533 893 594 Seiani
911 533 1045 606 Blaesum
1065 544 1105 596 at-

103 631 158 693 que
182 612 446 692 eopraevalidum.
485 613 636 692 rospondit
655 614 776 675 Blaesus
803 619 905 696 specie
933 621 1105 696 recusantis,

101 696 153 758 sed
167 713 263 777 neque
278 696 379 757 eadem
390 696 621 776 adseveratione,
641 707 669 758 et
684 700 1013 762 consensuadulantium
1032 701 1104 764 baud

10 829 12 864 ,
101 781 213 842 adiutus
231 790 286 842 est.
1116 799 1139 843 re

10 919 12 938 ,
112 865 115 871 ’
162 863 213 928 36.
237 863 321 924 Exim
349 874 510 946 promptum
545 865 622 946 quod
646 867 798 927 multorum
823 869 927 928 intimis
954 871 1102 946 questibus

101 948 263 1027 tegebatur.
294 948 448 1010 incedebat
465 953 538 1010 enim
555 950 709 1011 deterrimo
726 953 829 1030 cuique
853 952 968 1014 licentia
989 952 1103 1032 impune

100 1033 206 1114 probra
222 1041 251 1092 et
267 1032 400 1094 invidiam
421 1034 448 1093 in
470 1034 563 1095 bonos
587 1033 729 1096 excitandi
750 1044 865 1114 arrepta
887 1037 1011 1114 imagine
1030 1035 1103 1097 (lae-

10 1137 11 1152 l
99 1117 187 1186 saris;
215 1115 370 1196 libertique
391 1119 475 1193 etiam
498 1135 533 1180 ac
559 1119 636 1178 servi
660 1128 784 1197 patrono
806 1119 853 1179 vel
881 1119 1012 1197 domino,
1040 1139 1102 1182 curn

100 1219 207 1277 voces,
231 1218 295 1262 cum
315 1218 415 1261 manus
429 1201 705 1278 intentarent,ultro
723 1201 932 1263 metuebantur.
964 1204 1050 1282 igitur
1069 1203 1129 1264 (3.5

100 1285 213 1346 Cestius
240 1293 357 1344 senator
389 1285 524 1346 disseruit
553 1287 700 1364 principes
726 1285 839 1365 quidem
866 1287 956 1347 instar
981 1287 1101 1347 deorum

99 1389 182 1446 esse,
205 1368 257 1429 sed
272 1385 399 1448 nequeo
421 1369 463 1430 dis
485 1369 539 1428 nisi
566 1370 654 1429 iustas
680 1371 842 1449 supplicum
869 1388 973 1448 preces
1001 1371 1101 1449 audiri,

10 1465 12 1520 t
98 1470 194 1534 neque
214 1469 384 1532 quemquam
407 1454 435 1513 in
457 1451 630 1530 Capitolium
655 1452 749 1516 aliave
770 1453 849 1513 urbis
875 1454 981 1532 templa
1004 1455 1101 1534 periu-

97 1555 182 1618 gere,
199 1545 229 1596 ut
244 1554 281 1597 eo
297 1537 426 1598 subsidio
443 1535 477 1596 ad
493 1537 602 1614 flagitia
618 1545 719 1598 utatur.
750 1536 873 1597 abolitas
894 1537 979 1616 leges
995 1549 1023 1599 et
1038 1541 1101 1600 iuu-

98 1623 172 1683 ditus
189 1639 306 1697 versas,
323 1621 371 1682 ubi
386 1621 415 1680 in
432 1621 515 1697 loro,
536 1621 564 1679 in
588 1619 684 1681 limine
698 1622 795 1682 curiae
814 1621 849 1681 ab
872 1621 964 1682 Annia
984 1621 1100 1699 liubila,
1112 1641 1137 1682 uo

98 1709 182 1787 quam
198 1703 305 1768 fraudis
325 1704 378 1766 sub
393 1703 488 1766 iudice
510 1704 719 1782 damnavisset,
745 1705 853 1784 probra
879 1704 933 1766 sibi
955 1715 983 1766 et
1007 1707 1100 1768 minae

96 1789 292 1867 intendantur,
314 1806 410 1868 neque
424 1791 488 1870 ipse
511 1788 613 1850 audeat
632 1789 677 1854 ius,
697 1789 823 1869 experiri
845 1788 882 1851 ob
904 1789 1030 1868 efigiem
1051 1792 1100 1850 im·
1203 1830 1205 1835 -

97 1875 244 1955 peratoris
259 1875 433 1953 oppositam.
460 1873 541 1936 'baud
557 1872 705 1935 dissimilia
722 1872 768 1934 alii
784 1882 813 1934 et
829 1872 943 1954 quidam
955 1877 1101 1935 atrociora

98 1956 394 2038 circumstrepebant,
433 1957 683 2038 precabanturque
716 1957 838 2017 Drusum
872 1957 953 2018 daret
984 1957 1100 2019 ultionis

97 2041 272 2122 exemplum,
289 2041 384 2102 donec
399 2043 520 2103 accitam
537 2043 756 2121 convictamque
778 2042 890 2101 attineri
913 2040 1027 2119 publica
1052 2058 1099 2102 cu·
1112 2062 1135 2107 ra

97 2126 192 2188 stodia
206 2127 297 2187 iussit.
598 2141 601 2148 ·

160 2211 210 2273 37.
234 2209 272 2271 Et
288 2208 439 2271 Considius
455 2208 575 2289 Aequus
596 2217 625 2269 ot
649 2207 764 2269 Caelius
782 2208 891 2269 Cursor
909 2211 1022 2289 equites
1039 2208 1099 2275 lio·

94 2298 182 2373 mani‚
200 2293 276 2375 quod
301 2295 377 2355 lictis
398 2293 554 2354 maiestatis
578 2292 741 2353 criminibus
760 2293 886 2371 llagium
906 2291 1100 2355 Caecilianum

95 2388 263 2460 praetorem
278 2379 464 2459 petivissent,
487 2385 605 2438 auctore
627 2378 759 2456 principe
780 2395 816 2440 ao
837 2376 958 2437 decreto
983 2384 1100 2436 senatus

94 2463 195 2544 puniti.
222 2471 374 2543 utrumque
389 2463 417 2523 in
435 2459 549 2522 laudem
561 2459 648 2522 Drusi
662 2460 898 2538 trahebaturzab
917 2477 953 2520 eo
972 2459 1001 2519 in
1016 2458 1098 2536 urbe,

17 2575 19 2584 ·
94 2550 171 2608 inter
189 2555 291 2608 coetus
305 2556 334 2608 et
349 2563 500 2628 sermones
515 2546 658 2608 hominum
674 2537 861 2621 obversante,
882 2551 998 2604 secreta
1011 2544 1100 2622 patris
1113 2556 1126 2594 ⁵

93 2632 232 2711 mitigati.
264 2649 358 2712 neque
374 2631 459 2692 luxus
474 2631 502 2690 in
518 2631 622 2691 iuvene
640 2630 714 2691 adeo
727 2627 916 2708 displicebat:
935 2626 992 2688 huc
1004 2629 1099 2707 potius

93 2714 275 2795 intenderet,
292 2716 366 2776 diem
394 2717 662 2792 aedificationibus,
680 2710 950 2786 noctemflconvlviis
962 2711 1104 2787 traheret,

94 2817 182 2882 quam
199 2801 279 2862 solus
295 2809 324 2861 et
338 2799 423 2861 nullis
443 2797 638 2876 voluptatibus
661 2805 799 2859 avocatus
820 2804 957 2856 maestam
980 2794 1100 2876 vigilam
1132 2860 1135 2866 ,

94 2888 164 2947 tiam
181 2894 210 2946 et
224 2885 314 2947 malas
333 2900 418 2944 curas
436 2891 599 2943 exerceret.
1022 2893 1025 2898 ·

162 2966 214 3032 38r
239 2968 304 3030 Non
332 2968 406 3028 enirn
431 2965 584 3043 Tiberius,
611 2982 667 3025 non
698 2971 886 3024 accusatores
916 2960 1100 3022 fatiscebant.

10 3077 17 3095 ·
93 3063 126 3116 et
141 3053 305 3114 Ancharius
318 3052 443 3113 l‘riscus
468 3049 602 3112 Caesium
625 3046 750 3109 Cordum
771 3064 825 3126 pro
853 3046 973 3108 comurle
995 3044 1101 3107 Cretae

92 3137 297 3220 postulaverat
311 3134 489 3215 repetundis,
507 3133 604 3196 addito
621 3129 928 3207 maiestatis'crimine,
945 3130 1028 3210 'quod
1043 3138 1100 3188 turn

93 3223 221 3285 cnutum
250 3221 466 3285 accusationum
496 3218 737 3298 complementum
766 3223 837 3275 erat.
882 3211 991 3274 Caesar
1018 3210 1100 3271 Anti·

93 3307 181 3368 stium
204 3307 344 3368 Veterem
367 3323 384 3366 a
409 3303 585 3385 primoribus
610 3298 813 3376 Macedoniae,
838 3297 1000 3359 absolutum
1023 3293 1126 3352 adul-s

93 3393 174 3467 terii,
190 3391 342 3470 increpitis
356 3387 496 3449 iudicibus
514 3387 549 3448 ad
565 3383 715 3447 dicendam
735 3381 893 3442 maiestatis
916 3393 1031 3472 causam
1055 3392 1116 3452 reg

94 3476 198 3554 traxit,
227 3483 257 3535 ut
283 3472 425 3534 turbidum
452 3480 481 3532 et
506 3466 736 3549 Rhescuporidis
763 3464 892 3526 consiliis
920 3465 1100 3540 permixtum,
