2536 3870
170 151 234 218 23⁰
418 162 584 212 consumi
602 162 720 214 nscuuu
734 162 938 214 acnrconsn

171 330 215 382 rat
229 317 283 396 ita,
301 327 330 379 ιιι
345 317 464 398 primum
479 335 583 395 agmen
597 319 626 380 in
642 334 756 398 aequo,
775 318 867 378 osted
882 335 937 398 per
952 317 1068 380 adclive
1085 319 1186 398 iugum

137 404 277 468 ιιιιιιιιιιί
308 401 386 463 velut
411 404 610 480 insurgerent:
637 402 731 464 media
761 403 856 482 campi
880 403 1065 464 covinnarius
1090 421 1186 483 eques

172 487 295 566 strepltu
310 503 347 548 ao
362 485 495 548 discursu
512 485 687 565 complebat.
720 494 780 546 tuna
798 484 942 562 Agricola
957 495 1118 566 superante
1133 487 1185 548 ho·

172 572 255 632 stium
273 568 451 630 multitudine
468 571 595 648 venitm,
616 588 653 631 uc
674 568 784 649 [simul]
804 569 833 629 iu
850 567 976 630 iroutcm
994 570 1082 630 simul
1099 579 1131 630 st
1145 569 1186 631 la·

172 665 233 716 tora
251 671 368 715 snorum
383 662 578 733 pugnaretur,
599 653 722 714 diductis
737 651 903 732 ordinibus,
924 669 1098 734 quamquam
1115 672 1185 734 por·

172 739 282 799 rectior
303 738 384 799 acies
404 737 500 799 futura
525 745 639 798 enatet
662 732 857 799 arcessendas
882 735 1017 818 plerique
1044 737 1186 815 legiones

138 821 379 901 madmoncbant,
401 821 563 899 promptior
577 821 607 882 in
627 838 710 900 spera
731 827 761 880 et
775 820 873 880 liranus
887 819 1036 897 adversis,
1062 821 1185 883 dimisso

172 923 249 985 cquo
267 903 361 985 pedes
375 913 442 965 aute
457 903 567 966 vexilla
582 905 720 966 constitit.

237 989 288 1050 36.
320 989 366 1050 Ac
383 989 476 1068 primo
500 1005 663 1065 congressu
685 987 796 1049 eminus
818 987 999 1059 certabatnr;
1035 990 1183 1069 simulque

174 1073 354 1148 constantia,
373 1071 457 1132 siurul
473 1079 534 1131 arte
549 1070 679 1133 Britanni
692 1070 858 1150 ingentibus
872 1071 979 1150 gladiis
992 1081 1024 1133 et
1037 1072 1180 1134 brevibus

174 1155 282 1217 caetris
297 1153 418 1214 missilia
429 1164 594 1216 nostrorum
607 1156 700 1217 vitare
714 1154 762 1215 rel
778 1163 929 1232 excutere,
948 1165 1036 1236 atquc
1051 1156 1111 1237 ipsi
1125 1176 1179 1217 nra·

173 1256 259 1318 gnam
273 1240 331 1299 viru
347 1238 470 1299 telorum
490 1238 719 1317 superfundere,
737 1238 832 1300 donec
846 1238 989 1318 Agricola
1006 1238 1173 1302 batavorum

23 1319 29 1331 “
152 1322 314 1385 acchortes
328 1339 365 1383 ac
380 1321 559 1401 Tungrorum
578 1324 649 1384 duas
665 1322 834 1384 cohortatus
853 1332 915 1399 est,
935 1332 967 1384 nt
986 1342 1049 1386 rena
1070 1325 1109 1386 ad
1121 1341 1170 1384 nu·

175 1423 281 1468 cronos
297 1425 333 1468 ao
350 1425 449 1468 manus
465 1407 658 1477 adducerent;
674 1404 753 1487 quod
768 1414 798 1466 et
812 1408 884 1487 ipsis
900 1415 1045 1468 uetustate
1061 1408 1176 1469 militiae

174 1493 363 1553 exercitatum
379 1501 408 1552 et
422 1491 553 1552 hostibus
567 1490 707 1568 inhabile,
723 1508 814 1570 parva
829 1499 911 1552 scuta
927 1501 956 1552 et
967 1506 1106 1552 enormes
1118 1491 1177 1569 gla-

174 1575 238 1636 dios
253 1575 438 1654 gerentibnsc
459 1592 523 1636 uara
541 1575 742 1636 britannorum
756 1574 847 1652 gladii
869 1576 932 1635 siue
945 1593 1088 1637 mucrone
1103 1592 1177 1636 com·

175 1658 294 1738 plexum
309 1675 451 1720 armorum
466 1667 496 1720 et
510 1660 539 1719 in
556 1668 619 1720 arto
635 1677 761 1739 pugnam
774 1674 833 1720 nou
846 1657 1020 1724 tolerabant.
1046 1659 1138 1738 igitur
1151 1668 1179 1717 ut

145 1742 275 1805 tollatavi
291 1743 416 1803 miscere
430 1743 516 1819 ictus,
533 1742 624 1804 lenire
638 1741 824 1817 umbonibus,
840 1758 891 1802 ora
905 1742 1020 1820 iodcre,
1038 1751 1068 1803 et
1082 1743 1178 1804 stroth

175 1826 223 1905 qui
237 1827 268 1885 iu
278 1842 374 1905 aequo
386 1823 566 1903 adstiterunt,
581 1828 700 1904 erigere
715 1828 744 1887 in
760 1824 855 1886 colles
869 1826 962 1888 aciem
973 1843 1115 1906 coepere,
1131 1844 1175 1886 ce
1250 1863 1251 1914 p

110 1947 116 1962 ·
175 1919 256 1970 teras
268 1907 405 1969 cohortes
420 1909 613 1975 aemulatione
628 1920 658 1970 et
671 1911 781 1989 impetn
797 1909 916 1971 conisae
928 1910 1080 1991 proximos
1091 1926 1175 1990 qnos

175 2010 231 2072 que
247 1991 388 2062 caedere:
399 2010 447 2053 ‚ac
464 1993 597 2074 plerique
615 1995 779 2055 semineces
797 2001 846 2054 ιιιι
867 1993 974 2072 integri
991 1994 1177 2055 festinatione

174 2076 317 2138 vintoniae
330 2075 574 2156 relinquebantur.
610 2077 725 2138 interim
739 2078 865 2157 equitum
880 2087 1007 2156 turmae,
1022 2084 1059 2139 at
1072 2077 1178 2156 ingere
1249 2071 1250 2132 l

141 2181 164 2221 a
176 2160 353 2238 covinnarii,
375 2161 501 2240 peditum
521 2178 554 2221 sc
575 2161 690 2240 proelio
709 2161 865 2221 miscuere.
897 2170 927 2221 et
947 2178 1117 2241 quamquam
1133 2179 1177 2224 re·
1244 2177 1250 2238 ι

175 2252 288 2303 centem
304 2251 447 2304 terrorem
461 2245 630 2321 intulerant,
653 2244 751 2305 densis
766 2253 862 2304 tamen
876 2242 1001 2306 hostium
1015 2244 1176 2322 agminibus

175 2335 204 2388 et
228 2327 427 2408 inaequalibus
452 2327 527 2388 locis
548 2327 722 2399 haerebant;
751 2327 924 2407 minimeque
948 2343 1042 2408 aequa
1067 2331 1174 2390 uostris
1248 2369 1249 2380 ι

173 2411 228 2471 iam
246 2429 363 2489 pugnae
382 2411 475 2472 iacies
496 2420 574 2490 erat,
597 2429 767 2489 cum-aegre
803 2411 880 2472 clivo
901 2413 1043 2472 instantes
1091 2411 1172 2473 simul
1248 2423 1249 2452 ³

174 2511 315 2573 equorum
326 2495 500 2576 corporibus
513 2496 747 2574 impellerentur3
764 2513 799 2557 ae
809 2512 901 2574 saepc
914 2496 982 2574 vagi
999 2513 1111 2573 currus,
1127 2513 1173 2556 ex·

140 2579 266 2639 notarriti
278 2580 340 2640 siue
350 2579 515 2640 rectoribus
527 2582 604 2658 equi,
620 2589 651 2640 ut
661 2597 805 2659 quomque
816 2579 942 2640 iorurido
954 2578 1069 2656 tulerat,
1085 2588 1173 2640 trans·

174 2679 280 2722 uersos
297 2671 345 2722 aut
361 2662 464 2723 obuios
479 2662 675 2724 incursabant.

237 2746 288 2806 37.
312 2743 351 2806 llt
364 2746 505 2822 Britanni,
530 2748 577 2825 qui
593 2746 686 2807 adbuc
701 2765 817 2826 pugnae
833 2749 974 2828 expertes
988 2766 1098 2809 summa
1116 2746 1172 2808 col·

173 2829 241 2889 lium
263 2827 430 2890 insederunt
453 2838 482 2890 et
503 2832 676 2910 paucitatem
696 2839 859 2892 nostrorum
883 2833 970 2893 uacui
987 2831 1172 2912 spernebant,
1246 2885 1247 2910 ,

174 2911 296 2989 degredi
313 2912 447 2992 paulatim
463 2923 493 2974 et
506 2915 658 2976 circumire
671 2923 755 2993 terga
770 2916 943 2978 ducentium
961 2925 1131 2995 coeperant,
1146 2916 1173 2974 ni
1246 2915 1247 2972 ἒ

173 2995 202 3056 ld
225 2996 319 3074 ipsum
338 2997 447 3058 veritus
463 2997 604 3076 Agricola
627 3007 761 3078 quattuor
780 3001 906 3078 equitum
927 2999 1005 3076 alas,
1024 2998 1061 3060 ad
1082 2999 1173 3060 subita

152 3078 245 3139 sbelli
266 3088 407 3157 retentas,
431 3081 615 3142 venientibus
636 3083 840 3160 opposuisset,
861 3091 1027 3163 quantoque
1046 3083 1174 3145 ferocius

113 3177 115 3182 ’
174 3162 412 3242 adcucurrerant,
433 3173 512 3226 tanto
533 3167 629 3225 acrius
643 3166 746 3243 pulsos
764 3169 794 3226 in
811 3166 909 3246 fugam
930 3167 1106 3232 disleoisset.
1136 3169 1173 3227 ita

176 3246 325 3308 consilinm
336 3246 535 3310 Britannorum
548 3249 577 3308 iu
594 3250 676 3327 ipsos
692 3268 816 3328 versum,
832 3259 1075 3329 transvectaeque
1091 3269 1171 3330 prac-
1245 3247 1246 3273 ¹

175 3337 262 3404 cepto
279 3329 361 3393 ducis
375 3347 393 3392 a
406 3331 503 3393 lronte
516 3333 701 3412 pugnantium
718 3335 783 3395 alae
798 3352 929 3396 arermrn
941 3334 1065 3397 hostiurn
1082 3335 1170 3396 aciem

173 3409 317 3472 inuasere.
345 3421 404 3475 tum
424 3432 497 3476 vero
513 3415 675 3496 patentibus
690 3417 765 3478 locis
785 3416 896 3496 mande
912 3428 942 3481 et
960 3428 1044 3482 atrox
1058 3427 1170 3498 specta·
