2540 3874
155 145 215 206 116
396 149 562 200 conruunt
578 147 697 196 ruc1ur
712 145 897 194 urrunnun

154 331 210 390 que
223 308 345 371 Danuvii
366 307 514 385 legionum
531 303 603 366 duae
620 305 648 364 in
662 303 823 380 Pannonia,
848 301 923 362 duae
943 301 973 362 in
986 300 1099 362 blocsia
1115 308 1154 362 at·

120 413 145 455 an
153 396 291 470 tinebant,
305 390 425 454 totidem
440 389 517 468 apud
532 388 701 449 Delmatiam
715 386 836 464 locatis,
859 403 933 466 quae
948 387 1045 465 positu
1058 386 1157 464 regio·

155 481 199 542 nis
220 498 237 540 a
258 486 343 555 tergo
365 474 439 551 illis,
462 491 497 534 ac
518 474 542 534 si
557 472 738 552 repentinum
753 471 888 532 auxilium
902 469 983 531 ltalia
1005 478 1158 551 posceret,

46 620 48 628 ,
154 563 229 625 lraud
245 559 348 642 procul
365 558 545 637 accirentur,
566 572 737 636 quamquam
751 554 890 615 insideret
905 553 1005 615 urbem
1021 555 1159 634 proprius

155 648 247 725 miles,
257 654 317 707 tres
329 643 466 721 urbanae,
480 658 586 703 novem
598 639 764 721 praetoriae
776 639 926 724 cobortes,
939 637 1054 700 Etruria
1065 639 1159 700 ferme

154 731 333 809 Umbriaque
355 727 489 790 delectae
512 735 559 787 ant
583 733 685 786 vetere
704 723 785 794 butio
806 733 837 784 et
859 722 982 786 coloniis
1003 724 1160 803 antiquitus

122 813 302 881 sellomanie.
333 821 363 874 at
377 810 454 892 apud
469 810 574 872 idonea
589 810 804 890 provinciarum
819 809 918 870 sociae
933 809 1067 868 triremes
1082 807 1159 869 alae·

157 919 214 980 qne
237 908 268 960 et
287 897 394 960 auxilia
416 894 592 973 cohortium,
613 911 710 974 neque
733 892 822 954 multo
838 910 924 954 secus
945 894 974 952 iu
988 892 1023 954 iis
1038 892 1157 953 virium:

158 982 210 1045 sed
233 980 371 1064 persequi
388 980 528 1041 incertum
546 979 616 1056 luit,
641 995 706 1039 cum
726 996 764 1038 ex
779 995 832 1038 usu
852 976 993 1056 temperis
1013 975 1069 1037 huc
1088 975 1157 1052 illuc

156 1075 296 1142 mearent,
311 1065 472 1144 gliscerent
487 1079 606 1125 numero
625 1071 654 1123 ct
668 1060 822 1142 aliquando
835 1063 1039 1148 minperentur.

156 1203 159 1208 .
218 1151 248 1213 6.
270 1148 444 1228 Congruens
465 1146 638 1209 crediderim
661 1164 819 1209 recensere
843 1155 957 1208 ceterae
978 1161 1094 1226 quoque
1116 1143 1160 1205 rei

157 1235 291 1316 publicae
319 1242 435 1312 partes,
462 1231 679 1313 quibusmodis
705 1230 742 1292 ad
763 1249 828 1292 eam
847 1230 922 1292 diem
947 1229 1062 1291 habitae
1092 1230 1160 1306 sint,

157 1319 292 1400 quoniam
313 1316 433 1379 'liberio
452 1318 550 1378 mutati
572 1317 602 1377 in
625 1315 753 1376 deterius
773 1316 953 1396 principatus
978 1314 1088 1375 initium
1109 1313 1161 1374 ille

156 1422 247 1465 annus
262 1402 363 1464 attulit.
396 1402 452 1462 iam
467 1403 588 1482 primurn
603 1399 721 1480 publica
736 1401 855 1478 negotia
867 1408 897 1460 et
912 1401 1088 1480 privatorum
1101 1415 1160 1459 ma·

135 1490 232 1549 exime
248 1486 324 1565 apud
342 1495 442 1566 patres
457 1485 669 1562 tractabantur,
693 1483 872 1564 dabaturque
883 1483 1057 1565 primoribus
1068 1481 1161 1544 diese-

157 1590 223 1633 rere
246 1580 275 1631 et
296 1572 325 1631 iu
348 1568 541 1631 adulationem
556 1569 657 1651 lapsos
673 1568 830 1630 collibebat
844 1570 926 1649 ipse;
948 1567 1162 1649 mandabatque

156 1654 295 1732 bonores,
307 1653 486 1715 nobilitatem
497 1655 648 1732 maiorum,
666 1653 864 1720 claritudinem
879 1653 1009 1733 militiae,
1023 1653 1161 1715 inlustres

157 1738 234 1799 domi
254 1747 333 1798 artes
353 1737 529 1818 spectando,
553 1746 584 1798 ut
604 1739 674 1800 satis
691 1746 839 1800 constaret
859 1755 917 1799 non
935 1737 1009 1800 alios
1027 1738 1161 1819 potiores

157 1824 258 1886 inisse.
291 1839 341 1883 sua
366 1821 548 1900 consulibus,
575 1840 627 1882 sua
648 1821 833 1902 praetoribus
860 1824 992 1902 species;
1021 1824 1159 1883 minorum

128 1922 274 1985 aequoque
287 1906 502 1983 magistratuum
515 1908 645 1968 exercita
659 1915 805 1987 potestas;
820 1907 972 1987 legesque,
991 1908 1016 1968 si
1028 1906 1160 1969 maiesta-
1267 1937 1269 1954 ι

157 1991 193 2048 tis
212 1989 344 2069 quaestio
359 1989 642 2067 eximeretur,·bono
659 1993 762 2052 inusu.
787 1991 1162 2073 etirumentaetpecuniae
1268 2023 1269 2062 ᾗ

156 2073 333 2152 vectigales,
358 2083 456 2136 cetera
472 2074 654 2156 publicorum
669 2076 816 2138 tractuum
830 2076 1020 2138 societatibus
1036 2078 1162 2158 equitum

156 2159 349 2220 Romanorum
363 2159 555 2238 agitabantur.
585 2179 635 2223 res
657 2179 724 2223 suas
740 2158 851 2223 (laesae
872 2163 1087 2241 spectatissimo
1103 2159 1161 2224 cui-

158 2260 231 2323 que,
259 2242 430 2322 quibusdam
457 2245 565 2324 ignotis
594 2264 632 2306 ex
651 2245 727 2308 lama
747 2243 915 2324 mandabat,
939 2246 1090 2327 semelque
1113 2245 1161 2307 ad·

124 2327 450 2406 assumptitenobantur
471 2347 593 2409 prorsus
617 2333 679 2391 siue
699 2330 802 2408 modo,
830 2349 894 2392 cum
915 2331 1049 2412 plerique
1070 2330 1161 2392 isdem

156 2411 282 2488 negotiis
302 2413 531 2474 insenescerent.
566 2413 670 2494 plebes
694 2416 757 2476 acri
782 2414 897 2495 quidem
924 2433 1037 2478 annona
1058 2415 1158 2495 fatiga·

155 2492 254 2571 batur,
277 2493 329 2556 sed
348 2494 426 2558 nulla
445 2498 475 2557 in
490 2515 528 2558 eo
546 2499 632 2579 culpa
647 2518 686 2560 ex
701 2501 852 2581 principe:
875 2501 943 2580 quin
964 2493 1162 2562 infecunditati

154 2586 296 2639 terrarum
310 2588 358 2640 aut
375 2581 488 2661 asperis
504 2584 591 2644 marie
606 2585 720 2646 obviam
735 2584 781 2663 iit,
805 2593 940 2664 quantum
958 2583 1103 2666 impendio
1120 2585 1161 2646 di·
1265 2617 1266 2642 t

155 2661 334 2744 ligentiaque
351 2674 477 2745 poterat.
507 2675 537 2729 et
557 2687 594 2728 ne
616 2661 784 2748 provinciae
805 2669 895 2746 nous
907 2670 1045 2735 oneribus
1064 2669 1162 2734 turbe·

121 2753 254 2808 serentur
265 2755 355 2829 utque
371 2759 471 2812 vetera
483 2752 546 2814 sine
558 2753 678 2814 avaritia
694 2763 741 2815 aut
757 2753 928 2817 crudelitate
943 2757 1161 2835 magistratuum

155 2829 330 2911 tolerarent,
352 2834 542 2914 providebat:
569 2854 724 2917 corporum
740 2837 876 2917 verbera,
893 2837 1093 2923 ademptiones
1107 2839 1159 2900 bo·

154 2931 255 2976 norum
270 2915 400 2978 aberant.
432 2922 491 2980 rari
505 2939 559 3000 per
573 2920 687 2984 ltaliam
702 2920 839 2986 Caesaris
854 2925 934 3003 agri,
950 2922 1081 2986 modesta
1095 2941 1156 2984 ser·

153 2998 232 3078 vitia,
247 3000 322 3062 intra
337 3020 448 3081 paucos
464 3002 588 3066 libertos
603 3007 718 3078 domus:
735 3027 771 3070 ac
788 3009 943 3090 siquando
959 3025 1022 3069 cum
1036 3008 1159 3087 privatis

153 3080 342 3164 disceptaret,
360 3086 455 3149 iorum
469 3099 499 3151 et
512 3090 566 3152 ius.
1067 3104 1071 3111 '

214 3167 242 3227 t.
263 3168 345 3245 Quae
367 3182 470 3235 cuncta
489 3191 548 3236 non
572 3176 687 3256 quidem
709 3180 784 3241 corui
805 3181 870 3258 via,
895 3180 947 3241 sed
969 3179 1103 3242 horridus
1126 3197 1161 3242 ac

153 3252 322 3334 plerumque
341 3256 525 3339 formidatus,
546 3261 691 3326 retinebat
711 3272 820 3343 nmen,
842 3263 938 3326 donec
959 3276 1054 3327 morte
1073 3265 1160 3326 Drusi

82 3349 84 3355 ⁴
152 3344 347 3433 verterentur:
370 3359 434 3402 uam
458 3340 523 3407 dum
545 3348 704 3425 superfuit,
719 3367 869 3428 mansere,
885 3350 952 3429 quia
974 3350 1097 3412 Seianus
1118 3352 1159 3410 in·

152 3429 277 3495 cupiente
292 3423 387 3487 adbuc
402 3429 532 3506 potentia
547 3429 632 3491 bonis
648 3433 778 3495 consiliis
796 3443 953 3526 notqecere
971 3434 1106 3510 volebat,
1130 3443 1159 3495 et
