2540 3874
10 127 11 136 '
144 142 184 206 68
395 154 561 204 nouusmr
582 154 700 204 uncum
715 155 901 205 nunnnruu

136 312 230 373 'lunda
247 308 385 388 altitudo,
405 311 491 371 nullis
507 309 707 390 inquirentium
723 303 824 391 spatiis
840 311 1039 390 penetrabilis.
1073 313 1148 373 exim
1258 309 1259 324 ³

143 405 260 456 ventum
276 395 489 475 Elephantinen
511 413 547 456 ac
563 395 694 473 Syenen,
719 395 844 455 claustra
864 395 931 455 olim
954 395 1077 457 Romani
1099 397 1148 457 lm·

145 481 238 560 perii,
256 480 333 559 quod
350 497 425 539 nunc
439 479 556 540 rubrum
574 479 609 540 ad
623 496 703 540 mare
719 479 853 559 patescit.
1181 549 1184 553 ,

207 565 258 626 62.
289 565 362 624 Dum
392 583 427 625 ea
453 573 549 625 aestas
575 562 746 626 Germanico
776 562 876 642 piures
902 582 956 642 per
982 565 1151 644 prouincias

145 648 329 727 transigitur,
352 647 428 709 haud
449 648 515 709 leue
537 647 627 708 decus
642 645 752 707 Drusus
769 647 912 725 quaesivit
930 646 1062 708 inliciens
1079 646 1150 709 (ier-

142 751 244 794 manos
266 731 302 794 ad
326 730 485 793 discordias
507 739 595 812 utque
619 731 743 792 iracto
735 747 790 792 ram
809 729 989 792 Maroboduo
1008 749 1100 830 usqne
1122 734 1151 792 in

146 817 262 878 exitium
287 818 477 878 insisteretur.
515 825 578 877 erat
599 817 673 876 inter
688 814 818 878 Gotones
839 811 974 876 nobilis
965 816 1076 876 iuuenis
1098 833 1151 876 no·

122 903 220 964 smine
244 900 399 978 Catualda,
421 901 564 981 prologus
588 900 655 960 olim
679 899 708 959 vi
727 898 898 960 Marobodui
913 908 942 960 et
967 908 1035 960 tunc
1057 899 1152 960 dubiis

145 985 275 1051 rebus
249 1003 310 1046 erus
325 945 462 1045 ultidnem
478 1002 573 1045 ausus.
608 985 633 1044 is
647 983 742 1044 valida
759 1001 843 1044 mauu
863 985 935 1044 fines
951 984 1151 1046 Marcomano-

145 1088 207 1131 rum
223 1068 383 1148 inqreditur
398 1070 602 1148 corruptisque
617 1066 791 1147 primoribus
808 1067 843 1129 ad
861 1069 1031 1130 societatem
1046 1070 1152 1130 inrum·

145 1155 189 1234 pit
202 1154 314 1232 regiam
332 1152 540 1231 castellumque
557 1153 635 1213 iuxta
649 1151 742 1212 situm.
780 1161 898 1213 ueteres
913 1151 974 1213 illic
988 1151 1153 1213 Sueborum

145 1236 274 1318 praedae
298 1246 326 1296 et
342 1237 451 1297 nostris
469 1235 659 1317 eprovinciis
675 1235 753 1297 lixae
770 1254 804 1298 ac
817 1235 1016 1314 negotiatores
1030 1238 1152 1317 reperti,

37 1373 41 1380 .
111 1339 221 1402 roquos
238 1323 281 1382 ius
301 1321 483 1398 commercii,
506 1319 572 1380 dein
590 1319 694 1399 cupido
711 1319 835 1399 augendi
852 1320 1019 1400 pecuniam,
1036 1329 1152 1399 postre-

71 1415 74 1421 ’
145 1425 221 1466 mum
247 1403 357 1467 oblivio
385 1405 496 1485 patriae
523 1405 582 1464 suis
606 1419 748 1484 quemque
771 1403 808 1464 ab
829 1402 946 1464 sedibus
968 1403 1133 1522 hostilem·
1124 1423 1157 1464 ιιι

146 1509 247 1602 agrum
262 1488 456 1550 transtulerat.

179 1575 260 1637 63.
288 1572 468 1635 Maroboduo
496 1573 622 1653 undique
648 1572 765 1634 deserto
799 1589 857 1635 non
889 1569 965 1633 aliud
997 1515 1154 1631 subsidium

147 1677 230 1739 quam
258 1656 458 1718 misericordia
486 1656 621 1718 Caesaris
649 1657 712 1717 luit.
757 1665 959 1734 transgressus
985 1655 1154 1734 Danuvium,

147 1762 203 1823 qua
217 1741 355 1802 Noricam
375 1741 554 1821 provinciam
574 1740 724 1820 praefluit,
758 1741 876 1821 scripsit
898 1739 1018 1800 'liberio
1042 1756 1099 1798 non
1123 1749 1155 1799 ut

146 1826 290 1907 profugus
306 1835 354 1886 aut
369 1824 511 1904 supplex,
532 1826 583 1885 sed
597 1842 634 1886 ex
648 1825 787 1885 memoria
803 1825 1072 1903 priorisiortunae:
1090 1841 1155 1884 nam
1207 1839 1209 1845 ·

124 1911 241 1971 umultis
262 1907 426 1971 nationibus
451 1909 639 1970 clarissimum
660 1908 803 1988 quondam
823 1924 926 1987 regem
942 1907 978 1968 ad
996 1925 1029 1967 se
1043 1925 1154 1968 vocan-

146 1995 223 2055 tibus
247 1994 406 2055 Romanam
437 1993 588 2055 amicitiam
615 1991 798 2074 praetulisse.
842 2007 1015 2073 responsum
1043 2009 1059 2052 a
1081 1989 1156 2052 Gae

147 2097 213 2140 sare
229 2087 317 2139 tutam
334 2079 362 2139 ei
376 2077 603 2158 honoratamque
618 2077 717 2138 sedem
731 2077 761 2137 in
776 2075 858 2138 ltalia
869 2077 957 2153 iore,
973 2077 998 2136 si
1008 2084 1155 2138 maneret:

147 2165 191 2223 sin
218 2161 306 2223 rebus
331 2163 393 2223 eins
414 2161 491 2222 uliud
516 2162 712 2240 conduceret,
744 2160 885 2223 obiturum
907 2160 964 2222 lide
986 2177 1042 2239 que
1056 2161 1156 2220 uenis·

148 2256 202 2308 set.
241 2254 370 2308 ceterum
395 2246 471 2326 apud
491 2255 620 2308 senatum
641 2245 778 2309 disseruit
800 2261 859 2306 non
878 2243 1042 2324 Philippum
1066 2243 1175 2324 ncnc

113 2350 138 2393 ιι
148 2329 315 2408 niensibus
337 2347 396 2390 non
406 2330 530 2406 'Pyrrum
551 2338 599 2392 aut
613 2327 787 2391 Antiochum
811 2327 922 2410 populo
936 2329 1068 2390 Romano
1083 2347 1155 2408 per·

145 2414 214 2476 inde
233 2414 403 2475 metuendos
414 2415 522 2475 fuisse.
552 2423 631 2476 extat
653 2415 762 2492 oratio,
783 2431 838 2494 qua
852 2413 1073 2514 magnitudinem
1090 2412 1154 2489 riri,

146 2499 313 2560 violentiam
337 2497 530 2559 subiectarum
550 2499 577 2560 ei
598 2499 726 2579 gentium
750 2506 780 2558 et
802 2515 885 2579 qnam
901 2497 1080 2578 propinquus
1096 2493 1153 2555 Ita·

146 2585 204 2645 liae
218 2581 312 2642 hostis
320 2600 454 2662 ,suaque
465 2583 494 2642 in
506 2582 681 2644 destruendo
694 2599 731 2643 eo
744 2582 864 2643 consilia
876 2581 987 2643 extulit.
1009 2589 1050 2642 ·et
1059 2578 1156 2642 Maro·

147 2665 261 2727 boduns
284 2629 399 2746 quidem
420 2666 576 2728 Rauennae
598 2666 727 2746 habitus,
758 2667 783 2726 si
806 2659 920 2747 quando
943 2666 1158 2728 insolescerent

113 2750 254 2830 osnebr,
281 2769 363 2830 quasr
356 2750 546 2812 “rediturus
537 2771 566 2811 ιιι
580 2769 701 2830 regnum
718 2750 931 2813 ostentabatur:
954 2749 1008 2812 sed
1029 2766 1089 2811 nou
1107 2768 1157 2811 cx·

149 2836 238 2896 cessit
265 2833 348 2896 ltalia
375 2853 430 2915 per
450 2835 660 2914 'duodeviginti
687 2851 779 2896 annos
807 2835 1017 2914 consenuitque
1039 2834 1157 2896 multum
1258 2851 1259 2856 ¹

147 2920 291 2980 imminuta
313 2919 444 2981 claritate
467 2915 506 2980 ob
526 2919 640 2980 nimiam
659 2917 776 2981 vivendi
801 2917 971 3000 cupidinem.
1010 2916 1086 2983 idem
1104 2918 1158 2980 Ga·

147 3002 262 3064 tualdae
288 3021 372 3064 casus
401 3022 496 3084 neque
523 3003 599 3064 aliud
627 3003 802 3083 perfugium.
846 3002 947 3083 pulsus
966 3002 1158 3074 haudmulto
1258 3026 1259 3046 ι

147 3097 216 3166 post
239 3086 502 3149 Hermundurorum
533 3087 637 3168 opibus
658 3096 687 3148 et
708 3085 817 3148 Vibilio
841 3086 914 3148 duce
946 3092 1160 3167 receptusque,
1188 3107 1191 3114 ·

112 3188 139 3229 ac
149 3171 255 3232 Forum
266 3169 378 3249 lulium,
392 3171 591 3233 Nurbonensis
604 3170 715 3233 Galliae
726 3171 879 3273 colqniam,
892 3172 1018 3234 mittitur.
1039 3171 1159 3234 barbari

148 3264 298 3334 utrumque
321 3257 446 3318 comitati
467 3275 503 3318 ue
529 3255 641 3335 quietes
663 3255 827 3334 prouincias
851 3257 969 3318 immixti
997 3256 1159 3338 turbarent,
1258 3237 1259 3273 ³

148 3338 307 3398 Danuuium
322 3339 421 3402 ultra
412 3350 487 3401 mter
501 3340 614 3402 humina
629 3339 740 3402 Murum
758 3349 787 3402 et
802 3339 907 3402 Cusum
923 3341 1072 3422 locentur,
1088 3305 1159 3403 datd
1258 3389 1259 3398 .

148 3439 222 3498 rege
239 3421 353 3483 Vannio
367 3425 462 3502 gentis
479 3425 652 3502 Quadorum.
