2568 3870
244 87 248 94 “
403 123 509 172 ursus
523 82 574 174 ur.
592 123 666 186 oss.
684 123 804 178 13—18.
1057 122 1115 206 99,
1220 194 1222 198 .

168 275 216 336 16.
236 275 340 349 Quinta
355 277 448 336 ferme
461 277 533 338 hora
548 277 606 337 diei
621 287 699 356 erat,
720 295 783 340 curn
799 281 873 342 citus
889 299 979 361 eques
995 281 1099 342 adven·

18 397 19 424 2
102 369 165 419 tare
176 357 294 436 hostes,
306 361 601 439 praegredipaucos,
613 370 719 422 motum
730 364 929 444 fremitumque
940 365 998 425 late
1010 365 1101 433 audiri

100 443 250 503 nuntiavit.
279 441 344 502 dum
358 441 500 503 Antonius
522 443 654 522 quidnam
674 446 816 523 agendum
833 448 993 525 consultat,
1011 447 1099 508 avidi·

18 572 20 583 r
100 534 161 586 tate
172 524 320 586 navandae
333 526 551 604 operaeArrius
557 528 652 589 Varus
664 533 727 590 cuin
740 533 962 610 promptissimis
975 532 1100 609 equitum

18 654 23 666 ,
101 608 235 690 prorupit
254 606 415 688 inpulitque
435 609 609 670 Vitellianos
628 613 741 673 modica
762 611 867 685 caede;
892 635 958 676 uam
978 614 1121 694 plurium,

23 751 26 762 ,
99 693 224 754 adcursu
235 709 321 752 versa
335 691 464 772 fortuna,
477 702 506 754 et
517 694 673 754 acerrimus
685 697 806 775 quisque
818 701 998 777 sequentium
1011 698 1099 776 fugae

18 767 26 840 1'
100 776 216 835 ultimus
245 784 316 836 erat.
352 794 407 841 nec
432 784 540 854 sponte
555 775 673 838 Antonii
685 789 888 859 properatum,
901 791 930 842 et
944 783 1010 843 iore
1025 799 1100 862 quae

25 919 29 946 ‚
98 859 267 921 acciderunt
277 857 404 919 rebatur.
442 860 574 922 hortatus
590 879 660 923 suos
680 871 710 924 ut
726 881 831 942 magno
853 868 948 927 auimo
961 884 1099 944 capesse·

27 958 30 969 ·
99 952 165 1005 rent
176 942 451 1023 pugnam,diduotis
464 946 493 1005 in
501 944 593 1007 latera
606 948 706 1008 turmis
719 966 840 1010 vacuum
854 949 949 1010 medio
963 950 1100 1029 relinquit

18 1088 31 1114 η’
99 1030 172 1105 iter,
198 1043 254 1108 quo
273 1028 381 1088 Varum
410 1030 580 1109 equitesque
601 1031 664 1091 eius
690 1032 852 1110 reciperet;
878 1035 973 1094 iussae
997 1037 1134 1101 armariis

26 1145 32 1184 ς
101 1111 249 1188 legiones;
264 1111 360 1171 datum
376 1130 430 1191 per
445 1130 536 1191 agros
549 1115 662 1190 signum
675 1123 722 1192 ut,
736 1133 792 1194 qua
810 1119 914 1196 cuique
925 1119 1098 1196 proximum,

100 1196 206 1255 omissa
220 1194 327 1274 praeda
340 1194 454 1275 proelio
470 1206 648 1258 occurreret.
674 1198 794 1278 pavidus
806 1199 918 1260 interim
932 1202 1027 1262 Varus
1041 1210 1097 1262 tur·

18 1306 20 1317 ·
99 1278 154 1338 bae
169 1295 284 1339 suorum
305 1281 443 1341 miscetur
460 1280 611 1361 intulitque
632 1280 823 1344 formidinem.
855 1283 930 1363 pulsi
954 1302 1017 1344 oum
1035 1303 1098 1345 sau·

18 1389 30 1445 p
99 1363 153 1422 ciis
170 1363 275 1440 integri
294 1372 407 1424 suomet
427 1365 483 1443 ipsi
503 1372 581 1424 metu
606 1374 636 1424 et
655 1367 797 1443 angustiis
819 1369 928 1428 viarum
952 1366 1098 1429 conflicta·

18 1493 22 1508 .
98 1446 211 1506 baniur.
274 1496 276 1500 .
351 1492 354 1499 .
794 1489 796 1494 ·
1109 1474 1134 1515 rs

18 1521 24 1602 J.
162 1532 210 1590 17.
229 1530 345 1592 Nullum
365 1533 394 1591 in
407 1532 459 1594 illa
473 1533 666 1612 trepidadone
680 1533 824 1594 Antonius
846 1537 1004 1596 constantis
1018 1535 1099 1594 ducis
1134 1559 1136 1564 ¹

18 1663 20 1680 .
98 1623 147 1678 aui
160 1613 245 1676 fortis
261 1616 358 1676 militis
376 1615 503 1676 officium
518 1617 622 1676 omisit.
651 1635 807 1678 occursare
824 1617 1013 1696 pauentibus,
1031 1618 1098 1678 reti-

97 1720 169 1763 nere
191 1701 344 1776 cedentes,
366 1698 415 1759 ubi
427 1697 566 1778 plurimus
581 1699 683 1778 labor,
698 1700 773 1760 unde
788 1700 885 1778 aliqua
899 1719 987 1782 spes,
1003 1702 1098 1760 consi·

97 1787 138 1846 lio
151 1803 236 1845 mauu
251 1801 327 1844 voce
347 1781 577 1860 insigniebam,
602 1784 776 1861 conspicuus
793 1785 862 1842 suis.
896 1801 932 1844 eo
949 1793 1098 1865 postremo

18 1911 27 1930 .
96 1869 211 1930 ardoris
224 1875 383 1948 provectus
401 1874 462 1941 est,
480 1874 510 1926 ut
532 1865 713 1927 vexillarium
728 1867 888 1943 fugientem
909 1867 991 1932 basta
1007 1876 1122 1930 trans-s

18 1942 20 1948 ’
98 1952 282 2020 verberarem
305 1966 373 2010 mox
390 1957 503 2028 raptum
517 1949 655 2009 vexillum
669 1952 698 2008 in
713 1948 827 2010 hostem
844 1953 940 2012 vertit.
971 1969 1028 2030 quo
1046 1970 1098 2032 pu·

98 2038 170 2097 dore
186 2034 263 2096 baud
278 2033 378 2114 plures
394 2048 478 2111 quam
494 2041 607 2092 centum
623 2034 737 2111 equites
753 2034 907 2094 restitere:
918 2035 990 2094 iuuit
1003 2034 1098 2112 locus,

18 2164 25 2198 ,.
96 2123 206 2182 artiore
222 2118 283 2179 illio
297 2118 344 2180 via
359 2124 388 2175 et
400 2115 494 2176 fracto
509 2114 699 2176 interfluentis
718 2118 773 2176 rivi
788 2125 896 2196 ponte,
919 2119 969 2198 qui
985 2119 1098 2178 incerto

97 2205 184 2266 alveo
200 2211 229 2262 et
243 2197 451 2280 praecipitibus
466 2199 538 2277 ripis
553 2198 650 2276 fugam
664 2198 849 2278 impediebat.
886 2219 921 2262 ea
937 2203 1098 2262 necessitas

18 2334 24 2351 κ,
97 2307 150 2348 seu
164 2287 280 2347 fortuna
296 2285 394 2363 lapsas
409 2284 465 2343 iam
476 2281 575 2360 pbrtes
589 2283 722 2342 restituit.
749 2283 850 2359 firmati
867 2285 987 2345 intense
1001 2285 1135 2345 densisrc

18 2363 21 2433 ζ
98 2368 248 2434 ordinibus
262 2367 409 2447 excipiunt
420 2363 593 2426 Vitellianos
604 2373 716 2426 temere
731 2365 857 2444 effusos,
875 2377 961 2446 atque
974 2367 1015 2428 illi
1031 2384 1098 2428 ccu-

18 2439 21 2510 Ῐ
97 2462 270 2517 sternantur.
297 2449 441 2511 Antonius
460 2450 568 2509 instare
590 2449 751 2527 perculsis,
770 2459 902 2510 sternere
918 2450 1039 2529 obvios,
1061 2453 1099 2511 si·

18 2531 19 2534 '
96 2537 155 2599 mul
181 2537 290 2612 ceteri,
316 2543 347 2594 ut
373 2535 478 2612 cuique
502 2533 665 2610 ingenium,
694 2532 841 2611 spoliare,
866 2553 991 2614 capere,
1022 2553 1105 2616 arma

98 2638 248 2702 equosque
263 2618 408 2698 abripere.
446 2624 475 2677 et
496 2615 584 2692 escili
602 2632 749 2696 prospero
775 2617 920 2696 clamore,
944 2621 992 2698 qui
1012 2618 1099 2678 modo

97 2725 153 2786 per
170 2722 259 2783 agros
275 2703 346 2780 fuga
364 2699 550 2782 palabantur,
567 2701 710 2760 victoriae
725 2718 758 2759 se
774 2700 945 2763 miscebant.
1109 2720 1135 2761 as

162 2789 212 2852 18.
238 2784 285 2847 Ad
307 2794 438 2866 quartum
460 2802 478 2845 a
500 2781 643 2843 Cremona
665 2783 793 2868 lapidem
819 2779 929 2844 fulsere
951 2785 1100 2862 legionum

98 2875 183 2948 signa
203 2871 331 2952 Rapacis
352 2879 438 2949 atque
459 2867 594 2944 italicae,
609 2866 688 2926 laeto
708 2866 783 2928 inter
799 2868 877 2928 initia
893 2871 1018 2948 equitum
1033 2887 1099 2930 suo-

100 2971 162 3014 rum
179 2954 293 3032 proelio
307 2953 474 3032 illususque
486 2958 637 3031 provecta.
664 2951 717 3010 sed
730 2951 779 3010 ubi
791 2951 904 3012 fortuna
920 2961 1022 3012 contra
1035 2952 1099 3028 fuit,

99 3055 159 3098 non
178 3037 277 3096 laxare
294 3038 428 3112 ordines,
448 3051 507 3094 nou
529 3035 664 3113 recipere
679 3033 825 3112 turbatos,
850 3053 906 3096 nou
923 3034 1041 3106 ¹obviam
1056 3037 1101 3094 ire

99 3123 235 3200 ultroque
256 3115 375 3196 adgredi
402 3117 516 3178 bostem
534 3127 641 3178 tantum
667 3135 721 3197 per
742 3121 864 3198 spatium
888 3137 974 3179 cursu
998 3127 1027 3178 et
1047 3136 1121 3197 pus

99 3204 215 3284 gnando
238 3204 355 3265 fessum.
376 3203 455 3263 forte
468 3201 594 3280 profecti
610 3201 685 3262 baud
700 3201 822 3282 periodo
834 3202 923 3264 rebus
947 3203 1100 3279 prosperis

100 3292 203 3352 ducem
216 3287 455 3349 desideraverant
466 3293 551 3362 atque
566 3284 595 3343 in
610 3285 742 3346 adversis
756 3287 862 3346 deesse
880 3282 1099 3361 intellegebant.

100 3385 246 3438 nutantem
260 3373 354 3434 aciem
369 3370 464 3430 victor
486 3369 629 3446 equitatus
642 3368 783 3440 incursat;
805 3377 835 3427 et
850 3370 1009 3511 pppstanus
1024 3365 1120 3434 bles,
