2596 3872
449 194 556 243 urana
571 196 641 245 xm.
660 196 737 246 cae.
749 196 882 252 ee-aa.
1107 189 1170 252 269

172 395 180 410 i
224 345 274 411 36.
300 346 347 408 Ne
369 348 525 409 Suetonius
552 349 667 429 quidem
690 353 725 412 'in
754 361 834 414 tanto
862 355 1027 416 discrimine
1054 355 1169 419 silebat.

160 448 330 512 quamquam
352 433 512 494 conlldcret
532 435 647 514 uirtuti,
669 445 764 497 tamea
783 437 1000 502 exhortationes
1017 449 1047 502 et
1062 457 1169 521 preces

158 515 313 595 miscebat,
335 525 374 576 -ut
395 527 570 597 spernerent
589 536 714 581 sonores
733 520 921 584 barbarorum
944 533 973 585 et
996 526 1097 586 inanes
1119 527 1168 586 mi·

158 619 226 660 nas:
258 601 324 680 plus
351 600 411 662 illic
432 601 601 663 feminarum
619 622 703 684 quam
726 607 880 669 iuventutis
902 611 1005 689 aspici.
1038 609 1165 670 inbelles

158 687 284 746 inermes
300 702 436 746 cessuros
452 689 563 765 statim,
586 687 633 748 nbi
652 688 760 750 lerrmn
774 693 967 772 virtutemque
989 695 1191 757 vincentiuma

158 771 265 830 totiens
277 770 333 830 iusi
349 769 567 849 adgnouissent.
597 774 682 832 etiam
700 775 729 833 in
745 775 840 836 multis
856 776 1024 854 legionibus
1040 795 1162 858 paucos,

157 856 206 935 qui
223 853 337 932 proelia
352 854 559 934 profligarent3
580 856 755 939 gloriaeque
771 877 870 920 eorum
886 878 1071 922 accessurum
1087 861 1164 942 quod

156 938 272 999 modica
286 955 387 999 manus
400 941 528 1000 uniuersi
543 943 690 1002 exercitus
705 944 809 1023 lamam
827 943 1068 1025 adipiscerentur.
1096 963 1164 1007 con·

157 1024 224 1083 terti
244 1031 352 1084 tantum
374 1033 402 1084 et
418 1023 483 1104 pilis
498 1025 627 1104 emissis,
651 1037 718 1107 poet
734 1028 905 1090 umbonibus
921 1038 951 1090 et
963 1029 1069 1109 gladiis
1091 1040 1165 1091 stra·

155 1125 224 1186 gem
254 1106 432 1188 caedemque
461 1111 675 1190 continuarent,
702 1112 829 1193 praedae
857 1114 1046 1176 inmemores:
1082 1124 1201 1194 partam

157 1193 280 1253 victoria
295 1201 410 1254 cuncta
423 1193 670 1272 ipsaiiseessura.
691 1197 717 1256 is
737 1198 824 1258 ardor
844 1198 935 1260 verba
957 1198 1037 1260 ducis
1059 1217 1164 1280 seque·

157 1276 255 1354 betur,
278 1276 318 1337 ita
341 1294 374 1337 se
396 1275 432 1337 ad
454 1279 646 1359 intorquenda
666 1281 726 1359 pilu
742 1281 916 1363 expedierat
930 1293 1014 1343 uetus
1031 1283 1116 1344 miles
1135 1292 1164 1344 et

157 1360 243 1422 multa
267 1360 446 1439 proeliorum
469 1365 667 1442 experientia,
690 1375 721 1426 ut
744 1375 840 1428 certus
864 1375 984 1427 euentus
1008 1367 1163 1429 Suetonius

158 1445 240 1505 daret
255 1462 370 1524 pugnae
386 1447 507 1524 signum.

221 1530 273 1592 37.
293 1528 339 1590 hc
354 1531 474 1611 primum
488 1530 568 1610 legio
585 1532 677 1610 gradu
692 1534 798 1594 inmota
821 1543 851 1594 et
866 1535 1016 1612 angustias
1031 1533 1090 1596 loci
1109 1525 1162 1614 pro'

159 1615 333 1676 munimento
355 1617 500 1691 retinens,
524 1624 678 1697 postquam
692 1618 721 1678 in
737 1618 860 1698 propius
875 1635 1053 1696 suggressos
1070 1618 1164 1679 hostis

157 1707 240 1761 certo
261 1701 339 1759 iactu
361 1699 418 1760 tela
440 1700 628 1779 exhauserat,
646 1703 727 1762 uelut
747 1720 841 1763 cuneo
856 1703 960 1782 erupit.
993 1701 1068 1763 idem
1085 1703 1164 1764 auxi·

156 1783 269 1845 liarium
289 1783 429 1861 impetus;
459 1792 488 1844 et
509 1803 600 1864 eques
624 1787 767 1866 protentis
792 1785 882 1848 hastis
907 1786 1062 1866 perfringit
1086 1786 1163 1867 quod

158 1867 272 1954 obuium
290 1875 319 1928 et
332 1866 456 1929 validum
471 1878 544 1931 erat.
574 1872 665 1931 ceteri
681 1880 764 1950 terga
777 1871 952 1949 praebuere,
969 1869 1080 1933 diidcili
1093 1870 1188 1932 eliu-a

156 1955 218 2032 giu,
234 1953 301 2032 quia
317 1953 502 2014 circumiecta
518 1954 652 2016 vehicula
668 1965 840 2033 saepserant
854 1955 959 2018 abitus.
987 1964 1016 2016 et
1027 1955 1111 2017 miles
1126 1973 1163 2015 ne

157 2036 305 2098 mulierum
331 2035 445 2116 quidem
472 2039 538 2098 neci
560 2040 757 2118 temperabat,
791 2042 964 2120 confixaque
987 2040 1054 2100 telis
1078 2041 1163 2099 etiarn

158 2123 281 2182 iumenta
299 2137 454 2200 corporum
470 2123 611 2184 cumulum
628 2133 778 2184 auxerant.
798 2124 877 2186 clara
889 2134 919 2184 et
930 2125 1055 2204 antiquis
1070 2125 1161 2184 victo·

158 2206 208 2267 riis
223 2222 277 2285 par
292 2223 327 2266 ea
344 2204 392 2268 dle
407 2205 469 2266 laus
483 2216 582 2285 parta:
598 2209 708 2288 quippe
723 2216 789 2268 sunt
803 2210 851 2288 qui
866 2208 955 2287 paulo
970 2209 1063 2268 minus
1078 2225 1162 2287 quam

157 2290 308 2369 octogiuta
327 2290 403 2350 milia
425 2289 624 2352 Britannomm
645 2291 790 2353 cecidisse
805 2291 935 2368 tradant,
956 2291 1077 2352 militum
1093 2309 1161 2371 qua·
1175 2304 1198 2344 tt

157 2375 317 2453 driugentis
342 2374 435 2435 ierme
463 2374 625 2436 interiectis
650 2394 707 2436 nec
733 2375 823 2436 multo
851 2377 973 2455 amplius
995 2375 1162 2437 vulneratis.

156 2458 303 2520 Roudicou
328 2459 415 2519 vitam
435 2477 551 2520 ueneno
571 2461 673 2522 linivit.
703 2468 732 2520 et
753 2458 878 2521 Poenius
901 2460 1054 2522 Postumus
1079 2477 1163 2539 prac-

156 2545 252 2605 iectus
269 2551 427 2604 casuomm
443 2543 589 2605 secundae
608 2544 752 2623 legionis,
778 2547 905 2623 cognitis
926 2544 1162 2626 quartadecuma-

157 2645 257 2690 ncrum
274 2627 594 2707 uicensimanorumque
611 2630 764 2709 prosperis
783 2629 887 2708 rebus,
904 2629 971 2710 quia
987 2630 1051 2708 pari
1066 2627 1161 2706 gloria

156 2713 304 2790 legionem
321 2729 401 2773 suem
415 2712 601 2792 iraudaverat
618 2714 816 2793 abnueratque
832 2724 933 2777 contra
947 2715 1031 2776 ritum
1041 2712 1197 2774 miliriaco

156 2799 237 2858 iussa
255 2794 348 2874 ducis,
364 2789 397 2857 'se
413 2798 477 2877 ipse
492 2797 592 2876 gladio
608 2799 761 2876 transegit.

216 2880 267 2944 38.
299 2877 472 2942 Contractus
494 2881 599 2943 deinde
621 2883 712 2944 omnis
734 2882 881 2943 exercitus
897 2881 950 2943 snb
970 2881 1096 2961 pellibus
1111 2881 1161 2941 ba·

156 2966 232 3026 bitus
249 2975 294 3026 est
316 2964 351 3025 ad
367 2966 478 3045 reliqua
494 2965 565 3028 belli
580 2966 783 3046 perpetranda.
814 2967 951 3046 auxitque
967 2967 1068 3046 copias
1088 2965 1162 3026 Gae-

156 3068 205 3111 sar
225 3050 321 3112 missis
339 3067 376 3110 ex
397 3049 547 3112 Germania
564 3050 675 3112 duobus
696 3051 923 3130 legionariorum
944 3050 1076 3126 milibus,
1093 3057 1162 3110 octo

156 3134 335 3197 auxiliarium
360 3133 528 3196 cohortibus
550 3153 585 3197 ao
605 3135 683 3197 mille
708 3135 867 3217 equitibus,
893 3153 1014 3217 quorum
1038 3134 1163 3196 adventu

156 3220 262 3281 nonaui
283 3219 447 3299 legionario
461 3220 552 3282 milite
568 3220 695 3301 suppleti
712 3229 786 3280 sunt.
817 3219 954 3282 cobortes
969 3219 1094 3299 alaeque
1110 3234 1187 3276 nos

159 3305 202 3364 vis
223 3302 420 3365 hibernaculis
441 3305 572 3384 locutae,
599 3304 735 3384 quodque
763 3307 909 3367 nationum
929 3303 1093 3382 ambiguum
1115 3309 1164 3361 aut

159 3387 311 3450 adversum
326 3388 435 3468 iuerat,
456 3391 517 3470 igni
537 3399 623 3469 atque
645 3390 724 3450 ferro
743 3397 881 3449 uastatur.
915 3386 967 3447 sed
982 3386 1051 3448 nihil
1069 3401 1163 3462 aeque

159 3489 243 3551 quam
258 3473 523 3553 tumcsadttgebar
538 3473 669 3534 serendis
683 3471 817 3549 frugibus
837 3471 1018 3544 incuriosos,
1041 3477 1070 3528 et
1085 3467 1163 3527 omni
