2540 3874
149 157 208 218 110
413 155 578 214 coenatu
599 163 717 214 accurs
739 164 923 214 sumamma

146 322 237 402 Pauli,
255 321 379 381 Aemilia
393 328 585 397 monumenta,
603 320 721 400 propria
739 321 862 400 pecunia
879 321 1005 382 firmaret
1016 331 1146 382 ornaret·

149 426 214 488 que.
244 415 307 466 erat
321 407 406 466 etiarn
421 415 479 466 turn
494 406 523 464 in
535 421 616 463 more
629 403 744 483 publica
756 404 963 474 munificentia;
980 423 1035 466 nec
1047 405 1147 486 Augu·

148 500 209 552 stus
223 498 356 552 arcuerat
380 489 519 565 Taurum,
546 487 725 568 Philippum,
746 486 865 550 Balbum
885 489 1006 558 hostiles
1029 491 1148 550 exuvias

126 585 196 636 aaut
209 573 380 636 exundantis
395 591 469 654 opes
491 581 622 633 ornatum
644 571 679 634 ad
702 572 783 633 urbis
804 582 833 633 et
853 582 1003 655 posterum
1024 574 1149 654 gloriam

148 659 293 720 conterre.
338 674 394 736 quc
415 665 473 719 tum
496 656 631 737 exemplo
651 656 794 738 Lepidus,
817 675 987 738 quamquam
1007 659 1149 738 pecuniae

147 742 293 820 modicus,
317 743 422 802 avitum
447 741 537 802 decus
559 740 693 803 recoluit.
730 749 758 802 at
781 741 900 822 Pompei
923 741 1063 804 theatrum
1079 743 1149 820 igue

147 829 265 889 lortuitc
280 826 411 888 haustum
428 824 537 888 Caesar
556 834 750 886 extructurum
765 824 913 906 pollicitus
935 835 995 905 est,
1016 844 1053 887 eo
1070 826 1149 907 quod

148 929 232 972 nerno
251 930 268 972 e
283 909 389 972 familia
405 910 594 971 restaurando
609 909 767 987 sufficerat,
782 919 914 972 manente
927 919 1022 972 tamen
1034 913 1147 972 nomine

7 1031 17 1046 .
117 1010 139 1050 co
148 996 277 1074 Pompei.
314 993 395 1055 simul
415 993 702 1056 laudibusSeiauum
728 995 847 1072 extulit,
873 1003 1017 1074 tamquam
1046 993 1146 1056 labore

148 1079 353 1158 vigilantiaque
369 1079 431 1140 eius
446 1087 524 1142 tanta
540 1079 584 1138 vis
603 1096 687 1140 unum
699 1078 781 1142 ‘intra
802 1077 930 1141 damnum
952 1081 1089 1140 stetisset.
1119 1087 1148 1138 et

150 1181 291 1224 censuere
311 1171 411 1242 patres
434 1161 562 1241 effigiem
584 1162 708 1239 Seiano,
730 1181 805 1242 quae
824 1162 899 1244 apud
913 1163 1053 1224 theatrum
1065 1162 1147 1222 Pom·

149 1249 197 1328 pei
212 1247 368 1310 locaretur.
391 1265 487 1326 neque
501 1247 590 1308 multo
604 1255 672 1326 post
683 1244 801 1326 Caesar,
819 1266 883 1308 curn
893 1245 1003 1309 lunium
1014 1246 1148 1309 Blaesum

149 1350 204 1413 pro
221 1331 340 1392 consule
355 1330 474 1392 Africae
489 1329 623 1411 triumphi
638 1331 797 1409 insignibus
814 1331 970 1411 attolleret,
985 1332 1055 1393 dare
1072 1331 1101 1392 id
1115 1349 1148 1390 se

117 1431 139 1471 ta
151 1416 221 1477 dixit
234 1415 338 1477 honori
354 1415 460 1494 Seiani,
480 1416 560 1477 cuius
575 1414 624 1497 ille
640 1415 798 1476 avunculus
817 1424 888 1478 erat.
926 1435 960 1478 ac
984 1425 1077 1478 tamen
1098 1433 1153 1496 res

148 1501 244 1561 Blaesi
261 1498 365 1578 dignae
380 1498 489 1562 decore
505 1499 554 1561 tali
571 1500 663 1560 luere.
1029 1544 1035 1552 .

115 1615 119 1624 ·
212 1583 263 1645 73.
285 1583 358 1644 Nam
374 1583 560 1662 Tacfarinas,
579 1601 748 1664 quamquam
763 1585 879 1664 saepius
894 1585 1048 1666 depulsus,
1063 1601 1149 1664 repa·

148 1669 217 1730 ratis
233 1669 395 1747 perintime
412 1666 531 1729 Africae
545 1667 659 1730 auxiliis
677 1667 733 1728 lruc
754 1667 942 1747 adrogantiae
962 1676 1098 1746 venerat,
1119 1676 1151 1727 ut

148 1754 264 1830 legatos
282 1751 318 1812 ad
333 1749 478 1812 Tiberium
494 1752 620 1813 mitteret
633 1751 790 1831 sedemque
806 1752 883 1815 ultro
900 1753 953 1814 sibi
966 1763 1051 1834 atque
1065 1771 1150 1813 exer·

150 1836 216 1896 citui
241 1852 294 1895 suo
323 1834 498 1914 postularet,
525 1844 573 1896 aut
594 1833 702 1896 bellum
732 1835 937 1917 inexplicabile
951 1838 1149 1906 minitaretur.

125 1933 208 1980 cnon
221 1917 293 1979 alias
307 1918 398 1996 magis
416 1937 467 1981 sua
482 1918 640 2000 populique
654 1919 776 1980 Romani
798 1921 969 1984 contumelia
990 1919 1151 1982 indoluisse

150 2000 307 2062 Gaesarem
316 2002 425 2080 ierunt,
438 2021 521 2082 quam
533 2003 611 2083 quod
622 2002 756 2065 desertor
769 2013 798 2065 et
810 2007 920 2086 praedo
932 2005 1057 2066 hostium
1067 2023 1151 2066 more

149 2094 259 2165 ageret.
305 2104 342 2146 ne
368 2085 652 2166 Spartaoo'quidem
679 2097 747 2167 post
771 2097 814 2149 tot
840 2089 1033 2152 consularium
1063 2107 1150 2151 exer·

150 2173 253 2231 citaum
270 2169 368 2231 clades
381 2171 499 2232 inultam
514 2170 624 2234 ltaliam
644 2173 752 2250 urenti,
774 2191 943 2253 quamquam
963 2173 1085 2236 Sertorii
1108 2183 1151 2234 at·

149 2273 204 2336 que
218 2253 389 2316 blitbridatis
403 2255 566 2333 ingentibus
589 2255 675 2318 bellis
697 2255 810 2317 labaret
829 2276 878 2319 res
901 2257 1036 2340 publica,
1055 2259 1150 2320 datum

116 2348 178 2400 mut
200 2347 286 2418 pacto
309 2339 338 2398 in
360 2337 445 2400 iidem
472 2339 669 2420 acciperetur;
698 2339 801 2402 nedum
827 2341 1022 2423 pulcherrimo
1050 2342 1152 2423 populi

147 2423 268 2484 Romani
285 2423 403 2506 lastigie
418 2423 493 2484 latro
512 2422 681 2486 Tacfarinas
704 2443 777 2505 pace
798 2435 828 2488 et
848 2428 1040 2489 concessione
1062 2443 1151 2504 agro·

147 2525 208 2567 rum
224 2505 422 2568 redimeretur.
459 2506 506 2568 dat
523 2510 670 2588 negotium
693 2507 814 2588 Blaeso,
837 2520 954 2573 ceteros
975 2510 1088 2592 quidem
1113 2508 1149 2570 ad

147 2609 230 2670 spem
246 2589 406 2670 proliceret
419 2609 497 2652 arma
515 2593 577 2652 sine
592 2609 669 2654 noxa
685 2595 827 2673 ponendi,
843 2595 935 2674 ipsius
950 2605 1043 2656 autem
1067 2593 1151 2657 ducis

148 2672 376 2755 quoquomodo
407 2684 566 2756 poteretur.
616 2685 646 2736 et
674 2681 786 2758 recepti
824 2697 859 2741 ea
887 2681 973 2742 venia
1006 2677 1151 2759 plerique.

114 2770 136 2810 1⁶
146 2777 213 2820 mox
231 2759 382 2820 aduersum
405 2767 482 2821 artes
502 2760 699 2822 Tacfarinatis·
715 2760 790 2823 baud
811 2763 939 2853 dissimili
961 2763 1048 2824 modo
1067 2762 1150 2824 belli·

147 2853 286 2921 geratnm.

100 2931 259 2991 wa,
281 2927 353 2990 Nam
369 2928 436 3008 quia
449 2927 505 2989 ille·
515 2929 625 2992 robore
641 2931 787 2992 exercitus
802 2932 895 3012 inpar,
910 2931 1023 2994 iurandi
1034 2929 1146 3006 melior,

100 3061 107 3076 .
149 3012 237 3090 pluris
258 3030 312 3091 per
333 3011 442 3090 globos
463 3013 624 3075 incursaret
647 3012 838 3095 eluderetque
864 3025 893 3076 et
917 3015 1035 3078 insidias
1066 3012 1147 3074 simul

146 3105 315 3175 temptaret,
331 3105 392 3157 tres
413 3097 556 3176 incessus,
576 3097 695 3160 totidem
711 3101 824 3177 agmina
840 3110 986 3180 parantur.
1029 3117 1067 3160 ex
1084 3100 1150 3178 quis

147 3177 300 3242 Cornelius
316 3180 417 3259 Scipio
433 3180 549 3260 legatus
564 3181 689 3262 praeluit
705 3199 760 3262 qua
776 3183 925 3264 praedatio
940 3183 1150 3264 inbaptitauos

123 3273 175 3322 ret
196 3254 319 3343 suffugia
341 3262 554 3336 Garamantum
587 3265 644 3328 alic
672 3267 780 3346 latere,
811 3287 847 3329 ne
876 3267 1049 3330 Cirtensium
1079 3269 1151 3347 pagi

77 3377 80 3384 ·
145 3347 258 3426 impune
282 3347 479 3428 traherentur,
508 3351 655 3430 propriam
681 3369 793 3413 manum
816 3351 938 3414 Blaesus
959 3351 1035 3412 lilius
1059 3351 1149 3412 duxit.

146 3429 239 3491 medio
255 3449 318 3492 cum
331 3431 472 3512 delectis,
489 3435 609 3496 castella
622 3444 665 3496 et
683 3435 856 3498 munitiones
876 3436 988 3499 idoneis
1010 3435 1085 3494 locis
1107 3435 1148 3494 in·
