2596 3872
427 239 533 286 urnnu
548 237 620 285 xvr.
638 236 712 284 car.
728 234 848 288 ro—tt.
1078 223 1137 286 321

24 432 27 441 ι
141 415 202 458 mus
220 403 248 456 et
263 395 365 454 Veteri
382 410 438 453 non
453 393 566 453 alienus
578 392 689 469 fuerat,
713 411 786 471 aqua
802 400 888 470 atque
904 392 962 469 igni
978 391 1140 470 prohibitus

24 506 27 531 ι
141 489 193 542 est.
226 478 331 540 liberto
348 485 377 537 et
397 477 560 537 accusatori
575 477 733 555 praemium
749 493 858 554 operae
873 475 955 535 locus
978 476 1006 535 in
1026 475 1139 536 theatro

140 568 213 627 inter
237 563 366 623 viatores
381 560 551 622 tribunicios
572 560 664 623 datur.
695 569 723 620 et
737 561 909 637 mensesqui
924 559 1056 638 Aprilem
1073 579 1139 621 eun·

142 649 261 726 demque
282 644 448 706 Neroneum
465 643 674 722 sequebantur,
689 643 781 706 Maius
807 642 933 721 Claudii,
961 641 1053 704 lulius
1069 643 1164 716 Ger-s

141 732 242 792 manici
262 729 414 790 vocabulis
436 737 592 806 mutantur,
614 728 787 788 testificante
803 725 943 787 Cornelio
960 726 1068 806 Orfito,
1092 728 1140 806 qui

141 815 168 876 id
194 822 362 891 censuerat,
387 813 458 874 idec
480 812 588 872 lunium
608 817 738 874 mensem
761 814 972 888 transmissum,
996 812 1062 890 qnia
1083 810 1140 871 duo

23 937 24 960 2
137 902 195 960 iarn
209 898 349 976 Torquati
370 897 408 958 ob
429 896 546 957 scelera
569 896 714 956 interfecti
732 896 885 956 infaustum
907 913 1012 965 nomen
1031 895 1141 955 lunium

140 985 288 1044 fecissent.
669 1017 672 1026 ·

203 1067 251 1128 13.
274 1065 330 1126 Tot
343 1065 520 1125 facinoribus
532 1064 648 1126 foedum
661 1081 764 1124 annum
780 1063 863 1124 etiam
879 1063 908 1124 di
923 1064 1140 1144 tempestatibus
1150 1088 1251 1108 ...-

142 1159 171 1212 et
193 1149 302 1210 morbis
322 1149 510 1226 insignivere.
542 1157 653 1210 vastata
669 1145 825 1227 campania
846 1146 959 1208 turbine
979 1158 1141 1226 ventorum,

142 1236 190 1314 qui
209 1233 294 1294 villas
314 1232 430 1293 arbusta
451 1233 553 1310 fruges
572 1233 680 1312 passim
701 1232 815 1292 disiecit
836 1233 1012 1314 pertulitque
1029 1233 1140 1294 violen-

141 1321 206 1378 tiam
227 1311 268 1378 ad
281 1317 376 1377 vicina
396 1315 474 1386 nrbi;
496 1319 594 1398 inqua
610 1333 695 1376 omne
708 1315 868 1376 mortalium
883 1334 977 1394 genus
992 1317 1036 1375 rls
1050 1317 1140 1395 pesti·

141 1401 247 1462 lentiae
262 1399 510 1480 depopulabatur,
526 1401 604 1461 nulla
620 1399 695 1460 caeli
709 1399 898 1480 intemperie,
913 1418 988 1478 quae
1003 1417 1161 1464 occurre-s

22 1525 28 1535 ·
142 1494 187 1545 ret
201 1485 304 1546 oculis.
333 1483 386 1546 sed
403 1483 503 1545 domus
519 1483 690 1564 corporibus
707 1483 857 1560 exanimis,
873 1483 976 1544 itinera
990 1482 1140 1544 funeribus

143 1567 375 1648 complebantur;
391 1584 449 1628 nan
465 1587 565 1646 sexus,
581 1584 639 1628 non
654 1575 736 1628 aetas
752 1566 884 1646 periculo
900 1585 1006 1638 vacum
1023 1568 1140 1628 servitia

142 1653 263 1732 perinde
286 1662 315 1712 et
336 1652 460 1728 ingenua
478 1651 583 1730 plebes
601 1653 704 1732 raptim
722 1651 868 1730 extingui,
889 1650 965 1713 iuter
988 1651 1153 1729 coniugum.

142 1745 170 1798 et
184 1735 342 1796 liberorum
355 1736 490 1813 lamenta,
508 1735 635 1816 quidum
651 1733 797 1814 adsident,
823 1734 888 1795 dum
904 1734 1027 1813 deflent,
1049 1753 1141 1814 saepe

24 1815 27 1818 ’
141 1820 244 1881 eodem
262 1835 336 1898 rogo
358 1819 568 1881 cremabantur.
609 1819 733 1900 equitum
754 1828 977 1900 senatorumque
998 1819 1175 1898 interituque

141 1904 270 1984 quamvis
293 1904 444 1983 promisci,
466 1903 696 1965 minnsflebiles
719 1913 815 1980 erant,
837 1912 979 1983 tamqnam
1000 1904 1142 1964 communi
1247 1933 1249 1940 ⁴

141 1987 314 2048 mortalitate
331 1988 481 2048 saeuitiam
495 1989 635 2068 principis
652 1989 867 2067 praevenirent.

202 2070 314 2131 Eodem
329 2088 404 2132 anno
422 2069 545 2132 dilectus
560 2089 615 2150 per
631 2071 752 2132 Galliam
765 2069 985 2131 Narbonensem
1000 2069 1140 2132 Africam·

142 2171 198 2232 que
221 2160 250 2212 et
268 2153 368 2213 Asiam
389 2151 478 2213 babiti
492 2162 558 2213 sunt
577 2152 746 2233 supplendis
761 2152 887 2228 Illyricis
902 2153 1085 2230 legionibus,
1104 2173 1141 2216 err

142 2235 244 2315 quibus
269 2244 365 2297 aetate
385 2245 434 2296 ant
456 2236 629 2298 valetudine·
646 2237 718 2297 fessi
740 2246 921 2298 sacramento
943 2237 1140 2300 solvebantur.
1150 2259 1175 2300 aa

141 2320 252 2381 cladem
276 2319 495 2397 Lugdunensem
518 2320 710 2400 quadragiens
725 2321 861 2382 sestertio
877 2321 988 2382 solatus
1004 2331 1048 2382 est
1064 2323 1140 2403 prin·

141 2422 227 2483 ceps,
243 2412 273 2463 ut
290 2403 394 2464 amissa
410 2404 473 2464 urbi
493 2413 686 2484 reponerent;
704 2423 788 2484 quam
805 2406 956 2485 pecuniam
969 2405 1139 2484 Lugdunen-

141 2506 189 2548 ses
205 2496 271 2550 ante
286 2487 450 2549 obtulerant
463 2489 543 2550 urbis
562 2489 685 2550 casibus.

205 2573 253 2632 14.
283 2570 316 2632 G.
340 2572 479 2634 Suetonio
505 2573 613 2635 Luccio
642 2574 779 2635 Telesino
809 2574 977 2636 consulibus
998 2575 1140 2639 Antistius

22 2671 23 2674 ’
137 2656 293 2733 Sosianus,
315 2657 452 2718 factitatis
472 2658 501 2718 in
515 2657 662 2727 Neronem
684 2651 857 2720 carminibus
871 2659 1025 2739 probrosis
1040 2659 1139 2738 exilio,

137 2749 168 2800 nt
179 2740 248 2818 dixr,
263 2740 409 2819 multatus,
427 2751 579 2824 postquam
589 2741 619 2803 id
630 2742 751 2803 honoris
766 2743 908 2804 indicibus
919 2752 1139 2822 tamqueprom-

36 2840 41 2848 ·
138 2831 217 2903 ptum
242 2823 278 2885 ad
301 2824 408 2886 caedes
428 2828 590 2906 principem
614 2829 743 2908 accepit,
765 2828 876 2906 inquies
898 2829 991 2887 animo
1008 2835 1036 2886 et
1054 2844 1144 2890 occa-

22 3381 44 3519 l

40 3574 120 3820 J
178 3597 269 3638 rncrrr
284 3598 354 3643 raas
368 3599 388 3638 r.
979 3577 1016 3636 21

136 2907 251 2968 monum
266 2906 339 2970 haud
356 2911 456 2987 segnis
471 2911 653 2972 Pammenem
669 2909 797 2971 eiusdem
812 2908 869 2970 loci
886 2910 1000 2971 exulem
1013 2919 1042 2972 et
1055 2909 1136 2974 ctat·
1152 2937 1165 2978 s

136 2991 276 3052 dacorum
298 3001 359 3053 arte
387 2995 535 3056 famosum·
551 3011 646 3075 eoque
670 2992 823 3054 multorum
845 2995 976 3055 amicitiis
996 2995 1140 3074 innexum,

136 3073 321 3134 similitudine
335 3077 467 3136 fortunae
487 3076 543 3137 sibi
559 3075 702 3138 conciliat.
730 3080 872 3139 ventitare
893 3078 928 3139 ad
946 3096 1010 3138 enm
1024 3081 1141 3142 nuntios

49 3215 55 3224 ,
136 3167 167 3218 et
184 3157 410 3232 consultationes
428 3177 485 3222 non
505 3161 612 3222 frustra
632 3170 728 3238 ratus,
750 3161 833 3222 simul
850 3179 970 3224 annnam
988 3163 1140 3242 pecuniam

137 3241 210 3300 aP:
230 3242 336 3303 Anteio
363 3244 517 3305 ministrari
541 3245 704 3323 cognoscit.
745 3264 840 3325 neque
865 3247 994 3307 nescium
1013 3245 1141 3309 habebat

136 3322 272 3387 Anteium
302 3328 422 3388 caritate
441 3328 625 3407 Agrippinae
648 3329 770 3390 irrisum
790 3328 901 3390 Neroni
925 3347 1056 3410 opesque
1077 3333 1174 3398 elusa

134 3410 313 3490 praecipuas
335 3411 370 3472 ad
392 3412 563 3473 eliciendam
580 3413 741 3492 cupidinem
764 3430 885 3492 eamque
908 3429 1023 3474 causam
1043 3413 1140 3474 multis

133 3493 229 3556 exitio
244 3513 322 3555 esse.
356 3497 444 3573 igitur
462 3496 633 3574 interceptis
647 3495 734 3557 Antei
749 3496 857 3572 literis,
880 3495 991 3555 furatus
1008 3497 1092 3554 etiam
1106 3496 1140 3556 li-
