2546 3872
223 189 266 253 80
448 165 994 263 conunnurunorurnusnonmnuu

224 356 307 455 pacis
322 371 433 423 moras;
457 351 645 412 invadendam
661 350 773 410 Italiam
778 349 1001 448 ,occupandam
1017 348 1126 418 urhem;
1144 347 1198 406 nihd

202 438 255 499 tin
280 437 433 498 discordiis
460 435 591 495 civilibus
617 435 801 495 testinatione
824 434 925 509 tutius,
956 433 1004 492 ubi
1025 432 1104 493 iacto
1124 431 1201 507 magis

224 540 308 600 quam
329 519 462 580 consulto
490 536 564 616 opus
585 527 673 578 osset.
710 517 845 596 torpebat
868 517 1002 578 Vitellius
1026 526 1055 576 et
1078 517 1201 575 fortunam

224 607 403 683 principatus
425 603 509 662 inerti
532 601 600 662 luxu
616 620 650 661 ac
666 600 797 681 prodigis
813 600 907 679 epulis
922 599 1138 680 praesumebat,
1157 615 1201 655 ne-

224 689 271 748 dio
288 687 345 747 dici
363 685 535 746 temulentus
550 693 579 744 et
596 687 696 762 sagina
712 685 825 761 gravis,
844 702 907 744 curn
923 692 1018 744 tamen
1032 685 1117 743 ardor
1132 691 1156 740 et
1169 682 1204 739 nis

224 773 343 833 militum
367 770 442 830 ultro
460 769 541 830 ducis
557 770 651 828 munia
667 767 823 846 implebat,
846 777 876 827 ut
893 786 918 826 ιι
910 768 1051 828 'adesset
1066 769 1204 846 imperator

192 869 216 910 10
228 865 257 916 st
271 856 395 926 strenuis
410 853 482 915 rel
475 855 586 930 ignavis
603 869 685 930 spem
699 861 861 929 metumque
877 850 1007 912 adderet.
1034 850 1160 912 instructi
1173 850 1203 906 in·

226 941 352 1016 tentique
376 938 488 1014 signum
510 936 701 1015 protectionis
721 943 900 1013 exposcunt,
924 937 1039 995 nomine
1062 930 1205 996 Germanici

225 1021 345 1084 Vitellio
371 1021 463 1080 statim
487 1019 600 1080 addito:
625 1018 779 1080 Gaesarem
802 1037 835 1078 se
858 1018 1000 1097 appellari
1022 1021 1108 1078 etiam
1129 1018 1205 1076 victor

226 1105 381 1203 prohibuit.
402 1103 505 1163 laetum
519 1103 669 1192 augurium
680 1101 771 1162 Fabio
785 1102 900 1164 Valenti
913 1104 1124 1181 exercituique,
1138 1115 1204 1178 quan

226 1189 253 1246 in
277 1187 384 1247 betium
405 1185 525 1264 agebat,
553 1188 617 1264 ipso
641 1180 831 1265 profectionis
852 1185 898 1245 dia
922 1186 1018 1265 aquila
1040 1187 1099 1246 leui
1119 1191 1201 1254 meatu,

191 1285 216 1325 ιι
229 1281 314 1349 prout
331 1289 433 1348 agmen
451 1269 615 1346 incederet,
634 1269 713 1330 velut
728 1269 825 1329 dux
797 1287 863 1328 mae
876 1270 1075 1348 praevolavit,
1094 1270 1199 1344 longum·

227 1373 284 1433 que
306 1372 360 1434 per
381 1354 526 1431 spatium
519 1373 543 1413 rs
559 1354 741 1431 gaudentium
755 1353 873 1412 militum
888 1352 1014 1430 clamor,
1038 1371 1073 1414 ea
1089 1353 1198 1444 quassu

226 1441 344 1498 territae
360 1439 434 1498 alitis
451 1439 521 1515 tuit,
546 1447 574 1496 ut
592 1437 666 1498 haud
684 1436 796 1496 dubium
812 1454 934 1513 magnae
952 1445 981 1497 et
997 1453 1156 1516 prosperae
1170 1447 1200 1489 ι

229 1540 313 1582 omen
330 1524 523 1600 acciperetur.

288 1605 565 1667 consueveras
587 1605 700 1682 quidem
720 1613 749 1664 ut
764 1605 863 1665 socios
881 1622 975 1664 secun
969 1603 1107 1664 adiere:
1136 1601 1204 1662 nivo

225 1688 288 1748 duri
322 1689 617 1768 (Mediomatricorum
640 1687 668 1747 id
692 1687 828 1767 oppidum
857 1689 916 1786 est)
953 1705 1124 1767 quamquam
1147 1679 1203 1743 anui
1235 1743 1236 1750 ,

225 1773 359 1832 comitate
388 1779 529 1848 exceptos
561 1769 670 1830 subitus
693 1788 784 1849 pavor
805 1772 920 1847 terruit,
950 1771 1043 1849 ruptis
1064 1771 1204 1848 derepente
1235 1761 1236 1852 j

224 1855 310 1915 arnis
337 1853 371 1912 ad
401 1852 553 1913 caedem
544 1855 678 1912 innoxiae
705 1855 843 1928 civitatis,
871 1872 928 1914 non
954 1853 991 1913 ob
1014 1855 1149 1933 praedam
1171 1853 1206 1907 aut
1235 1853 1236 1920 ἴ

202 1936 368 2016 uspoliandi
393 1935 541 2013 cupidius,
572 1935 625 1996 sed
648 1936 747 1996 iurore
770 1936 894 1997 atrabis
921 1945 949 1996 et
974 1939 1071 1998 causis
1096 1933 1205 2001 incertis,
1235 1971 1236 1976 η

226 2037 321 2100 eoque
343 2018 556 2081 difficilioribus
571 2020 724 2097 remediis,
745 2019 839 2080 donec
855 2020 990 2100 precibus
1005 2021 1088 2082 ducis
1102 2013 1206 2093 mitigati
1235 2013 1236 2090 i

223 2104 260 2166 ab
281 2104 395 2164 excidio
421 2104 543 2175 civitatis
564 2112 782 2183 temperavere3
813 2123 898 2165 caesa
920 2113 1013 2164 tamen
1034 2104 1071 2166 ad
1092 2110 1207 2183 quattuor
1235 2111 1236 2172 3

224 2189 301 2248 milia
319 2187 500 2248 irominum.
492 2205 575 2266 nsque
589 2196 684 2246 terror
703 2186 811 2248 Gallias
827 2189 946 2264 invasit,
970 2197 1000 2248 ut
1014 2187 1140 2248 uenienti
1153 2197 1207 2242 mou
1235 2193 1236 2260 i

226 2271 331 2348 agmini
354 2272 508 2331 universae
537 2272 669 2330 civitates
698 2288 760 2330 cum
788 2272 1001 2348 magistratibus
1030 2280 1061 2332 et
1088 2269 1163 2350 preci
1165 2266 1207 2324 bus
1235 2267 1236 2316 l

189 2363 428 2430 inoccurrerent,
445 2355 540 2414 stratis
556 2372 609 2432 per
623 2354 686 2414 vias
702 2354 815 2426 feminis
830 2355 1005 2434 puerisque,
1024 2371 1153 2433 quaeque
1163 2347 1206 2408 aba

224 2438 403 2518 placamenta
418 2436 553 2497 hostilis'
546 2456 622 2513 rrae,
644 2455 701 2498 non
718 2439 854 2517 quidem
846 2458 875 2498 ιιι
889 2438 987 2516 betto,
1011 2439 1065 2502 sed
1082 2453 1133 2516 pro
1146 2445 1206 2512 pace

225 2521 426 2582 tendebantur.

188 2679 191 2682 Α
288 2605 338 2668 64.
366 2603 498 2664 Nuntium
520 2603 556 2663 de
573 2605 662 2665 caede
679 2605 787 2666 Galbae
802 2616 831 2665 et
846 2606 966 2684 imperio
982 2604 1103 2665 Othonis
1118 2599 1206 2664 Fabius
1235 2663 1236 2666 ,

224 2687 364 2749 Valens
355 2706 383 2746 ιιι
402 2689 518 2747 civitate
533 2687 692 2749 Leucorum
708 2691 832 2770 accepit.
864 2707 920 2750 nec
937 2689 1055 2749 militurn
1070 2691 1171 2750 animus
1184 2682 1206 2738 ῑι

225 2772 358 2870 gaudium
381 2781 429 2832 aut
449 2769 601 2831 formidine
626 2782 786 2850 permotus:
817 2771 924 2833 bellum
948 2773 1096 2834 volvebat.
1131 2763 1236 2830 Gallis¹

184 2890 191 2896 -
225 2855 369 2914 cunctatio
390 2861 523 2933 exenrpta
538 2860 596 2914 est.
613 2855 641 2914 in
657 2855 798 2916 Othonem
818 2875 852 2917 ac
867 2856 1016 2918 Vitellium
1037 2857 1131 2918 odium
1153 2864 1205 2930 ptis

202 2947 263 2998 tex
285 2937 405 2998 Vitellio
425 2947 455 2998 et
476 2946 578 3002 metus
609 2941 740 3018 proxima
762 2939 921 3018 Lingonum
943 2941 1047 3002 civitas
1068 2946 1142 3013 erat,
1161 2929 1207 2992 fida

175 3059 182 3072 ⁴
225 3019 363 3099 partibus.
376 3021 523 3099 benigna
545 3023 662 3101 excepti
684 3023 826 3084 modestia
849 3033 1016 3102 certavere,
1047 3023 1098 3086 sed
1121 2982 1206 3079 brevis

226 3105 332 3165 taetitia
351 3105 402 3166 tuit
418 3105 580 3166 cohortium
594 3107 779 3186 intemperie,
803 3125 875 3185 quas
890 3125 907 3168 a
922 3108 1040 3186 legione
1055 3113 1195 3187 quarta
1165 3098 1205 3159 d

226 3207 323 3265 cuma,
342 3198 372 3248 ut
387 3209 473 3268 supra
485 3191 720 3268 memoravimus,
736 3191 885 3268 digressas
898 3193 1038 3253 exercitui
1049 3207 1100 3252 suo
1112 3183 1205 3248 Fabius

227 3272 335 3332 Valens
357 3272 535 3338 adiunxerat
564 3275 658 3352 iurgia
682 3276 817 3376 primum,
841 3293 910 3335 mox
930 3277 992 3336 rixa
1006 3276 1078 3336 inter
1092 3271 1205 3332 batavos

189 3363 215 3404 tt
227 3363 255 3413 et
276 3354 469 3432 legionarios,
492 3357 557 3416 dum
578 3356 623 3416 his
641 3367 687 3418 aut
701 3353 760 3418 iilis
774 3357 866 3419 studia
881 3360 998 3420 militum
1013 3359 1203 3436 adgregantur

225 3451 319 3514 prope
338 3437 366 3496 in
384 3440 524 3519 proelium
541 3457 696 3519 exarsere,
717 3443 745 3500 ni
761 3442 871 3502 Valens
889 3441 1130 3504 animadversione
1144 3447 1202 3514 pau-
