2540 3874
405 169 511 220 arnan
521 171 574 220 111.
591 171 667 220 car.
679 169 801 227 57-62.
1042 166 1103 230 1ot
1155 137 1158 146 ³

102 345 120 388 e
135 325 263 406 paternis
279 323 408 386 consiliis
420 323 545 386 discere.
572 344 643 388 sane
656 337 826 404 gravaretur
837 338 986 410 aspectum
1000 332 1103 396 civium

102 429 194 472 senex
208 411 367 489 imperator
385 408 553 489 fessamque
572 420 697 472 aetatem
719 422 749 473 et
769 423 850 476 actos
866 414 992 484 labores
1017 435 1101 497 prae·

102 495 250 556 tenderet:
266 493 363 554 Druso
379 493 525 572 quodnisi
541 512 578 556 ex
590 496 760 574 adrogantia
773 498 1027 577 impedimentum?
1112 523 1136 564 ra

162 579 213 641 60.
235 576 295 639 Sed
317 576 468 654 Tiberius,
488 579 545 639 vim
567 581 746 660 principatus
770 583 825 644 sibi
845 582 976 663 firmans,
1002 585 1101 663 imagi-

100 681 164 724 nem
184 662 360 741 antiquitatis
380 663 493 723 senmui
516 663 693 742 praebebat,
720 667 866 744 postulata
888 670 1102 748 provinciarum

98 748 135 808 ad
151 746 381 826 disquisitionem
392 755 505 824 patrum
517 749 666 809 mittendo.
700 749 910 812 crebrescebat
922 753 996 813 enirn
1008 751 1100 830 ,drae-

98 847 218 910 caspar
234 827 324 890 urbes
339 829 458 892 licentia
472 839 559 912 atque
573 832 726 910 impunitas
747 834 829 910 asyla
852 837 1009 906 statuendi;
1033 851 1100 898 cou-

97 913 372 994 plebanturtempla
387 915 522 993 pessimis
544 916 742 988 seruitiorum
766 919 870 982 eodem
892 919 1022 982 subsidio
1048 920 1123 981 oba

96 999 187 1060 aerati
203 997 356 1059 aduersum
373 997 537 1060 creditores
552 1002 743 1080 suspectique
766 1001 931 1082 capitalium
953 1005 1099 1065 criminum

95 1081 1100 1247 tilttllllllnlllllll‚⁸llltllllulll‘lltttltllt

95 1253 180 1314 deum
196 1251 390 1331 protegentis.
424 1252 512 1329 igitur
527 1252 665 1331 placitum
679 1263 710 1314 ut
724 1256 870 1316 mitterent
888 1255 1021 1319 ciuitates
1036 1258 1100 1318 iura

95 1346 182 1416 atque
198 1335 325 1413 legatos.
356 1344 386 1396 et
409 1335 551 1414 quaedam
571 1337 648 1414 quod
668 1336 745 1399 ialso
767 1350 978 1418 usurpaverant
992 1348 1134 1420 spontem

96 1422 237 1491 omisere;
264 1419 371 1481 multae
386 1421 510 1481 vetustis
526 1422 781 1500 superstitionibus
798 1432 847 1485 aut
866 1419 975 1492 meritis
997 1425 1026 1484 in
1047 1442 1099 1505 po·

96 1505 193 1587 pulum
206 1503 365 1566 Romanum
381 1503 519 1567 lidebant.
548 1521 712 1584 magnaque
734 1507 797 1568 eius
819 1506 876 1567 diei
896 1509 1015 1587 species
1037 1508 1099 1585 luit,

96 1607 153 1670 quo
167 1597 285 1651 senatus
299 1589 439 1650 maiorum
454 1587 607 1666 beneficia,
627 1591 772 1652 sociorum
789 1597 886 1671 pacta,
900 1609 1002 1670 regum
1015 1594 1100 1654 etiarn

96 1675 226 1754 quiante
242 1674 300 1734 rim
314 1671 472 1734 Romanam
487 1673 639 1736 valuerant
658 1673 777 1736 decreta
799 1674 988 1756 ipsorumque
1010 1677 1099 1738 numi·

94 1776 160 1819 num
173 1758 335 1835 religiones
348 1758 533 1836 introspexit,
549 1757 654 1836 bbere,
668 1768 700 1821 ut
715 1759 874 1839 quondam,
890 1759 959 1840 quid
974 1759 1101 1822 iirmaret
1110 1777 1135 1818 ru

95 1850 265 1905 mutaretve.

157 1926 207 1989 61.
226 1925 312 1988 Primi
334 1926 459 1987 omniurn
473 1925 593 2006 Ephesii
616 1925 732 2004 adiere,
755 1937 949 1990 memorantes
971 1947 1044 2008 uon,
1069 1939 1101 1990 ut

96 2011 201 2090 vulgus
217 2010 362 2086 crederet,
377 2008 499 2074 Dianam
513 2019 599 2091 atque
616 2009 785 2090 Apollinem
795 2010 873 2074 Delo
885 2013 1018 2091 genitos:
1031 2031 1101 2076 esse

95 2095 172 2176 apud
185 2113 220 2156 ae
238 2091 421 2156 Cenchreum
442 2111 570 2171 munem,
590 2095 686 2156 lucum
705 2093 870 2175 Ortygiam,
890 2097 939 2158 ubi
963 2097 1100 2160 Latonam

93 2190 178 2260 partu
195 2178 343 2259 gravidam
359 2187 389 2239 et
403 2178 508 2256 oleae,
533 2196 609 2258 quae
632 2189 690 2240 turn
712 2180 798 2240 etiam
818 2190 946 2256 maneat,
972 2181 1100 2242 adnisam

93 2263 224 2326 edidisse
251 2279 287 2325 aa
316 2263 448 2340 numina,
474 2263 655 2343 deorumque
682 2265 790 2324 monitu
820 2273 963 2325 sacratum
988 2281 1124 2325 nemusu

91 2358 181 2428 atque
198 2349 292 2428 ipsum
308 2346 370 2408 illie
386 2345 554 2426 Apollinem
578 2356 646 2426 post
666 2347 839 2409 interiectos
855 2346 1003 2427 Cyclopas
1020 2346 1102 2409 lovis

91 2435 165 2494 iram
179 2433 328 2494 vitavisse.
361 2430 576 2493 mox'biberum
587 2441 711 2512 patrem,
727 2431 808 2493 bello
821 2432 973 2509 uictorem,
990 2430 1101 2512 suppli·

91 2517 177 2580 cibus
192 2515 386 2592 Amazonum,
408 2533 484 2595 quae
499 2533 577 2578 aram
598 2515 774 2594 insiderant,
797 2516 958 2594 ignovisse.
990 2524 1101 2577 auctam

90 2603 161 2662 binc
176 2616 322 2661 concessu
336 2598 488 2676 Herculis,
511 2618 575 2664 cum
595 2600 685 2677 Lydia
707 2609 874 2684 poteretur,
898 2600 1102 2662 caerimoniam

90 2684 329 2763 temptumque
343 2683 498 2744 Persarum
512 2684 626 2747 dicione
643 2685 815 2746 deminutum
829 2685 890 2756 ius;
913 2693 983 2764 post
1004 2683 1100 2746 blace-
1111 2697 1135 2738 ro

89 2769 199 2844 donas,
218 2767 286 2830 dein
301 2784 357 2830 uos
373 2769 552 2834 servavisse.

160 2851 210 2914 62.
226 2851 359 2914 Proximi
372 2851 430 2912 hos
444 2849 596 2930 Magnetes
609 2850 641 2914 b.
657 2851 804 2930 Scipionis
820 2860 850 2912 et
864 2849 894 2912 L.
910 2851 1010 2914 Sullae
1032 2870 1100 2914 con·

89 2937 205 2998 stitutis
220 2935 394 3013 nitebantur,
415 2952 536 3015 quorum
553 2935 604 2998 ille
620 2934 778 3014 Antiocho,
793 2935 842 2996 bic
852 2933 1019 2998 Mithridate
1037 2936 1100 3017 pul·

88 3022 136 3083 sis
154 3018 240 3081 iidem
261 3029 350 3101 atque
371 3020 505 3082 virtutem
525 3019 690 3098 Magnetum
711 3019 910 3097 decoravere,
932 3021 973 3081 uti
990 3019 1101 3082 Dianae

87 3105 330 3184 Leucophrynae
354 3105 520 3184 periuglum
538 3103 717 3178 ⁴inuiolabile
732 3104 820 3166 ioret.
852 3103 1101 3185 Aphrodisienses

88 3189 221 3269 posthae
244 3197 274 3250 et
294 3188 529 3250 Stratonicenses
551 3189 702 3252 dictatoris
721 3186 856 3251 Caesaris
878 3188 915 3251 ob
942 3196 1054 3252 uetusta
1072 3191 1126 3248 ina

86 3273 187 3354 partis
205 3274 306 3334 menta
322 3281 353 3334 et
369 3289 475 3338 recens
493 3273 551 3334 divi
567 3273 692 3352 Augusti
708 3273 859 3336 decretum
874 3272 1024 3349 adtulere,
1042 3273 1101 3332 lau·

88 3358 156 3420 dati
182 3355 259 3436 quod
282 3357 453 3419 Parthorum
472 3358 665 3436 inruptionem
685 3357 756 3419 nibil
775 3366 884 3418 mutata
908 3358 936 3416 in
963 3354 1102 3434 populum

89 3439 258 3504 Romanum
276 3441 434 3504 constantia
455 3441 652 3521 pertulissent.
691 3441 745 3502 sed
769 3437 1039 3520 Aphrodisiensium
1063 3437 1101 3496 ci·
