2540 3874
415 185 521 234 nunna
541 189 589 236 1v.
613 188 688 238 cue.
709 178 828 244 ιιι-ιο.
1073 187 1132 248 tut

132 338 313 484 coslqperflicrf
334 357 399 400 nam
414 341 556 422 pleraque
572 343 609 404 ab
632 346 728 406 saevis
744 347 954 447 adulationibus
967 350 1089 412 aliorum
1104 353 1133 414 in
1143 367 1168 408 ιο

129 432 932 594 ttltilitttttttttitttttttltttltt
948 453 1133 580 tibitibi

128 600 190 652 tare
205 607 309 670 cogor,
326 593 386 654 iato
402 603 431 654 et
446 604 527 656 sorte
543 597 700 676 nascendi,
723 607 753 658 ιιι
773 608 888 679 οοιοιι,
912 603 951 664 ita
970 603 1133 683 principum

7 690 12 708 ¹
127 675 275 750 inclinatio
292 678 325 738 in
346 677 418 758 bos,
444 679 568 742 offensio
589 681 722 760 luillae,
745 701 781 743 ιιι
802 684 839 744 sit
859 685 966 765 aliquid
980 689 1009 746 in
1024 689 1132 748 nostris

4 820 19 834 ,
128 760 259 822 consiliis
280 761 426 842 liceatque
446 765 522 824 iuter
542 764 693 844 abruptam
716 771 924 830 contumaciam
947 780 977 831 et
1000 771 1166 832 ‹leiormelt

127 845 298 925 obsequium
322 864 451 925 pergere
472 849 527 909 iter
548 849 703 911 ambitione
725 869 760 912 ac
781 853 920 931 perieulis
940 871 1072 916 vaenum.
1103 863 1133 916 at

125 929 299 992 Messalinus
315 929 401 994 Getta
415 931 491 994 baud
505 933 597 996 minus
612 933 699 996 claris
712 935 885 1017 maioribus,
907 938 960 1000 sed
979 940 1073 1000 animo
1090 938 1132 999 di·

126 1032 242 1092 versus,
258 1017 371 1076 censuit
386 1016 546 1090 cavendum
562 1027 680 1080 senatus
696 1021 845 1101 consulto,
862 1031 892 1083 ut
907 1041 1075 1103 quamquam
1090 1023 1131 1083 iu·

5 1129 12 1151 .
125 1107 227 1159 sontes
254 1101 437 1178 magistratus
469 1111 499 1162 et
525 1103 629 1183 culpae
655 1102 768 1166 alienae
790 1106 881 1166 nescii
902 1105 1131 1186 prouincialibus

124 1201 247 1244 uxorum
264 1185 430 1246 criminibus
448 1186 570 1266 perinde
586 1205 671 1268 quam
685 1189 745 1248 suis
761 1188 970 1267 plecterentur.
1139 1198 1165 1240 ιι

189 1269 241 1330 21.
263 1269 369 1330 Actum
384 1269 489 1332 debinc
505 1270 542 1332 de
557 1270 714 1353 Calpurnio
729 1271 852 1353 Pisone,
875 1275 966 1337 nobili
981 1294 1017 1336 ao
1036 1275 1130 1337 ieroei

124 1355 200 1414 viro.
230 1353 256 1414 is
276 1370 414 1433 namque,
433 1364 464 1415 nt
480 1355 593 1433 rettuli,
616 1358 763 1417 cessurum
785 1377 818 1419 se
838 1358 911 1420 urbe
932 1360 1131 1422 abiectiones

124 1445 327 1500 accusatorum
348 1440 377 1498 in
397 1447 499 1499 senatu
522 1439 719 1501 clamitaverat
741 1449 770 1501 et
797 1452 894 1522 spreta
921 1445 1051 1524 potentia
1070 1444 1129 1505 Au·

76 1569 82 1574 .
123 1531 229 1602 gastae
247 1522 363 1584 trabere
385 1523 414 1583 in
434 1522 479 1583 ius
492 1523 680 1602 Urgulaniam
700 1524 845 1605 domoque
867 1527 1006 1608 principis
1030 1529 1130 1588 excire

123 1625 213 1670 ausus
226 1615 299 1668 erat.
330 1605 455 1687 quaein
476 1624 617 1686 praescus
639 1607 770 1670 liberius
795 1610 919 1670 civiliter
940 1609 1052 1672 babuit:
1075 1609 1149 1672 sealt

122 1691 153 1752 iu
167 1691 262 1752 auimo
278 1691 451 1752 revolvente
464 1692 533 1768 iras,
549 1692 634 1755 emam
648 1692 673 1752 si
690 1694 814 1772 impetus
827 1694 998 1756 offensionis
1009 1695 1129 1773 laugue-

123 1785 177 1855 ιιι,
192 1777 329 1836 memoria
346 1775 475 1837 valebat.
514 1776 650 1839 Pisonem
664 1778 700 1854 Q.
720 1777 842 1840 Granius
858 1779 967 1840 secreti
986 1779 1129 1841 sermonis

121 1860 272 1922 incusavit
288 1859 440 1922 adversum
462 1862 640 1922 maiestatem
665 1860 771 1941 babiti,
799 1862 962 1944 adiecitque
985 1864 1015 1923 in
1041 1863 1128 1924 domo

123 1947 187 2006 eius
202 1963 343 2006 venenum
359 1963 427 2006 esse
442 1962 564 2024 eumque
585 1945 681 2025 gladio
696 1947 856 2008 accinctum
871 1948 992 2009 introire
1012 1947 1128 2009 curiam.

124 2028 204 2110 quod
220 2037 251 2089 ut
265 2029 392 2091 atrocius
408 2045 481 2090 vero
497 2030 674 2092 tremissum:
690 2039 870 2108 ceterorum,
887 2049 962 2111 qnae
976 2031 1063 2092 multa
1081 2048 1128 2090 cu·
1139 2039 1164 2082 ιι

13 2140 17 2149 ·
122 2112 320 2191 mutabantur,
341 2127 480 2192 receptus
497 2123 543 2174 est
564 2131 648 2191 reus,
673 2131 769 2193 nequo
790 2124 928 2195 peractus
948 2114 987 2176 ob
1006 2124 1129 2176 mortem

123 2206 326 2278 opportunam.
337 2196 459 2260 relatum
473 2205 504 2258 et
517 2197 554 2258 tle
570 2195 674 2259 Cassio
688 2199 801 2259 Severo
816 2199 913 2276 exule,
930 2201 978 2279 qni
993 2197 1129 2260 sordidae

123 2281 263 2361 originis,
279 2281 432 2344 maleficas
446 2282 535 2359 vitae,
554 2281 607 2344 sed
625 2281 725 2342 orandi
740 2282 868 2362 validus,
891 2299 945 2362 por
961 2282 1129 2343 immodicas

120 2366 285 2428 inimicitias
301 2374 331 2426 ut
346 2365 452 2426 iudicio
477 2364 560 2426 iurati
582 2375 699 2426 senatus
719 2365 834 2428 Cretam
854 2375 1039 2428 amoveretur
1059 2365 1128 2427 ebo·

123 2460 219 2520 cerst;
243 2459 331 2530 atque
354 2450 415 2512 illic
437 2450 539 2512 eadem
562 2449 707 2512 actitando
726 2451 856 2512 recentia
877 2458 1038 2530 veteraque
1062 2449 1163 2510 otlia1⁵

122 2535 257 2612 advertit,
274 2533 417 2615 bonisque
433 2543 550 2615 exutus,
573 2529 728 2595 interdicto
750 2534 811 2612 igni
832 2544 919 2614 atque
940 2551 1033 2616 aqua,
1055 2550 1128 2594 saxo

39 2666 42 2675 .
121 2620 251 2699 Seripho
267 2615 429 2681 consenuit.

188 2703 240 2766 22.
262 2703 409 2766 Periclem
433 2711 547 2782 tempus
567 2701 694 2765 l’lantius
715 2703 849 2764 Silvanus
871 2710 990 2782 praetor
1008 2703 1129 2763 incertis

121 2789 221 2852 causis
236 2788 396 2870 Aproniam
412 2788 565 2864 coniugem
581 2789 610 2846 in
625 2804 771 2866 praeceps
793 2787 882 2865 iecit,
904 2793 1071 2867 tractusque
1092 2784 1129 2846 ad

121 2875 281 2938 caesarem
302 2872 391 2935 abb.
412 2871 545 2951 Apronio
569 2887 678 2932 socero
697 2870 810 2932 turbata
840 2879 938 2932 mente
965 2869 1128 2951 respondit,

120 2971 264 3038 tamquam
279 2959 344 3037 ipse
360 2969 463 3018 somno
477 2956 577 3035 gravis
593 2964 679 3035 atque
693 2971 731 3016 eo
748 2956 878 3032 maras,
893 2963 925 3014 et
936 2971 1012 3016 uxor
1023 2962 1128 3036 sponte

4 3047 15 3068 ⁸
119 3050 245 3105 mortem
268 3043 449 3121 sumpsisset.
483 3058 541 3101 non
566 3048 735 3100 cunctanter
756 3038 890 3100 'liberius
909 3038 1008 3119 pergit
1028 3040 1057 3099 in
1079 3038 1153 3100 ulo-e

120 3145 210 3205 mum,
225 3127 293 3188 visit
309 3125 489 3201 cubiculum,
503 3125 532 3186 in
550 3142 608 3204 quo
621 3122 790 3188 reluctantis
805 3131 835 3183 et
848 3122 989 3203 impulsae
1004 3123 1130 3200 vestigia

122 3211 326 3274 comebantur.
356 3210 448 3271 reiert
467 3207 503 3273 ad
524 3217 672 3285 senatum,
694 3207 827 3286 datisque
847 3206 989 3268 iudicibus
1004 3205 1128 3282 Urgula-

121 3299 169 3358 nia
186 3296 295 3358 Silvani
310 3294 374 3356 avia
392 3295 550 3374 pugionem
567 3294 668 3372 nepoti
683 3291 767 3374 misit.
798 3291 876 3370 quod
898 3286 1019 3370 perinde
1035 3286 1128 3347 crebi-

122 3389 183 3442 tum
202 3381 285 3460 quasi
308 3377 449 3462 principis
469 3377 578 3438 monitu
600 3377 638 3438 ob
661 3375 811 3438 amieitiam
824 3375 975 3452 Augustae
991 3387 1055 3430 oum
1069 3369 1127 3430 Ur·

122 3465 250 3543 gulania.
284 3481 352 3526 reus
372 3463 479 3524 frustra
501 3470 641 3542 temptato
664 3461 745 3522 terro
764 3475 856 3518 venas
877 3452 1011 3534 praebuit
1032 3450 1164 3514 exsul-oa
