2596 3872
169 159 233 222 250
440 169 930 221 coauunurnorurnrrnnurun

169 325 292 404 lorigem
306 343 412 406 preces
428 326 588 406 suscipere.
618 325 801 405 profectique
815 325 934 386 Romam
952 324 1017 384 dum
1037 325 1100 384 aliis
1123 343 1171 386 cu·

169 414 209 470 ris
229 412 366 471 intentum
386 409 533 472 Neronem
555 411 760 489 opperiuntur,
788 411 864 469 inter
886 427 920 469 ea
944 426 1018 488 quae
1036 407 1171 469 barbaris

170 503 350 555 ostentantur
369 497 515 556 intravere
536 491 656 573 Pompei
682 494 838 568 theatrum,
865 508 922 573 quo
948 492 1170 570 magnitudinem

169 578 270 659 populi
284 579 423 639 viserent.
452 578 514 638 illic
536 596 589 658 per
606 579 693 637 otium
714 578 918 659 (nequeenim
936 576 1055 637 ludicris
1076 577 1171 654 ignari

131 687 159 728 ss
171 662 406 742 oblectabantur)
427 662 493 722 dum
515 679 685 722 consessum
701 680 825 739 caveae,
846 660 1010 722 discrimina
1028 659 1170 739 ordinum,

169 749 233 826 quis
244 765 346 827 eques,
359 747 407 808 ubi
421 756 537 806 senatus
549 755 765 826 percontantur,
777 744 930 807 advertere
941 743 1080 823 quosdam
1092 744 1171 805 cultu

169 841 291 892 externo
313 832 342 890 in
358 831 475 892 sedibus
491 839 671 901 senatorum:
696 840 726 890 et
745 832 860 910 quinam
880 829 977 891 forent
996 829 1170 907 rogitantes,

169 923 321 995 postquam
339 915 506 976 auffiverant
521 932 618 974 earum
633 915 759 992 gentium
774 915 881 992 legatis
895 912 925 974 id
935 911 1054 972 honoris
1066 911 1170 992 datum,

138 1015 146 1026 ·
169 1015 243 1078 quae
263 1001 370 1064 virtute
389 1008 418 1059 et
438 999 560 1058 amicitia
576 999 706 1059 Romana
727 997 955 1078 praecellerent,
977 995 1072 1057 nullos
1093 1013 1170 1056 mor·

128 1082 265 1142 sotalium
289 1085 375 1144 armis
396 1089 444 1142 aut
465 1081 521 1141 lide
543 1089 609 1142 ante
626 1081 786 1142 Germanos
802 1099 869 1142 esse
884 1081 1047 1142 exclament
1064 1079 1170 1158 degre-

168 1165 339 1246 diunturque
359 1173 390 1226 et
408 1164 483 1225 inter
505 1174 605 1246 patres
622 1165 785 1226 considunt.
804 1165 883 1244 quod
898 1166 1020 1225 comiter
1037 1182 1054 1223 a
1071 1166 1168 1224 viseu-

167 1247 244 1309 tibus
268 1259 439 1329 exceptum,
464 1250 560 1328 quasi
575 1251 698 1328 impetos
717 1251 826 1328 antiqui
849 1258 881 1309 et
901 1249 978 1309 bona
1003 1249 1170 1309 aernulatio.

167 1332 247 1394 Nero
264 1335 379 1394 civitate
394 1332 522 1394 Romana
538 1333 638 1394 ambos
653 1334 782 1409 donavit,
796 1333 908 1394 Frisios
924 1332 1069 1394 decedere
1088 1333 1168 1410 agris

167 1418 259 1478 iussit.
290 1426 377 1498 atque
396 1416 454 1478 illis
471 1417 691 1498 aspernantibus
705 1417 853 1478 auxiliaris
868 1435 960 1496 eques
981 1426 1103 1496 repente
1117 1417 1168 1475 im·

125 1503 271 1561 asmissus
291 1502 496 1562 necessitatem
518 1501 626 1580 attulit,
653 1502 747 1582 captis
764 1503 898 1562 caesisve
919 1503 967 1580 qui
983 1501 1168 1581 pervicacius

165 1586 341 1646 restiterant.
622 1629 626 1638 .

229 1671 280 1730 55.
303 1667 431 1730 Eosdem
449 1687 537 1748 agros
552 1669 728 1746 Ampsivarii
745 1686 941 1748 occupavere,
955 1667 1081 1729 validior
1093 1686 1170 1745 gens

165 1769 224 1812 non
239 1751 325 1811 modo
342 1771 393 1813 sua
409 1754 503 1830 copia,
519 1752 571 1812 sed
584 1753 773 1812 adiacentium
784 1753 958 1832 populorum
969 1753 1167 1830 miseratione,

161 1837 232 1913 -quia
253 1835 329 1913 pulsi
350 1853 365 1894 a
387 1833 511 1895 Chaucis
531 1845 560 1895 et
575 1834 654 1895 sedis
674 1835 779 1915 inopes
794 1844 884 1896 tutum
899 1836 1016 1897 exilium
1036 1835 1164 1897 orabant

166 1916 325 1995 aderatque
348 1918 383 1976 iis
405 1918 500 1979 clarus
521 1937 575 1999 per
595 1918 660 1978 illas
677 1929 783 1996 gentes
798 1929 827 1980 et
848 1919 933 1981 uobis
950 1939 1066 1999 quoque
1083 1918 1166 1996 lidus,

135 2002 281 2060 suomine
296 1999 463 2079 Boiocalus,
478 2003 605 2062 vinctum
620 2021 653 2063 se
668 2003 831 2065 rebellione
848 2001 999 2065 Cherusca
1012 2004 1092 2064 iussu
1110 2003 1165 2062 Ar-

164 2085 243 2144 minii
263 2085 413 2164 referens,
436 2103 505 2146 mcx
519 2083 653 2161 Tiberio,
695 2085 868 2148 Germanico
887 2086 1008 2148 ducibus
1024 2087 1165 2167 stipendia

164 2168 320 2247 meruisse,
346 2179 375 2228 et
392 2171 599 2250 quinquaginta
616 2188 755 2232 annorum
771 2172 914 2251 obsequio
935 2171 964 2232 id
979 2187 1097 2250 quoque
1118 2169 1166 2230 ad·

163 2253 301 2331 iungere,
322 2253 400 2331 quod
416 2263 533 2332 gentem
554 2271 634 2315 suam
651 2254 757 2315 dicioni
777 2264 897 2316 nostrae
920 2255 1075 2316 subiceret.
1107 2271 1165 2334 quo

161 2345 268 2396 tautam
284 2346 395 2415 partem
413 2339 507 2418 campi
524 2339 636 2416 iacere,
657 2339 686 2398 in
700 2357 782 2418 quam
800 2357 911 2419 pecora
928 2349 957 2400 et
972 2348 1098 2400 armenta
1115 2339 1165 2397 mi·

125 2419 242 2480 solitum
268 2419 421 2499 aliquando
446 2421 728 2482 transmitterentur?
758 2433 910 2484 servarent
931 2441 1002 2484 saue
1028 2431 1167 2502 receptus

162 2502 304 2581 gregibus
326 2506 402 2564 inter
416 2505 560 2564 homiuum
575 2505 693 2583 lumem,
714 2508 801 2567 modo
816 2525 853 2567 ne
867 2509 1031 2568 vastitatem
1047 2515 1077 2566 ot
1092 2506 1165 2567 soli·

162 2587 288 2648 tudinem
308 2589 426 2649 mallent
450 2605 534 2668 quam
554 2589 662 2650 amicos
684 2591 819 2669 populos.
844 2589 1054 2652 Chamavorum
1075 2607 1166 2670 quon·
1195 2604 1205 2626 -·

163 2669 227 2730 dam
244 2689 279 2730 ea
296 2689 373 2750 arva,
391 2689 459 2732 mox
477 2671 636 2733 Tubantum
651 2683 681 2732 et
695 2683 764 2752 post
778 2675 936 2754 Usiporum
950 2674 1052 2735 luisse.
1081 2673 1167 2733 sicuti

162 2753 275 2814 caelum
289 2753 367 2834 deis,
389 2757 428 2816 ita
449 2765 542 2816 terras
561 2757 664 2834 generi
677 2758 839 2818 mortalium
854 2757 951 2828 datam
967 2774 1102 2837 quaeque
1115 2775 1166 2818 va·

124 2850 250 2915 atouae,
275 2855 325 2898 eas
346 2839 478 2919 publicas
496 2857 572 2900 esse.
603 2840 696 2901 solem
731 2842 799 2902 inde
837 2843 1000 2922 suspiciens
1021 2850 1051 2902 et
1067 2850 1167 2902 cetera

160 2920 257 2982 sidera
277 2938 388 2984 vocans
411 2925 494 3003 quasi
516 2941 613 2990 coram
633 2924 848 3004 interrogabat,
869 2925 1019 2986 vellentne
1034 2925 1167 2986 contueri
1193 2971 1198 2979 .
1293 2913 1294 2968 i

161 3005 247 3066 inane
262 3004 372 3067 solum:
395 3009 491 3088 potius
513 3025 591 3068 mare
607 3009 849 3088 superfunderent
865 3009 1005 3070 adversus
1025 3018 1167 3071 terrarum

110 3097 333 3235 ngehit
356 3183 515 3235 commotus
535 3175 580 3235 his
600 3174 721 3236 Avitus:
745 3157 882 3256 patienda
902 3177 1053 3238 meliorum
1074 3177 1165 3255 impe·

159 3257 217 3326 ria;
244 3256 274 3317 id
297 3257 340 3317 dis
369 3275 443 3337 quos
466 3258 648 3338 inplorarent
668 3261 821 3340 placitum,
849 3260 1050 3342 atarbitrium
1071 3276 1167 3340 penes

158 3337 306 3401 Romanos
320 3351 465 3420 maneret,
481 3342 550 3422 quid
565 3343 668 3404 darent
689 3342 756 3424 quid
775 3345 950 3424 adimerent,
971 3363 1068 3425 neque
1090 3342 1166 3404 alios

157 3420 270 3482 iudices
292 3443 375 3504 quam
390 3443 423 3486 se
437 3428 520 3508 ipsos
536 3436 713 3507 paterentur.
742 3428 818 3490 haec
838 3432 867 3490 in
883 3429 1030 3512 publicum
1045 3427 1179 3508 nupsi-¹
