2570 3878
155 203 214 266 134
392 207 556 260 conamur
573 207 891 258 rsorrrsnusnrunr

155 387 250 432 curam
265 366 359 428 libens
377 373 407 426 ut
422 364 663 442 consanguineus.
686 371 753 422 tunc
770 369 911 422 tractatae
928 360 1155 426 Massiliensium

154 470 259 534 preces
275 449 484 533 probatumque
497 449 530 511 P.
543 447 641 508 Rutilii
657 445 833 525 exemplum
858 463 981 524 namque
998 463 1062 506 euro
1077 446 1151 526 legi-

120 539 207 602 nbus
228 536 340 616 pulsum
363 534 455 595 civem
478 532 531 593 sibi
547 531 698 607 Zmyrnaei
719 528 897 595 addiderant.
928 547 985 608 quo
1003 530 1064 590 iure
1079 532 1153 593 Vul-

155 622 245 682 catius
255 617 393 700 Moschus
409 616 476 678 exul
491 617 520 676 in
530 615 727 677 Massilienses
741 622 882 693 receptus
894 612 970 675 bona
983 631 1033 673 sue
1045 614 1087 674 rei
1100 633 1152 695 pu·

154 705 251 766 blicee
267 720 367 764 eorum
381 711 412 762 ut
426 700 538 780 patriae
555 699 722 777 reliquerat.

209 789 265 848 44.
287 786 395 847 Obiere
415 801 452 846 eo
471 801 545 844 anno
562 785 617 845 viri
635 782 751 844 nobiles
772 781 824 842 On.
844 780 980 842 Lentulus
996 790 1025 841 et
1046 781 1076 842 L.
1091 781 1149 842 Do·

154 871 259 933 mitius.
293 869 414 931 Lentulo
442 886 530 948 super
557 867 735 930 consulatum
760 874 787 926 et
812 863 993 945 triumphalia
1015 864 1051 926 de
1073 865 1152 926 Getis

154 955 268 1034 gloriae
283 953 377 1014 iuerat
392 952 467 1013 bene
483 949 792 1031 toleratepeupertes,
810 948 876 1010 dein
887 967 1009 1027 magnae
1021 967 1095 1029 opes
1110 951 1153 1008 in·

154 1046 295 1099 nocenter
328 1042 430 1115 partae
458 1044 487 1097 et
509 1035 642 1097 modeste
669 1033 794 1095 habitae.
826 1032 982 1094 Domitium
1004 1033 1155 1096 decoravit
1273 1061 1274 1108 3

132 1131 240 1203 apeter
257 1119 336 1182 cirili
353 1119 433 1181 bello
447 1119 534 1180 meris
552 1128 666 1199 potens,
682 1118 778 1180 donec
792 1118 910 1179 Antonii
925 1117 1067 1197 pertibus,
1085 1135 1156 1179 rnox

156 1205 292 1266 Caesaris
310 1204 491 1264 misceretur.
522 1221 594 1263 avus
615 1201 783 1264 Pharsalica
805 1204 868 1264 acie
888 1219 944 1282 pro
960 1200 1155 1281 optumatibus
1273 1227 1274 1280 3

156 1287 311 1349 assideret.
340 1288 406 1366 ipse
421 1286 553 1349 delectus
569 1288 614 1348 cui
629 1288 722 1348 minor
737 1286 878 1364 Antonia,
903 1285 1022 1347 Octavia
1042 1288 1153 1364 penita,
1273 1311 1274 1360 t

154 1373 184 1433 in
204 1371 411 1433 matrimonium
431 1370 563 1448 daretur,
593 1380 661 1449 post
682 1372 812 1432 exercitu
833 1371 937 1432 llurnen
959 1369 1057 1432 Albim
1078 1379 1155 1432 tran-
1273 1365 1274 1424 l

156 1455 279 1533 scandit,
295 1454 411 1534 longios
427 1463 577 1534 penetrate
593 1453 742 1517 Germania
759 1473 843 1534 quem
855 1454 1004 1535 qusquam
1015 1455 1155 1534 priorum,

121 1558 147 1600 ro
157 1558 266 1621 easque
284 1537 322 1598 ob
340 1557 389 1600 res
408 1538 532 1616 insignia
547 1539 681 1619 triumphi
699 1539 820 1620 adeptus
836 1549 890 1602 est.
920 1539 991 1600 obiit
1006 1548 1034 1599 et
1048 1538 1079 1598 L.
1095 1539 1156 1600 An·

156 1625 261 1699 tonius,
277 1622 365 1683 multe
381 1622 548 1684 claritudine
562 1625 696 1701 generis,
713 1623 765 1686 sed
778 1625 963 1704 inprospere.
989 1641 1054 1684 nem
1073 1632 1156 1702 petre

157 1709 219 1768 eius
238 1706 302 1767 lulo
322 1704 449 1768 Antbnio
476 1704 514 1768 ob
536 1705 705 1768 adulterium
725 1707 815 1769 Iuliae
837 1717 930 1769 morte
955 1709 1054 1786 punito
1079 1707 1155 1768 buno

156 1790 306 1852 admodum
316 1788 571 1868 adulescentulum,
584 1793 695 1853 sororis
705 1801 853 1871 nepotem,
865 1791 997 1870 seposuit
1005 1791 1156 1870 Augustus

156 1875 185 1934 iu
201 1875 345 1935 civitatem
359 1872 584 1954 Massiliensem,
600 1874 648 1935 ubi
663 1877 764 1955 specie
782 1875 938 1936 studiomm
952 1892 1057 1936 nomeu
1075 1874 1157 1936 exilii

122 1973 146 2016 ae
159 1966 317 2036 tegeretur.
351 1956 464 2018 babitus
488 1965 582 2019 tamen
603 1960 744 2040 supremis
763 1959 872 2037 bonor,
898 1977 1024 2037 ossaque
1048 1959 1154 2019 tumulo

157 2041 342 2103 Octaviorum
356 2040 443 2101 inlata
458 2059 512 2120 per
527 2041 675 2103 decretum
690 2052 816 2104 serratus.

185 2177 186 2180 η
217 2125 268 2188 45.
290 2123 385 2186 ladem
402 2124 569 2186 consulibus
584 2126 696 2188 lacinus
713 2136 798 2188 atrox
817 2127 845 2186 in
862 2127 999 2187 citeriore
1016 2126 1157 2206 Hispania

156 2209 346 2274 admissuma
370 2207 493 2288 quodam
515 2212 625 2288 agresti
648 2212 771 2273 nationis
788 2211 996 2272 Termestinae.
1031 2211 1056 2270 is
1072 2228 1156 2289 pree-

155 2302 247 2355 torem
265 2293 434 2373 provinciae
449 2292 481 2354 It·
499 2293 645 2372 Pisonem,
660 2313 736 2375 pecs
750 2296 936 2372 incuriosum,
952 2293 1155 2375 exinproviso

154 2378 184 2438 in
198 2379 302 2440 itinere
323 2376 443 2439 adortus
461 2377 660 2440 unouulnere
683 2381 711 2440 in
731 2388 851 2440 mortem
866 2378 990 2448 adiecit;
1009 2396 1045 2440 ec
1059 2378 1156 2458 perni-

133 2462 244 2522 scitete
270 2462 337 2540 equi
359 2461 518 2540 profugus,
543 2471 697 2542 postquam
722 2463 868 2525 saltuosos
894 2462 980 2524 locos
1010 2463 1156 2538 attigerat,

155 2545 274 2607 dimisso
299 2562 374 2624 equo
397 2564 450 2625 per
472 2545 594 2626 derupta
618 2549 732 2608 etesia
754 2547 902 2627 sequentis
924 2547 1077 2608 frustratus
1098 2552 1154 2604 est.
1274 2581 1275 2622 ᾗ

155 2646 250 2707 neque
266 2627 314 2688 diu
329 2629 451 2690 ieiellit:
466 2647 531 2692 narn
545 2648 653 2709 prenso
665 2630 810 2710 ductoque
827 2648 881 2712 per
896 2632 1045 2713 proximos
1059 2643 1157 2707 pagos

155 2729 241 2792 equo,
257 2713 338 2773 cuius
355 2713 434 2773 leret
449 2714 604 2791 cognitum.
630 2724 660 2776 et
674 2725 808 2794 repertus
821 2731 885 2776 cum
898 2715 1049 2776 tormentis
1065 2711 1158 2773 edere
1274 2721 1275 2724 ’

156 2797 293 2857 conscios
316 2797 501 2874 adigeretur,
523 2813 598 2858 voce
618 2816 722 2876 magna
738 2817 872 2860 sermone
888 2800 983 2878 patrio
999 2798 1107 2859 frustra
1123 2815 1158 2859 se

120 2899 146 2940 ro
155 2879 329 2958 interrogari
345 2879 515 2942 clamitavit:
531 2881 705 2943 adsisterent
716 2885 790 2944 socii
803 2901 838 2944 ee
849 2890 1032 2962 spectarent;
1049 2881 1156 2942 nullam

155 2964 213 3023 vim
228 2971 334 3026 tentem
352 2963 464 3026 doloris
480 2965 556 3043 iore,
571 2974 603 3026 ut
616 2967 768 3028 veritatem
785 2966 916 3028 eliceret.
941 2965 1075 3047 idemque
1092 2981 1155 3025 oum

155 3056 277 3126 postero
298 3048 335 3109 ad
359 3049 561 3128 quaestionem
579 3050 792 3130 retraberetur,
816 3068 852 3111 eo
873 3049 938 3110 nisu
961 3051 1102 3130 proripuit
1123 3066 1156 3114 se

156 3129 324 3193 custodibus
344 3149 476 3211 saxoque
499 3141 585 3212 ceput
612 3133 737 3214 addixit,
765 3134 910 3196 utstatim
933 3134 1157 3196 exanimaretur.

156 3215 208 3275 sed
221 3215 290 3277 Piso
305 3214 548 3278 Termestinorum
567 3216 636 3279 dolo
659 3236 764 3280 caesus
778 3217 916 3287 hebetum
940 3217 1049 3298 quippe
1066 3233 1157 3296 pecu·

121 3299 216 3360 sanias
235 3317 255 3441 p
277 3297 394 3379 publico
413 3299 591 3382 interceptas
610 3302 705 3364 aerius
721 3321 806 3382 quam
820 3311 850 3364 ut
866 3301 1025 3364 tolerarent
1037 3299 1159 3364 barbari

156 3399 232 3458 coge
255 3393 292 3444 et.

215 3466 265 3525 46.
294 3466 414 3527 Lentulo
444 3467 594 3532 Gaetulico
624 3471 657 3532 O.
683 3470 814 3534 Galaisio
843 3467 1012 3534 consulibus
1037 3466 1159 3530 decreta
