2596 3872
421 160 614 212 uranum.
631 162 850 218 onr.38·-sa.
1079 157 1137 220 271

140 317 245 379 cellum
269 317 407 378 memoria
427 317 564 378 maiorum
586 327 614 379 et
634 336 740 398 preces
760 319 894 382 Caesaris
915 339 1027 402 poenae
1047 327 1140 404 magis

139 419 224 482 quarn
239 402 373 462 infamiae
387 418 533 461 exemere.
1116 405 1123 414 '
1149 433 1174 474 1,

74 568 76 572 .
199 488 251 560 tr.
270 485 397 546 Perculit
416 485 442 545 is
462 486 525 546 dies
544 486 712 567 Pompeium
734 508 850 570 quoque
871 490 1039 570 Aelianum,
1062 495 1140 554 iure·

138 589 205 631 nem
217 571 422 649 quaestorium,
439 579 582 649 tamquam
593 572 766 650 flagitiorum
776 573 896 635 Fabiani
909 593 1039 654 gnarum,
1055 579 1140 657 eique

136 655 221 716 ltalia
236 663 266 714 et
286 651 441 733 Hispania,
463 655 491 713 in
514 672 570 734 qua
587 665 667 718 ortus
689 667 766 736 erat,
790 657 970 720 interdictum
991 669 1045 721 est.
1077 663 1140 741 pari

102 809 104 813 ,
137 739 295 818 ignominia
314 736 448 799 Valerius
468 737 605 800 Ponticus
626 740 771 820 adlinitur,
800 741 877 824 quod
899 760 985 820 reos,
1007 763 1044 804 ne
1064 745 1139 826 apud

138 823 318 904 praelectum
340 821 418 882 urbis
439 833 643 902 arguerentur,
666 825 701 886 ad
724 835 889 905 praetorem
912 824 1079 904 detulisset,
1097 830 1163 892 ins

136 908 221 968 terim
243 906 344 988 specie
366 907 478 985 legum,
500 924 568 968 mox
592 910 820 987 praevaricando
842 911 979 971 ultionem
995 912 1137 974 clusuras.

136 991 251 1054 additur
265 999 380 1070 senatus
402 991 550 1070 consulto,
574 995 621 1070 qui
637 994 722 1054 talem
738 1013 856 1075 operam
873 998 1053 1076 emptitasset
1069 1016 1138 1058 ren-

136 1075 312 1154 didissetre,
335 1075 456 1154 perinde
469 1092 564 1156 poena
581 1085 727 1139 teneretur
759 1094 792 1136 ac
821 1078 938 1156 publico
971 1080 1075 1142 iudicio
1094 1099 1138 1142 ca·

135 1161 262 1220 lumniae
279 1160 494 1220 condemnatus.

199 1242 251 1304 42.
278 1243 360 1304 llaud
380 1244 469 1305 multo
486 1253 553 1324 post
568 1247 747 1324 praefectum
763 1245 843 1307 urbis
858 1247 1013 1309 Pedanium
1029 1251 1138 1309 Secun-

137 1329 203 1390 dum
226 1347 328 1388 servus
348 1329 440 1407 ipsius
463 1329 624 1406 interiecit,
645 1349 696 1391 seu
717 1341 823 1409 negata
839 1331 990 1410 libertate,
1014 1333 1059 1393 cui
1073 1351 1139 1413 pre-

136 1414 212 1474 tium
224 1414 394 1492 pepigerat,
416 1413 478 1472 sire
493 1429 592 1472 amore
611 1414 719 1476 exoleti
733 1416 869 1474 incensus
889 1423 918 1474 et
933 1415 1075 1476 dominum
1091 1433 1138 1476 ae·

139 1496 242 1557 malam
257 1515 315 1556 non
333 1496 471 1570 tolerans.
504 1504 631 1557 ceterum
648 1515 711 1558 cum
726 1508 827 1559 vetere
849 1517 886 1559 ex
903 1517 983 1560 more
1004 1499 1139 1560 iamiliam

139 1599 268 1658 omnem,
286 1599 359 1660 quae
381 1579 433 1640 sub
456 1579 558 1641 eodem
580 1589 658 1643 tecto
671 1584 891 1660 mansitaverat,
913 1583 948 1644 ad
966 1583 1164 1664 suppliciums

137 1669 186 1744 agi
201 1673 362 1745 oporteret,
379 1682 523 1725 concursu
537 1663 646 1743 plebis,
662 1685 738 1746 quae
753 1675 796 1727 tot
810 1668 943 1728 innoxios
956 1667 1139 1746 protegebat,

137 1747 280 1829 usquead
297 1747 468 1810 seditionem
482 1757 598 1808 rentum
614 1759 658 1810 est
673 1760 849 1830 senatusque
868 1749 1022 1829 obsessus,
1040 1753 1069 1810 in
1082 1769 1138 1830 quo

137 1836 203 1913 ipsu
220 1842 302 1893 erant
314 1833 405 1893 studia
419 1833 533 1893 nimiam
549 1835 735 1895 serenitatem
756 1837 985 1913 aspernantium,
1010 1834 1139 1914 pluribus

137 1917 207 1979 nihil
228 1915 388 1978 mutandum
412 1914 605 1977 censentibus.
638 1937 674 1978 ex
696 1919 759 1996 qnis
782 1917 814 1994 O.
838 1917 956 1983 Cassius
979 1919 1139 1979 sententiae

136 1999 636 2062 locoinlrnncmodumdisseruit:
706 2000 721 2036 ’·
1151 2023 1175 2063 ro

202 2086 254 2148 43.
275 2085 392 2164 ‘Saepe
414 2101 550 2161 numero,
578 2093 677 2164 patres
706 2086 881 2165 conscripti,
910 2087 938 2145 in
960 2085 1017 2145 hoc
1040 2084 1141 2144 ordine

67 2228 70 2234 .
137 2170 262 2247 interfui,
282 2187 344 2229 cum
361 2177 460 2229 contra
476 2169 603 2228 instituta
625 2178 653 2228 et
673 2169 758 2246 leges
773 2171 1000 2232 maiorumnova
1024 2176 1141 2228 serratas

137 2253 257 2316 decreta
279 2253 507 2333 postularentur;
530 2269 626 2330 neque
647 2271 707 2312 sum
730 2251 913 2330 adversatus,
936 2270 994 2313 non
1011 2252 1076 2331 quia
1092 2251 1140 2311 du·

47 2355 54 2374 ²
136 2340 275 2413 bitarem,
298 2356 386 2417 super
409 2335 540 2396 omnibus
561 2337 687 2414 negotiis
714 2336 817 2396 melius
837 2337 1052 2414 atque'rectius
1073 2335 1140 2394 olim

136 2424 286 2504 provisum
304 2429 333 2482 et
349 2439 423 2501 quae
438 2428 679 2481 converterentur
702 2419 734 2481 in
750 2419 877 2480 deterius
895 2420 1011 2496 mutari,
1033 2417 1086 2478 sed
1103 2437 1166 2478 net

135 2509 224 2568 nimio
241 2524 341 2566 amore
356 2505 464 2585 antiqui
481 2505 570 2564 moris
587 2505 708 2565 studium
731 2522 825 2565 meum
849 2504 994 2565 extollere
1014 2502 1140 2564 viderer.

135 2591 219 2654 simul
235 2588 373 2670 quidquid
387 2589 445 2650 lroc
462 2590 490 2648 in
506 2587 589 2659 nobis
605 2589 783 2649 auctoritatis
805 2597 865 2665 est,
892 2587 1004 2648 crebris
1026 2596 1141 2647 contra·

135 2675 311 2737 dictionibus
335 2671 616 2734 destruendumnon
632 2671 845 2750 existimabam,
870 2681 901 2732 ut
920 2680 1052 2732 maneret
1069 2671 1141 2730 inte·

135 2778 235 2840 grum,
258 2758 414 2838 siquando
436 2755 621 2836 respublica
645 2756 775 2816 consiliis
789 2757 928 2833 eguisset.
962 2754 1040 2836 quod
1054 2753 1142 2814 bodie

135 2845 251 2922 evcnit,
270 2841 415 2902 consulari
435 2842 498 2901 viro
514 2839 590 2900 domi
609 2857 679 2900 suae
697 2840 923 2922 interlectospcr
944 2838 1176 2900 insidiasser·1o
1222 2840 1224 2844 ’

133 2929 219 3006 viles,
237 2945 310 3006 quas
325 2943 408 2986 nemo
425 2923 571 3004 probibuit
587 2933 634 2985 aut
649 2924 777 3003 prodidit
793 2924 922 3004 quamvis
936 2923 1061 2984 nondum
1074 2940 1141 2983 con-

134 3029 224 3074 cusso
247 3019 363 3072 senatus
386 3009 536 3086 consulto,
561 3009 639 3086 quod
660 3008 832 3088 supplicium
847 3010 901 3068 toti
920 3007 1045 3068 familiae
1061 3008 1141 3066 mini·

132 3098 265 3169 labatur..
295 3094 444 3155 decernite
471 3091 591 3154 hercule
620 3093 822 3170 inpunitatem:
850 3102 878 3153 at
905 3111 990 3171 quem
1017 3091 1142 3166 dignitas

135 3201 187 3243 sua
211 3178 365 3254 defendet,
393 3195 455 3238 eum
477 3175 649 3256 praelectus
685 3175 765 3237 urbis
785 3192 843 3237 non
866 3171 1031 3256 profuerit?
1058 3191 1142 3252 quem

136 3283 272 3327 numerus
297 3279 447 3324 servorum
467 3259 608 3340 tuebitur,
628 3277 690 3320 uum
712 3260 866 3321 Pedanium
889 3259 1051 3321 Secundum
1072 3275 1139 3336 qua·
1153 3275 1176 3315 rr

123 3348 283 3428 ‘dringenti
298 3365 357 3409 non
372 3342 574 3425 protexerint?
606 3345 650 3406 cui
671 3343 779 3405 familia
795 3361 880 3422 opem
900 3345 993 3418 leret,
1015 3356 1142 3417 quaeue

136 3435 166 3496 in
183 3443 262 3495 metu
280 3431 392 3513 quidem
407 3428 537 3509 pericula
558 3438 656 3489 nostra
673 3425 816 3489 aduertit?
839 3445 888 3505 an,
912 3434 942 3485 ut
960 3420 1073 3503 quidam
1089 3422 1139 3480 lln·
