2570 3878
399 141 505 188 utnnn
520 141 569 210 tu.
586 140 661 189 our.
676 135 807 194 70-74-
1042 128 1101 190 147

15 251 17 338 b
102 298 172 358 tium
197 295 344 356 beluarum
366 296 485 356 iaraoes
501 296 616 373 saltus,
645 296 759 358 modica
780 296 856 357 domi
879 303 1005 356 armenta
1028 304 1102 356 sunit.

101 399 138 443 ao
152 382 247 460 primo
263 379 355 440 boves
369 381 462 460 ipsos,
477 397 547 442 mox
564 398 669 458 agros,
693 390 840 461 postremo
858 397 983 459 corpora
1005 379 1101 440 oouiu·
1112 395 1138 440 m
1178 437 1182 444 .

99 483 171 544 gum
187 473 235 525 aut
253 464 410 524 liberorum
426 465 547 525 servitio
561 463 722 525 tradebant.
750 464 819 525 hina
834 465 875 524 ira
891 472 919 524 et
932 471 1059 542 questus,
1076 471 1105 522 et

98 557 256 630 postquam
275 566 335 609 uon
349 538 591 626 subveniebatur,
612 548 769 608 remedium
786 566 822 608 ex
840 547 931 608 bello.
960 547 1036 625 rapti
1056 545 1105 624 qui

30 700 32 705 ,
99 633 209 694 tributo
227 632 346 694 aderant
362 631 469 694 militas
492 641 527 692 et·
542 631 672 712 patibulo
684 632 797 693 adlini:
814 631 952 692 Olennius
973 630 1104 690 infensos

99 719 171 796 luga
186 717 347 796 praevenit,
357 725 499 796 receptus
513 715 650 793 castello,
666 716 711 776 oni
722 732 827 776 nomen
838 715 972 784 Flevum;
988 711 1102 776 ethaud

100 800 268 882 spernenda
293 801 357 861 illio
382 800 489 862 eivimn
516 801 720 878 sociorumque
748 817 847 860 manus
872 798 958 860 litora
989 797 1097 858 Oceani
1113 813 1136 854 u

122 883 299 946 raesidebat.

99 904 121 965 p
163 967 215 1029 73.
237 968 322 1044 Quod
333 966 382 1028 ubi
395 967 427 1028 t.
443 966 576 1049 Apronio
591 966 739 1029 inferioris
753 965 923 1030 Germaniae
945 983 1004 1046 pro
1020 984 1102 1045 prae·

98 1063 167 1114 tore
187 1053 351 1130 cognitum,
374 1051 484 1114 vexilla
506 1053 655 1132 legionum
675 1069 693 1112 e
717 1052 870 1130 superiore
886 1050 1037 1130 provinoia
1053 1047 1102 1129 pe·

99 1137 249 1215 ditumqne
269 1145 300 1196 et
325 1137 451 1214 equitnm
478 1137 657 1198 auxiliarium
677 1134 811 1196 delectos
836 1134 942 1195 aooivit
964 1151 1000 1194 ao
1020 1132 1102 1196 simul

98 1231 252 1300 utrumque
274 1220 434 1280 exereitum
454 1219 559 1282 Rheno
580 1211 733 1281 devectum
754 1217 856 1280 Frisiis
876 1217 985 1294 intulit,
1006 1217 1102 1277 soluto

100 1302 159 1366 iam
181 1303 294 1364 oastelli
317 1303 431 1365 obsidio
453 1313 482 1364 et
504 1304 541 1365 ad
562 1322 613 1364 sna
633 1301 747 1365 uitanda
770 1300 910 1380 digressis
931 1299 1129 1363 rebellibuss

99 1390 191 1466 igitur
212 1388 346 1466 proxima
368 1387 512 1449 aestuaria
532 1387 691 1466 aggeribus
716 1394 745 1446 et
767 1385 903 1466 pontibus
925 1383 1103 1446 traducendo
1179 1389 1180 1394 ’

101 1471 235 1551 graviori
257 1472 362 1549 agmini
388 1471 490 1532 lirmat.
523 1481 611 1548 atque
632 1469 745 1530 interim
774 1467 1009 1550 repertisvadis
1030 1467 1104 1528 alam

101 1555 320 1618 Canninefatem
348 1564 379 1615 et
402 1553 481 1635 quod
503 1553 630 1634 peditum
653 1553 858 1616 Germanorum
885 1554 960 1613 inter
985 1561 1106 1612 nostros

99 1638 231 1703 merebat
249 1639 441 1716 circumgredi
455 1647 539 1717 terga
552 1638 676 1700 hostium
691 1637 786 1715 iubet,
810 1637 858 1718 qui
875 1637 930 1697 iam
944 1636 1008 1696 anie
1025 1654 1101 1696 eom-

100 1724 190 1806 positi
211 1723 322 1804 pellunt
338 1732 444 1784 turmas
466 1723 594 1784 sociales
610 1723 783 1804 equitesque
803 1721 952 1800 legionum
973 1720 1100 1780 subsidio
1114 1731 1138 1773 1⁰

98 1810 218 1870 missos.
246 1815 305 1867 tum
325 1812 386 1867 tres
405 1807 488 1868 leves
505 1805 643 1870 cohortes
663 1825 827 1891 aorursum
841 1805 930 1884 duae,
952 1803 1017 1866 dein
1033 1813 1101 1865 tem·

99 1910 176 1975 pore
191 1892 345 1952 interiecto
363 1890 469 1951 alarius
483 1909 574 1970 eques
589 1892 739 1953 inmissus:
758 1893 829 1952 satis
850 1889 952 1968 validi,
974 1891 998 1950 si
1018 1888 1102 1950 simul

99 1975 314 2053 incubuissent,
331 1993 386 2055 per
400 1975 582 2036 intervalium
597 1976 787 2037 adventantes
801 1993 897 2054 nequo
913 1974 1103 2037 constantiam

99 2059 268 2124 addiderant
289 2058 411 2120 nubatis
432 2067 462 2120 et
481 2074 593 2139 pavore
610 2059 781 2138 fugientium
797 2057 1011 2119 auferebantur.
1047 2056 1101 2118 Ce-

98 2145 191 2223 thego
214 2141 345 2204 Labeoni
366 2143 467 2220 legato
484 2143 599 2222 quintae
616 2144 744 2221 legionis
766 2142 845 2222 quod
861 2143 1003 2221 reliquum
1023 2142 1138 2202 auxi-1⁶

97 2230 204 2291 liorum
218 2227 311 2289 tradit.
344 2237 430 2306 atque
452 2227 502 2287 ille
526 2225 612 2287 dubia
630 2230 747 2288 snorum
767 2245 801 2287 re
822 2227 852 2286 iu
871 2244 981 2306 anoeps
995 2234 1102 2286 traotus

97 2313 195 2374 missis
223 2311 329 2372 nuntiis
350 2313 407 2371 vim
430 2311 578 2389 legionum
594 2310 769 2390 implorabat.
812 2319 1001 2390 prorumpunt
1021 2309 1101 2388 quiu-

96 2398 156 2460 taui
178 2405 245 2457 aute
267 2395 343 2456 alios
366 2404 395 2456 et
413 2395 473 2456 aori
494 2395 592 2474 p'ngna
608 2393 694 2456 hosta
710 2395 795 2475 pulso
813 2395 956 2473 recipiunt
973 2391 1104 2455 oohortis

98 2482 219 2560 alasque
239 2478 335 2540 fessas
350 2477 527 2539 vulneribus.
555 2494 652 2557 neque
667 2477 725 2539 dux
738 2479 885 2541 Romanus
900 2476 989 2538 ultum
1010 2477 1042 2537 iit
1055 2485 1102 2537 aut

97 2581 225 2645 corpora
241 2561 379 2642 humavit,
396 2580 567 2642 quamquam
584 2562 664 2624 multi
679 2561 858 2623 tribunorum
873 2561 1099 2642 praefectorum·
1109 2573 1139 2614 to

96 2667 155 2732 que
179 2656 208 2708 et
230 2648 361 2724 insignes
384 2647 569 2707 centuriones
585 2645 769 2706 cecidissent.
801 2664 871 2708 mox
891 2654 1102 2726 compertuma

95 2732 256 2811 transfugis
276 2740 443 2808 nongentos
465 2730 659 2791 Romanorum
688 2729 764 2809 apud
784 2729 881 2792 lucum
902 2748 988 2810 quem
1009 2729 1101 2792 badu-

94 2819 211 2880 haunae
222 2823 329 2876 vooaut
342 2832 438 2894 pugna
450 2813 478 2873 in
490 2821 638 2894 posterum
651 2821 783 2876 extranta
795 2813 959 2892 coniectos,
977 2823 1006 2876 et
1017 2815 1102 2877 aliam

96 2901 373 2984 quadringentorum
393 2915 505 2960 manum
532 2906 675 2978 oooupata
693 2895 879 2978 Cruptorigis
891 2897 1033 2979 qnondam
1053 2899 1100 2959 sti·

94 2984 236 3068 pendiarii
252 2983 334 3060 villa,
352 2991 506 3063 postquam
522 2981 647 3063 proditio
661 2981 859 3060 metuebatur,
878 2984 982 3044 mutuis
997 2983 1137 3044 letibusaa

117 3069 301 3131 rooubuisse.
1021 3107 1026 3116 .

93 3091 113 3152 p
161 3156 211 3215 74.
236 3149 353 3214 Clarum
373 3151 441 3213 iude
462 3152 538 3213 inter
553 3151 713 3212 Germanos
732 3149 855 3212 Frisium
870 3168 991 3228 nomen,
1018 3150 1099 3210 dissi·

94 3234 223 3300 m'ulaute
244 3235 364 3298 'l'iberio
385 3235 503 3314 damna,
528 3252 565 3295 ne
590 3233 636 3294 oni
657 3232 766 3296 bellum
785 3235 975 3315 permitteret.
1004 3249 1100 3309 neque

94 3331 214 3384 senatus
231 3321 261 3380 lu
277 3314 417 3398 sonora,
435 3337 471 3381 an
485 3319 598 3400 imperii
612 3326 742 3380 extrema
758 3317 1032 3379 dehonestarentur:
1049 3331 1099 3390 pa·

93 3424 150 3468 ror
169 3407 300 3466 internus
321 3412 519 3484 oooupaverat
542 3405 667 3480 animos,
691 3403 736 3462 oni
758 3395 1100 3542 remediqrqrqadulatioue
