2568 3870
409 205 514 253 araus
530 203 569 254 11.
590 203 664 254 ose.
679 203 801 260 se-st.
1061 195 1101 259 83
1172 169 1176 172 ’

99 361 157 421 alia
179 358 249 418 belli
269 358 343 419 mala
359 359 533 419 senatorium
549 359 678 420 ordinem
690 361 917 438 reciperaverat.
950 364 1099 440 praeposi·
1110 372 1123 412 t

100 453 145 503 tus
162 463 178 503 a
197 442 286 503 Galba
302 445 442 520 septimae
458 442 567 520 legioni
591 445 773 522 scriptitasse
789 443 895 504 Othoni
919 444 1101 524 credebatur,

99 527 203 588 ducem
218 545 251 588 se
272 526 401 608 partibus
421 526 564 594 offerens:
590 544 678 607 aquo
696 526 882 604 neglectis
873 547 902 589 ιιι
916 527 995 590 nullo
1010 528 1101 590 Otho·

98 613 176 673 niani
198 611 269 671 belli
292 629 344 670 usn
365 610 427 670 iuuit.
467 609 630 670 labantibus
648 611 759 671 Vitellii
779 609 867 671 rebus
890 607 1101 693 Vespasianum

100 695 532 772 secutusgrandemomeutum
548 693 672 771 addidit,
693 703 825 772 susumus
840 713 941 773 mauu,
965 714 1100 758 sermone

102 787 268 859 promptus,
285 777 450 838 serendae
441 794 470 836 ιιι
485 778 558 837 alios
572 776 695 838 invidiae
713 779 827 856 artilex,
846 778 1000 841 discordiis
1013 789 1042 841 et
1054 799 1098 842 se·
1087 795 1135 836 ιι

99 862 256 925 ditionibus
272 870 387 939 potens,
403 867 512 940 raptor,
530 860 663 938 largitor,
680 879 753 940 pace
770 863 930 942 pessimus,
947 863 1027 925 bello
1043 881 1101 925 non

10 999 11 1002 ,
100 943 293 1025 spernendus.
323 944 410 1002 iuncti
425 943 491 1003 inde
505 943 626 1004 hloesici
641 963 675 1006 ac
691 944 847 1007 Pannonici
868 949 1015 1008 exercitus
1031 947 1100 1008 Del·

100 1029 234 1088 malicum
251 1026 369 1086 militem
382 1035 515 1104 traxere,
538 1046 707 1107 quamquam
724 1029 925 1092 consularibus
940 1031 1045 1109 legatis
1058 1033 1100 1090 ni·

99 1113 141 1173 hil
166 1109 357 1172 turbantibus
388 1109 524 1188 'lampius
548 1111 703 1172 Flavianus
726 1111 918 1192 Pannoniam,
946 1115 1101 1194 Pompeius

99 1196 233 1258 Silvanus
249 1193 418 1255 Delmatiam
430 1193 585 1274 tenebant,
606 1195 710 1257 divites
726 1214 842 1268 senece
840 1197 906 1258 sed
928 1207 1100 1279 procurator
1110 1220 1135 1261 ιι

99 1281 200 1343 aderat
225 1277 376 1340 Cornelias
400 1277 529 1358 Fuscus,
553 1240 657 1358 algens
683 1289 794 1359 aetate,
831 1279 920 1343 claris
947 1282 1100 1344 natalibus.

99 1367 191 1444 prima
204 1365 322 1424 iuventa
329 1372 467 1444 quaestus
476 1362 611 1442 cupidine
628 1366 804 1425 senatorium
819 1365 949 1426 ordinem
965 1376 1100 1434 exueram

97 1449 173 1510 idem
199 1449 253 1525 p'ro
279 1445 368 1506 Galba
391 1446 448 1507 dux
469 1445 604 1508 coloniae
629 1465 698 1508 snae
707 1467 835 1528 ,euque
850 1467 941 1529 opera
962 1452 1098 1550 propora-

99 1535 205 1594 tiouem
235 1530 373 1608 adeptos,
402 1528 547 1609 susceptis
573 1531 748 1610 Vespasiani
777 1532 907 1613 partibus
933 1535 1101 1595 acerrimam

99 1616 179 1676 bello
199 1615 293 1675 lacem
318 1613 467 1692 praetulit:
488 1631 546 1674 non
568 1624 625 1675 tam
646 1617 783 1696 praemiis
805 1617 1000 1696 periculorum
1015 1634 1135 1696 quamne

100 1701 172 1780 ipsis
186 1697 325 1778 periculis
340 1696 434 1760 laetus
453 1716 507 1777 pro
531 1699 618 1760 certis
637 1708 666 1760 et
683 1699 752 1760 olim
768 1702 859 1780 partis
874 1719 950 1762 nova
965 1700 1099 1778 ambigua

99 1783 235 1862 ancipitia
249 1781 383 1843 malebat.
405 1783 493 1860 igitur
504 1800 625 1844 movere
639 1791 669 1844 et
683 1792 814 1862 quatere,
828 1784 967 1864 quidquid
980 1802 1101 1864 usquam
1272 1839 1273 1856 ι

99 1885 217 1945 aegrum
232 1867 324 1943 loret,
344 1864 557 1943 adgrediuntur.
586 1868 713 1946 scriptae
734 1869 763 1927 in
778 1866 950 1930 Britanniam
965 1869 1001 1930 ad
1016 1886 1099 1948 quar·
1180 1869 1183 1874 ’

98 1953 314 2026 tadecumanos,
330 1952 359 2009 in
372 1949 538 2029 llispara‘am
550 1950 588 2012 ad
605 1953 752 2030 primanos
765 1951 917 2030 epistulae,
933 1952 1011 2031 qnod
1023 1961 1098 2012 utra·
1272 1975 1273 1984 ι

98 2054 154 2116 qne
173 2035 254 2112 legio
278 2052 332 2114 pro
353 2033 482 2112 Othone,
505 2034 627 2096 adversa
643 2033 765 2096 Vitellio
787 2035 896 2106 luerat;
923 2043 1098 2116 sparguntur
1108 2055 1135 2096 ιι

96 2137 162 2200 per
171 2118 279 2180 Gallias
298 2118 415 2188 literae3
445 2127 648 2198 momentoque
670 2120 811 2197 temporis
832 2119 1006 2198 llagrabat
997 2137 1100 2218 iugens

97 2202 221 2280 bellum,
247 2201 374 2278 illyricis
400 2201 578 2262 exercitibus
599 2201 694 2281 palam
718 2201 967 2314 desciscentibus,
992 2204 1101 2264 ceteris

95 2289 240 2348 fortunam
256 2288 408 2346 secuturis.

160 2372 210 2432 87.
234 2370 308 2430 Dum
328 2369 403 2430 haec
424 2387 478 2448 per
499 2369 666 2447 prouincias
687 2387 703 2430 a
721 2369 905 2449 Vespasiano
921 2369 1099 2448 ducibusque

98 2455 219 2533 partium
234 2463 389 2532 geruntur,
410 2452 547 2515 Vitellius
564 2455 760 2532 contemptior
780 2453 808 2512 in
829 2452 894 2514 dies
907 2454 1099 2533 seguiorque,

96 2536 133 2600 ad
157 2538 249 2598 omnis
271 2538 490 2616 municipiorum
516 2536 708 2614 villarumque
731 2537 919 2598 amoenitates
947 2537 1099 2615 resistens,

95 2622 181 2702 grani
195 2620 295 2682 urbem
309 2625 425 2700 agmine
440 2619 569 2701 petebat.
599 2621 751 2698 sexaginta
765 2619 843 2680 milia
863 2628 1036 2682 armatorum
1053 2638 1100 2680 ιιι

96 2705 272 2786 qucbantur,
287 2705 404 2766 licentia
422 2713 574 2784 corrupta;
589 2705 723 2766 calonum
737 2721 873 2764 numerus
884 2703 1018 2782 amplior,
1032 2721 1098 2783 pro·
1111 2719 1124 2758 ι

96 2791 255 2851 caclssimis
271 2791 355 2852 etiam
369 2791 444 2850 inter
458 2805 562 2850 seruos
576 2788 698 2850 lixarum
712 2788 852 2865 ingeniis;
879 2797 921 2848 tot
937 2787 1100 2864 legatorum

94 2876 310 2953 amicorumque
326 2875 478 2936 comitatus
498 2871 632 2936 inhabilis
648 2872 684 2933 ad
700 2871 868 2950 parendum,
884 2872 970 2932 etiam
984 2873 1010 2932 si
1025 2889 1099 2932 sum-

94 2976 141 3017 ma
166 2957 308 3018 modestia
334 2967 498 3036 regeretur.
539 2955 699 3018 onerabant
724 2954 930 3016 multitudinem
957 2954 1035 3015 obvii
1062 2973 1100 3015 ex

95 3040 169 3099 urhe
185 3049 335 3102 senatores
351 3043 534 3120 equitesque,
555 3039 668 3119 quidam
683 3048 775 3116 metu,
790 3039 870 3100 multi
888 3057 942 3119 per
957 3039 1097 3100 adulatio·

96 3141 173 3199 nem,
192 3125 283 3182 ceteri
298 3142 334 3184 ac
348 3125 484 3200 paulatim
500 3141 616 3201 omues,
639 3141 676 3183 ne
694 3122 757 3184 aliis
773 3123 1027 3202 proficiscentibus
1041 3123 1133 3201 ipsine
1224 3155 1226 3161 ¹

97 3214 288 3266 remanerent.
318 3206 552 3284 adgregabantur
571 3227 588 3267 e
608 3207 697 3287 plebe
718 3207 863 3285 flagitiosa
888 3224 943 3286 per
958 3206 1098 3284 obsequia

96 3289 217 3353 Vitellio
233 3290 353 3369 cogniti,
369 3308 499 3368 scurrae,
514 3291 680 3368 histriones,
697 3292 827 3369 aurigae,
842 3289 946 3369 quibus
964 3290 1015 3350 ille
1030 3290 1097 3348 ami-

10 3455 11 3462 ,
96 3377 226 3437 citiarum
242 3373 508 3438 dehonestamentis
523 3376 595 3436 mire
616 3373 770 3453 gaudebat.
793 3392 849 3436 nec
862 3373 996 3518 cqlpuiae
1011 3371 1097 3432 modo
