2596 3872
438 177 544 224 amus
559 176 634 224 xns.
651 177 726 226 cae.
741 175 861 233 25-29.
1090 169 1151 232 237

207 333 259 396 27.
279 330 486 393 Disserebatur
508 341 623 394 eontra:
647 350 804 412 pauoorum
825 335 939 415 eulpam
962 337 1034 416 ipsis
1050 339 1152 400 exitio

144 436 206 479 mnu
223 435 291 478 esse
307 415 436 494 debere,
450 416 520 477 nibil
534 417 733 478 universorum
748 420 801 479 iuri
817 418 1027 499 derogandum
1044 423 1153 504 quippe

143 502 203 563 late
217 502 311 563 lusum
327 501 356 562 id
372 518 488 581 eorpus.
525 501 592 562 hino
612 501 784 583 plerumque
800 504 908 583 tribus,
927 505 1077 585 decurias,
1100 507 1150 568 ml·

142 586 261 648 nisteria
277 585 494 663 magistratibus
511 594 541 646 et
551 585 764 665 sacerdotibus,
781 588 920 650 cohortes
935 592 1021 652 etiam
1035 591 1064 650 in
1078 589 1151 651 urbe

142 671 342 750 conscriptas:
367 679 397 730 et
411 670 540 750 plurimis
556 672 696 750 equitum,
717 672 867 753 plerisque
889 675 1072 736 senatoribus
1094 693 1175 736 nona

141 753 259 816 aliunde
273 754 416 831 originem
431 753 523 815 trahi:
545 755 571 814 si
591 753 798 835 separarentur
812 757 955 836 libertini,
971 760 1150 821 manifestam

123 840 207 902 'iore
226 841 375 918 penuriam
393 840 592 917 ingenuorum.
624 855 683 898 non
698 840 804 902 frustra
819 843 963 921 maiores,
981 862 1045 906 oum
1059 843 1150 921 digni·

9 931 10 990 ᾗ
141 933 230 984 tatem
251 923 382 985 ordinum
405 921 584 1001 diuiderent,
605 923 769 985 libertatem
788 926 817 986 in
840 929 981 989 communi
1003 929 1149 1009 posuisse.

8 995 10 1020 ¹
142 1008 210 1089 quin
227 1017 256 1069 et
269 1025 354 1068 manu
372 1007 500 1069 mittendi
518 1007 589 1068 duas
604 1008 896 1090 speeies-institutas,
918 1021 950 1073 ut
970 1012 1150 1092 relinquere

141 1102 189 1153 tur
215 1093 410 1173 paenitentiae
436 1101 485 1154 ant
512 1110 590 1154 novo
616 1092 760 1155 benelioio
785 1093 879 1156 loeus.
924 1112 998 1176 quos
1024 1096 1185 1158 uindictam

142 1186 282 1257 patronus
300 1195 359 1237 non
373 1175 561 1255 liberaverit,
580 1177 659 1238 uelut
673 1178 771 1239 vinolo
787 1181 934 1241 servitutis
949 1180 1074 1242 attineri.
1109 1179 1149 1240 di-

142 1262 274 1343 spioeret
298 1263 421 1340 quisque
449 1261 552 1322 merita
576 1259 717 1341 tardeque
749 1263 926 1325 oouoederet
949 1265 1026 1346 qnod
1056 1264 1150 1325 datum

141 1363 200 1407 non
222 1344 405 1407 adimeretur.
447 1344 522 1406 haee
542 1347 686 1407 sententia
708 1347 813 1426 valuit,
840 1350 1017 1428 scripsitque
1040 1349 1150 1410 Caesar

140 1431 271 1507 senatui,
292 1432 426 1510 privatim
449 1429 652 1508 expenderent
668 1448 785 1492 oausam
808 1431 992 1510 libertorum,
1016 1435 1150 1512 quotiens

140 1534 157 1576 a
178 1513 310 1596 patronis
331 1523 537 1592 arguerentur:
561 1516 591 1575 in
612 1531 763 1576 commuue
783 1515 852 1577 nilril
876 1515 1061 1595 derogarent.
1092 1531 1184 1594 neers

140 1598 230 1661 multo
256 1607 326 1679 post
349 1607 469 1679 ereptus
492 1599 596 1660 amitae
620 1598 742 1661 libertus
763 1599 844 1661 l'arls
868 1602 950 1680 quasi
975 1602 1037 1661 iure
1060 1600 1148 1678 ciuili,

140 1701 199 1744 non
217 1685 280 1744 sine
296 1683 413 1743 infamia
431 1683 588 1764 prinoipis,
612 1684 694 1744 ouius
709 1685 789 1744 iussu
808 1693 1005 1765 perpetratum
1019 1685 1148 1763 ingenui·

140 1769 208 1829 tatis
222 1767 357 1829 iodicium
373 1776 446 1827 erat.

203 1850 256 1914 28.
276 1851 418 1914 manetu-
433 1851 523 1912 nihilo
546 1852 638 1912 minus
660 1851 800 1932 quaedam
818 1852 915 1930 imago
937 1854 981 1914 rei
1003 1852 1175 1933 publicae-a

140 1955 206 1998 nam
221 1937 297 1998 inter
311 1934 469 1998 Vibullium
485 1946 652 2016 praetorem
668 1945 698 1996 et
719 1936 818 2016 plebei
837 1936 979 1998 tribunum
995 1936 1149 1998 Antistium

140 2030 235 2083 ortum
258 2029 422 2098 oertamen‚
446 2019 525 2100 qnod
547 2019 726 2083 immodestos
748 2022 878 2083 lautores
899 2021 1070 2083 histrionum
1089 2031 1148 2083 eta

139 2113 278 2186 praetore
296 2107 325 2166 in
347 2105 444 2167 vinela
465 2104 569 2166 duetos
593 2103 722 2167 tribunus
739 2107 830 2168 omitti
850 2105 993 2166 iussisset.
1024 2123 1147 2186 oonpre-

140 2189 250 2252 bavere
266 2197 380 2269 patres,
404 2189 533 2250 ineusata
548 2188 664 2250 Antisti
688 2190 817 2255 lieentia.
846 2190 929 2251 simul
944 2188 1082 2270 prohibiti
1096 2191 1172 2250 tri-s

140 2273 207 2336 buni
233 2275 278 2335 ins
302 2283 469 2353 praetorum
492 2281 522 2334 et
544 2272 693 2334 oonsnlum
712 2276 882 2354 praeripere
903 2282 958 2334 aut
973 2291 1082 2335 vooare
1111 2292 1149 2334 en

140 2357 222 2420 ltalia
237 2377 302 2420 oum
317 2357 420 2439 quibas
434 2357 504 2436 lege
519 2357 568 2436 agi
585 2367 696 2437 posset.
729 2356 837 2420 addidit
849 2357 881 2419 L.
896 2358 965 2419 l’iso
980 2358 1149 2437 designatus

139 2443 254 2521 oonsul,
272 2461 310 2504 ue
326 2441 395 2522 quid
410 2443 483 2503 intra
500 2441 613 2503 dommo
627 2447 682 2522 'pro
700 2451 847 2522 potestate
860 2442 1056 2520 adverterent,
1073 2459 1148 2502 neve

138 2528 254 2589 multam
278 2526 315 2587 ab
337 2527 374 2587 iis
391 2526 497 2588 dietam
513 2535 687 2606 quaestores
708 2528 813 2588 aerarii
830 2528 859 2587 in
881 2525 1014 2607 publioas
1034 2525 1148 2588 tabulas

139 2621 205 2674 ante
225 2620 361 2694 quattuor
383 2629 499 2672 menses
519 2611 679 2690 referrent3
700 2609 796 2672 medio
820 2613 961 2692 temporis
982 2620 1083 2670 eontra
1103 2609 1145 2669 di·
1159 2621 1183 2662 ¹⁰

139 2714 209 2758 oere
225 2695 347 2773 liceret,
363 2694 458 2778 deque
473 2711 511 2754 eo
530 2695 667 2757 eonsules
683 2703 853 2758 statuerent.
871 2694 999 2757 oohibita
1014 2695 1102 2756 artius
1119 2704 1148 2755 et

139 2780 274 2842 aedilium
301 2788 435 2861 potestas
461 2787 655 2860 statutumque
685 2787 819 2859 quantum
846 2780 978 2857 aurulas,
1012 2788 1147 2859 quantum

139 2863 238 2945 plebei
253 2864 386 2944 pignoris
399 2872 540 2944 caperent
553 2863 603 2924 vel
618 2881 732 2943 poenae
749 2866 927 2943 inrogarent.
957 2871 986 2924 et
997 2863 1147 2944 Helvidius

138 2949 257 3012 Prisous
277 2947 409 3010 tribunus
431 2946 531 3027 plebei
556 2946 696 3009 aduersus
718 2946 917 3010 Obultronium
938 2947 1074 3010 Sabinum
1098 2967 1146 3010 ae·

138 3034 207 3095 rarii
228 3042 416 3114 quaestorem
444 3032 644 3093 oontentiones
670 3032 806 3114 proprias
832 3034 978 3111 exercuit,
1003 3041 1182 3113 tamquamsu

138 3121 184 3178 ius
205 3116 308 3179 hastae
331 3116 472 3182 aduersus
495 3117 601 3197 inopes
616 3116 808 3178 inelementer
822 3127 955 3197 angeret.
987 3116 1055 3179 dein
1071 3119 1146 3196 prin-

139 3219 213 3281 ceps
237 3220 334 3264 ouran
357 3200 518 3264 tabularum
538 3200 717 3281 publicarum
740 3219 756 3263 a
779 3202 984 3282 quaestoribus
1006 3200 1042 3263 ad
1063 3219 1146 3282 prae·

140 3286 235 3348 laotos
249 3285 402 3348 transtulit.
823 3361 826 3365 ¹

199 3369 251 3434 29.
274 3372 363 3432 Varie
384 3370 481 3432 ltabita
502 3387 538 3432 ao
556 3389 647 3451 saepe
666 3379 772 3432 mutata
797 3372 858 3431 eius
880 3370 1059 3431 reiturus..
1083 3385 1147 3428 nam

1176 1919 1233 1952 Ἢ

133 3453 290 3532 augustus
312 3456 424 3517 senatui
445 3453 578 3536 permisit
598 3454 729 3533 deligare
755 3453 938 3534 praeleoto's3
961 3450 1065 3512 deinde
1089 3469 1146 3510 am-
