2596 3872
420 141 526 190 urere
539 141 596 190 xv.
614 139 688 191 can.
700 138 821 195 58-61.
1059 130 1121 195 309

117 300 190 364 illud
217 298 307 360 breve
334 296 433 359 mortis
460 295 607 358 arbitrium
634 297 823 374 permitteret.
856 289 962 377 raptus'
979 300 1008 359 iu
1027 299 1120 360 locum

118 383 276 447 servilibus
304 382 408 461 poenis
431 382 591 460 sepositum
616 399 699 441 manu
720 382 803 441 Statii
827 381 932 444 tribuni
954 383 1121 462 trucidatur,

119 470 223 552 plenus
245 465 404 528 constantis
427 465 535 526 silentii
550 482 611 526 nec
631 463 744 526 tribuno
766 464 897 526 obiciens
912 467 1033 528 eandem
1052 484 1143 530 con-a

119 553 279 616 scientiam.

182 636 319 715 Sequitur
348 633 455 695 caedes
481 633 593 694 Annaei
617 633 766 711 Senecae,
799 633 956 697 laetissima
987 635 1124 715 principi,

117 739 176 783 non
191 721 257 798 quia
273 717 480 780 coniurationis
500 716 681 778 manifestum
703 728 902 797 compererat,
926 718 978 780 sed
996 727 1026 778 ut
1039 720 1119 778 ferro

116 813 313 884 grassaretur,
329 800 443 880 quaudo
453 817 600 861 uenenum
614 816 673 860 non
688 811 884 880 processerat.
913 803 996 864 solus
1011 803 1120 882 quippe
1141 801 1145 826 ¹

114 888 227 952 Natalis
243 896 272 948 et
285 886 425 947 hactenus
440 886 599 965 prompsit,
620 886 736 945 missum
758 903 790 946 se
809 885 846 949 ad
860 895 1012 965 aegrotum
1028 887 1117 948 Sene·
1128 905 1153 947 ro

117 991 190 1051 cam,
206 973 246 1032 uti
264 972 373 1030 viseret
389 978 675 1048 conquerereturque
691 987 741 1030 cur
752 969 887 1031 Pisonem
899 971 976 1034 aditu
988 981 1119 1032 arceret:

113 1056 220 1118 melius
240 1055 322 1131 iore,
346 1054 372 1116 si
394 1052 547 1115 amicitiam
567 1053 701 1119 familiari
723 1071 884 1131 congressu
907 1055 1119 1116 exercuissent.

115 1150 145 1202 et
161 1137 352 1218 respondisse
373 1139 516 1200 Senecam
539 1153 691 1198 sermones
712 1146 825 1200 mutuos
851 1149 880 1200 ct
896 1139 1001 1200 crebra
1020 1140 1119 1200 conlo·

115 1225 182 1304 quia
203 1222 297 1283 neutri
319 1222 498 1291 conducere;
529 1230 658 1282 ceterum
678 1222 800 1283 salutem
821 1241 902 1285 auam
922 1224 1119 1284 incolumitate

114 1309 230 1371 Pisonis
253 1307 344 1367 inniti.
377 1305 452 1368 baec
473 1307 553 1366 ferre
570 1304 676 1366 Gavius
695 1306 829 1368 Silvanus
850 1306 980 1368 tribunus
1003 1316 1153 1388 praeto-re

115 1394 177 1454 riae
194 1391 340 1468 cohortis,
363 1399 393 1450 et
415 1407 452 1450 an
472 1388 548 1450 dicta
565 1388 676 1450 Natalis
697 1407 805 1469 suaque
820 1408 966 1469 responsa
980 1401 1120 1452 nosceret

117 1475 284 1555 percontari
304 1475 448 1536 Senecam
465 1473 587 1534 iubetur.
626 1475 652 1534 is
674 1472 752 1534 forte
777 1492 813 1539 an
838 1474 967 1553 prudeus
992 1474 1028 1535 ad
1055 1493 1119 1534 eum

114 1561 191 1622 diem
206 1577 243 1620 ex
256 1556 419 1636 Campania¹
427 1565 611 1618 remeaverat
622 1565 809 1636 quartumque
824 1558 900 1637 apud
914 1558 1040 1637 lapidem
1053 1559 1118 1618 sub-

113 1643 225 1705 urbano
253 1661 321 1702 rure
349 1641 524 1713 substiterat.
569 1640 620 1701 illo
648 1642 811 1720 propinqua
836 1657 960 1722 vespera
989 1642 1118 1704 tribunus

115 1729 195 1789 veuit
209 1725 349 1787 et.uillam
368 1723 467 1803 globis
483 1724 602 1785 miiitum
617 1727 741 1804 saepsit;
758 1734 816 1784 tum
831 1727 887 1805 ipsi
904 1745 967 1786 cum
979 1726 1118 1805 Pompeia
1128 1753 1153 1792 ao

112 1811 232 1874 Paulina
247 1827 339 1870 unxere
356 1819 385 1870 et
406 1808 506 1870 amicis
521 1807 633 1870 duobus
646 1808 773 1887 epulanti
788 1810 919 1872 mandata
934 1811 1119 1890 imperatoris

113 1895 212 1957 edidit.
272 1911 275 1918 ’
432 1943 434 1949 ,
732 1925 735 1932 ¹
1144 1941 1147 1945 .

179 1978 230 2039 61.
254 1977 369 2038 Seneca
395 1979 511 2036 missum
533 1975 569 2036 ad
590 1995 623 2037 se
643 1975 776 2038 Natalem
798 1988 1047 2059 conquestumque
1067 1998 1119 2041 uo·

114 2065 193 2122 mine
214 2061 327 2135 Pisonis
343 2061 422 2138 quod
444 2078 460 2119 a
485 2059 604 2121 visendo
622 2078 659 2120 eo
682 2061 899 2140 prohiberetur,
923 2081 1015 2142 seque
1030 2065 1119 2125 ratio·

114 2163 183 2208 nem
198 2143 368 2206 ualetudinis
385 2152 413 2202 et
429 2159 556 2204 amorem
571 2144 675 2222 quietis
689 2146 877 2206 excusavisse
889 2145 1051 2225 respoudit.
1069 2165 1120 2207 cur

113 2230 239 2292 salutem
253 2227 358 2308 privati
373 2227 497 2288 bominis
511 2227 700 2288 incolumitati
716 2245 787 2289 suae
803 2230 979 2306 anteierret,
1003 2248 1118 2292 cansam

111 2333 173 2376 nou
193 2311 345 2382 habuisse;
373 2329 429 2371 nec
450 2310 505 2370 sibi
525 2321 689 2390 promptum
709 2312 739 2372 iu
758 2311 939 2374 adulationes
961 2315 1142 2391 ingeniums

108 2400 200 2478 idque
218 2395 289 2456 nulli
305 2397 399 2473 magis
418 2411 540 2474 guarum
555 2413 640 2474 qnam
654 2393 781 2474 Neroni,
804 2397 852 2475 qui
866 2398 984 2476 sae-pius
1000 2397 1118 2459 liberta·

108 2494 170 2543 tem
196 2481 330 2542 Senecae¹
356 2497 439 2559 quam
468 2481 616 2540 seruitium
645 2488 786 2558 expertus
810 2489 898 2542 esset.
932 2481 981 2542 ubi
1005 2481 1118 2543 haeca

111 2566 229 2628 tribuno
249 2565 341 2626 relata
363 2572 429 2625 sunt
447 2562 586 2643 Poppaea
607 2572 636 2630 et
652 2563 796 2641 Tigellino
820 2582 935 2643 coram,
960 2565 1119 2646 quoderat

110 2649 256 2713 saevienti
273 2650 396 2729 principi
418 2649 544 2710 intimum
560 2648 762 2726 consiliorum,
777 2649 940 2726 interrogat
954 2667 990 2710 an
1004 2651 1119 2712 Seneca
1140 2681 1142 2685 v

109 2734 306 2798 voluntariam
331 2742 454 2794 mortem
485 2741 611 2812 pararet.
654 2742 713 2796 tum
738 2732 868 2794 tribunus
893 2733 972 2793 nulla
998 2737 1153 2812 pavorisro

109 2823 217 2899 signa,
237 2817 307 2878 nihil
329 2820 411 2879 triste
433 2817 461 2876 in
485 2815 584 2876 verbis
605 2818 666 2877 eius
687 2825 734 2876 aut
756 2817 835 2876 uultu
851 2815 1026 2895 deprensum
1050 2838 1117 2879 cou-

109 2904 246 2968 armaria
284 2919 358 2980 erqo
381 2899 500 2980 regredi
522 2909 553 2967 et
579 2900 710 2964 indicere
732 2909 855 2963 mortem
880 2899 1003 2962 iubetur.
1032 2903 1119 2964 tradit

5 3023 10 3044 n
113 2993 226 3056 Fabius
237 2992 375 3060 Rusticus
388 3007 445 3050 nou
459 3005 497 3048 eo
510 3005 567 3066 quo
581 2994 704 3048 venerat
718 2988 825 3046 itiner-e
838 2986 953 3048 redisse
961 2987 1118 3064 tribunum,

118 3076 171 3136 sed
179 3077 300 3136 flexisse
308 3071 485 3132 adllaeuium
494 3071 684 3148 praefectum,
699 3067 1117 3148 ,etexpositisCaesarisiussis

111 3185 150 3226 au
164 3163 385 3241 obtemperaret
404 3159 648 3236 interrogavisse,
668 3156 864 3236 monitumque
879 3155 915 3217 ab
932 3173 968 3217 eo
989 3167 1018 3218 ut
1034 3175 1117 3218 exse·
1128 3175 1152 3214 rr

5 3299 7 3328 ,
112 3257 265 3331 queretur,
282 3244 363 3311 fatali
379 3246 503 3305 omnium
513 3242 643 3320 'ignauia
678 3257 743 3302 nam
758 3250 788 3301 et
805 3241 941 3302 Siluanus
958 3239 1033 3300 inter
1048 3257 1116 3300 eon-

5 3333 6 3336 ’
111 3336 227 3396 iuratos
250 3340 313 3392 erat
334 3328 519 3407 augebatque
538 3325 670 3402 scelera,
692 3325 721 3385 in
743 3341 866 3402 quorum
887 3322 1025 3382 ultionem
1048 3341 1116 3383 cou-

111 3425 262 3483 senserat,
294 3413 360 3476 roei
378 3423 475 3475 tamen
497 3420 525 3471 et
547 3409 678 3488 aspectui
691 3409 829 3490 pepercit
847 3406 1059 3484 intromisitque
1081 3405 1116 3464 ad
