2596 3872
156 144 220 206 252
425 145 916 212 0011111111110111111111111111

160 313 347 390 octingentos
375 318 406 371 et
443 308 562 384 triginta
590 312 659 364 ante
685 321 776 364 annos
804 301 888 364 Remi
915 297 1089 376 Romulique
1122 298 1165 358 in.-

159 397 276 457 iantiam
291 401 421 471 texerat,
435 393 556 452 mortuis
570 386 727 451 ramalibus
742 393 771 446 et
786 393 940 447 arescente
954 391 1058 444 moneo
1075 382 1166 443 ‹lemi-

159 489 256 542 nutam
277 477 404 560 prodigii
426 477 493 538 loco
515 473 642 536 habiturn
657 479 719 548 est,
737 470 832 530 donec
846 471 875 530 in
889 485 982 530 noros
996 468 1073 528 letus
1088 467 1161 528 revi-

134 589 148 630 Ι
160 573 307 626 vesceret.

546 750 786 760 ---··--—--—-·-·

363 1007 699 1092 CORNELII
730 1006 964 1088 TAOITI

408 1182 455 1246 ae
481 1177 633 1245 nnonmn
659 1177 732 1242 mu
759 1175 909 1244 nucusn

519 1363 681 1430 LIBER
705 1359 808 1427 XIV.

580 1652 754 1663 ...n—...-

157 1868 372 1922 saeviturum.
401 1868 461 1934 Gap.
477 1869 501 1918 l.
533 1867 599 1918 Nero
620 1869 708 1918 matris
731 1868 834 1918 caedem
858 1868 938 1933 agitat
961 1866 1080 1916 incitante
1098 1865 1164 1932 Pop·

192 1951 266 2004 paea.
297 1938 322 1987 2.
338 1937 482 2002 Agrlppina
495 1938 619 1988 incestum
635 1944 727 1996 tentam
744 1951 776 1986 an
793 1935 860 1986 Nero
871 1937 974 2001 petinet
999 1933 1024 1986 3.
1038 1934 1076 1984 De
1088 1935 1166 1984 caede

192 2007 281 2056 matris
301 2005 424 2056 deliberat
438 2005 514 2056 Nero.
542 2006 643 2057 Aniceti
660 2006 803 2058 consilium.
825 2007 851 2055 4.
871 2005 1030 2071 Agrippinae
1045 2019 1103 2054 cum
1114 2003 1166 2066 Ne·

193 2089 256 2126 rone
275 2075 359 2124 scelus
377 2075 478 2140 celante·
495 2076 650 2129 convivium.
688 2074 715 2125 b.
732 2075 796 2126 Mari
813 2073 954 2140 mergenda
971 2087 1049 2140 aegre
1071 2073 1165 2123 evadit.

193 2144 333 2194 Acerronia
350 2144 428 2193 remis
449 2143 588 2196 conficitur.
623 2143 648 2196 6.
669 2145 813 2211 Agrippina
830 2142 981 2194 dissimulat.
1011 2143 1037 2195 7.
1051 2141 1077 2192 8.
1097 2140 1165 2190 Nero

193 2213 316 2278 trepidat,
334 2227 391 2262 cum
409 2213 489 2262 Burro
505 2221 530 2262 et
551 2212 647 2264 Seneca
660 2213 789 2264 deliberat.
816 2213 938 2262 Anicetus
954 2210 1058 2260 caedem
1069 2209 1166 2276 Agrip-

193 2282 269 2348 pinae
287 2282 394 2349 suscipit
416 2291 440 2332 et
460 2289 598 2348 perpetrat.
633 2283 658 2334 9.
680 2282 840 2348 Agrippinae
859 2279 923 2331 viles
943 2279 1089 2343 exsequiae.
1121 2278 1163 2329 10.

193 2350 260 2401 Nero
274 2352 431 2408 conscientia
441 2365 547 2402 vaecors
563 2351 708 2402 adulatione
720 2351 835 2417 erigitur.
872 2349 913 2417 11.
932 2349 1024 2400 Literis
1042 2349 1075 2398 ad
1089 2362 1165 2399 sena-

192 2428 247 2469 tum
261 2429 367 2470 matrem
383 2421 459 2470 etiam
473 2427 533 2486 post
548 2419 601 2470 lata
613 2421 768 2470 criminatur.
800 2420 842 2470 12.
861 2417 969 2470 Sensim
981 2419 1088 2483 tnrpiter
1101 2417 1165 2467 adu-

193 2489 268 2538 latur.
298 2487 411 2540 Thrasea
427 2489 521 2540 Paetus
537 2489 620 2538 virum
634 2504 662 2540 se
674 2496 797 2554 praestat.
823 2487 890 2540 Nero
906 2489 966 2536 mite
979 2487 1112 2552 ingenium
1125 2485 1165 2534 ai-

193 2556 278 2606 iectat.
310 2555 351 2608 13.
369 2557 461 2608 Urbem
476 2558 553 2607 intrat
565 2559 675 2613 anxins:
699 2552 835 2608 blanditias
851 2563 972 2623 expertus
991 2558 1017 2606 iu
1033 2570 1121 2606 omnes
1134 2555 1165 2604 li-

191 2625 292 2676 bidines
307 2641 336 2676 se
350 2625 464 2676 effundit.
500 2627 541 2677 14.
558 2625 739 2688 citharoedus,
755 2627 858 2694 auriga,
875 2614 973 2676 nobil'es
984 2625 1018 2674 sd
1031 2625 1103 2690 paria
1118 2624 1165 2673 ssa—

192 2693 256 2761 gitia
271 2695 360 2760 adigit.
391 2694 432 2745 lb.
450 2695 587 2746 luvenalis.
617 2695 684 2746 Nero
698 2695 724 2744 in
738 2710 838 2746 scaena.
865 2693 1040 2761 Augustianos
1052 2695 1165 2744 conscri-

192 2763 238 2814 bit.
277 2762 319 2814 lo.
342 2763 459 2814 Carmina
480 2765 578 2830 pangit.
615 2763 785 2829 Philosophus
805 2765 879 2814 ridet.
911 2763 954 2815 lt.
984 2762 1080 2814 (laedes
1099 2762 1165 2812 inter

192 2830 334 2881 Nucerinos
345 2841 370 2881 et
380 2833 550 2898 Pompeianos
563 2833 695 2884 occasione
707 2833 853 2900 gladiatorii
864 2831 1010 2899 spectaculi.
1022 2829 1078 2914 ‚18.
1090 2829 1164 2881 Blae-

191 2899 684 3034 :ttfluitabitAtilii-ti
704 2898 1164 3027 llil?“ltt¹t²¹tlilnlr.i⁸t

192 3053 279 3088 eorum
293 3039 430 3104 vituperia,
448 3039 490 3089 21.
507 3039 596 3090 laudes
612 3049 636 3090 et
651 3041 789 3094 excusatio.
820 3039 887 3090 Nero
903 3037 1061 3103 eloquentiae
1073 3038 1163 3088 victor.

191 3107 233 3156 22.
257 3107 383 3157 Portentis
403 3116 544 3172 commotus
563 3109 706 3159 Rubellium
727 3110 754 3159 in
771 3109 876 3159 exilium
892 3109 953 3175 agit.
987 3106 1030 3158 23.
1054 3105 1163 3158 Corbulo

192 3175 337 3226 Mardorum
358 3176 490 3227 latrocinia
507 3178 598 3260 punit..
621 3178 665 3230 24.
685 3177 864 3228 Percussorem
886 3179 961 3260 vitat:
982 3175 1163 3242 Tigranocerta

192 3243 1162 3382 inclinauit.‘tntilttttlttnillitati-tibi

191 3382 419 3501 {Bntpffirqngppp
430 3383 556 3503 effloniaes.
574 3383 892 3506 θ2ΐ8..ὒοιτιῦ1111111111910τί(ῗὲ
917 3384 1160 3506 VplinusIdarpuatps.

312 3465 326 3500 e
410 3465 441 3500 sn
471 3466 511 3503 ee.
556 3468 573 3502 n
600 3467 674 3504 eurus
716 3468 865 3505 ousmmra
892 3463 910 3506 1.
976 3467 1100 3504 .ncoas
1133 3465 1161 3499 ο·
