2570 3878
192 179 253 239 atu
440 185 606 235 corneum
627 185 753 234 sacrm.
766 185 951 235 summram

13 415 15 424 ,η
160 371 183 412 rs
194 355 224 408 et
242 346 266 406 si
282 342 468 405 auxiliaribus
484 344 671 421 resisterent,
695 342 800 421 gladiis
816 359 852 403 ac
866 343 933 422 pilis
956 337 1195 423 legionarioriun,

13 425 15 552 p
193 450 216 490 su
210 430 287 490 huc
303 435 469 505 verterent,
493 427 604 507 spatlpis
626 437 657 486 et
679 426 769 488 inustis
786 427 967 488 auxiliarium
983 427 1194 494 sternebantur

194 515 272 576 clara
288 532 323 574 ea
337 513 460 573 victoria
474 510 526 571 init
533 519 701 612 ,captaque
716 529 790 572 uxor
807 521 836 571 et
852 512 909 572 iilia
927 511 1061 574 Carataci
1076 511 1195 573 iratres·

13 555 15 642 Ι
194 619 231 680 qu
213 599 293 660 iuurne
311 596 486 657 deditionem
499 597 625 676 accepti.
1271 665 1272 668 p

255 681 305 744 36.
328 681 410 760 lpse,
427 689 457 741 ut
476 680 567 742 ferme
589 681 677 741 intuta
698 688 763 740 sunt
783 679 922 758 adversa,
945 699 1007 742 curn
1026 680 1111 742 irdem
1126 678 1193 741 Gar·

193 765 354 828 timenduae
374 765 495 845 reginae
516 765 682 843 Brigantum
702 765 870 844 petivisset,
891 766 1005 827 vinetus
1021 783 1057 827 ac
1077 765 1195 824 victori·
1218 763 1230 812 ’-

191 851 246 912 bus
262 849 381 910 traditus
397 858 458 926 est,
481 865 558 910 nono
582 859 651 948 pust
675 866 749 910 anno
771 867 855 928 quam
874 848 1013 910 bellum
1004 867 1033 910 m
1050 847 1195 911 Britannia

149 943 338 1037 coeptum.
374 933 448 993 unde
463 934 545 997 laura
568 933 629 993 eius
653 941 756 994 evecta
775 933 883 994 insulas
905 942 934 993 et
958 935 1107 1014 proximas
1128 949 1195 1011 pro·

168 1020 304 1080 svincias'
319 1025 480 1097 pervagata
495 1036 549 1097 per
567 1017 678 1078 ltaliam
700 1035 816 1096 quoque
840 1016 1043 1080 celebrabatur
1057 1015 1194 1078 avebant·

192 1121 247 1182 qne
261 1104 377 1179 visere,
401 1101 463 1180 quis
483 1101 533 1161 ille
553 1110 596 1162 tot
616 1120 669 1180 per
690 1117 781 1162 annos
797 1119 871 1182 opes
892 1112 1006 1164 nostras
1022 1102 1196 1181 sprevisset.

191 1207 228 1247 ne
242 1188 353 1248 Romae
374 1185 489 1264 quidem
505 1185 636 1263 ignobile
655 1184 788 1246 Carataci
811 1204 915 1248 nornen
936 1195 1012 1257 erat;
1039 1193 1069 1246 et
1084 1183 1194 1246 Caesar

192 1272 257 1331 dum
282 1288 363 1330 suurn
388 1270 477 1330 decus
503 1269 630 1348 extollit,
664 1268 771 1330 addidit
795 1271 919 1350 gloriam
942 1273 1032 1331 victo.
1072 1277 1196 1330 vocatus

192 1356 300 1435 quippe
316 1362 346 1415 ut
361 1353 420 1414 ad
411 1353 526 1430 insigne
548 1353 746 1433 spectaculum
765 1355 909 1434 popolus:
932 1349 1042 1416 stetere
1064 1356 1093 1414 in
1109 1354 1196 1413 armis

160 1441 359 1520 ropraetoriae
382 1437 519 1498 cohortes
543 1456 646 1519 campo
668 1439 716 1518 qui
734 1448 829 1499 castra
846 1439 1001 1520 praeiacet.
1032 1447 1102 1498 tunc
1115 1429 1202 1496 inre?

194 1523 325 1584 dentibus
354 1522 444 1599 regiis
461 1522 616 1582 clientelis
637 1522 778 1601 phalerae
802 1533 923 1602 torques
942 1540 1083 1604 quaeque
1108 1520 1195 1581 bellis

172 1631 173 1636 ¹
193 1609 321 1668 externis
334 1607 519 1686 quaesiverat
537 1606 676 1685 traducta,
693 1624 761 1668 mox
777 1607 882 1668 iratres
898 1617 928 1668 et
943 1609 1068 1668 coniunx
1083 1613 1113 1666 et
1127 1605 1194 1682 lilia,

193 1700 342 1772 postremo
359 1693 423 1768 ipse
440 1698 609 1751 ostentatus.
632 1699 796 1751 ceterorum
808 1709 913 1770 preces
930 1691 1095 1770 degeneres
1111 1689 1196 1748 inere

175 1795 230 1840 ¹ex
250 1783 341 1835 metu:
366 1784 394 1832 at
416 1791 473 1833 non
489 1772 646 1835 Caratacus
669 1782 716 1834 aut
733 1775 811 1835 vultu
826 1775 953 1837 demisso
969 1785 1016 1838 aut
1031 1772 1129 1835 verbis
1145 1773 1194 1832 mi·

78 1927 88 1938 ι
159 1857 379 1919 ussericordiam
398 1857 567 1936 requirens,
588 1857 637 1916 ubi
652 1857 786 1922 tribunali
802 1859 926 1938 adstitit,
949 1860 977 1919 in
989 1859 1064 1920 bunc
1079 1856 1194 1918 modum

192 1943 306 2004 loeutus
322 1951 375 2002 est.
1271 1943 1272 1970 ³

87 2017 301 2088 W.
325 2026 373 2086 ‘Si
388 2034 491 2104 quanta
509 2024 646 2086 nobilitas
664 2034 693 2086 et
709 2026 825 2088 fortuna
839 2028 906 2090 milri
921 2027 989 2105 luit,
1005 2036 1082 2088 tantu
1098 2045 1194 2086 rerum

192 2127 399 2192 prosperarum
412 2109 573 2170 moderatio
592 2109 710 2190 luisset,
727 2112 835 2172 amicus
852 2112 947 2192 potius
962 2111 991 2170 irr
1005 2110 1080 2172 hanc
1093 2110 1193 2170 urbem

193 2213 277 2276 quarn
293 2195 571 2274 captus-venissem,
593 2211 688 2274 neque
702 2194 873 2274 dedignatus
889 2213 987 2272 esses,
1005 2194 1092 2256 claris
1105 2197 1192 2255 maio-

192 2279 271 2340 ribus
290 2289 398 2358 ortum,
412 2279 543 2360 pluribus
551 2281 688 2357 gentibus
697 2278 1036 2359 imperitantemioedere
1044 2281 1072 2338 in
1089 2297 1191 2360 pacem

168 2365 338 2443 succipere.
371 2379 512 2442 praesens
528 2379 592 2421 sors
609 2379 671 2422 mea
687 2371 717 2422 ut
731 2362 798 2424 mihi
810 2363 1010 2442 informique
1021 2361 1072 2422 tibi
1083 2363 1192 2441 magni·

193 2449 247 2510 lica
264 2456 316 2508 est.
347 2445 432 2507 lrubui
448 2464 541 2526 equos
558 2447 648 2524 viros,
668 2465 745 2508 arma
760 2465 847 2526 opes:
861 2446 929 2526 quid
944 2447 1063 2524 miram,
1081 2448 1105 2508 si
1119 2447 1194 2506 haer.
1271 2443 1272 2488 ἶ

192 2528 415 2592 invitus'amisii
444 2549 508 2591 narn
530 2531 623 2592 sivos
646 2531 776 2592 omnibus
792 2533 957 2610 imperitare
972 2530 1074 2609 vultis,
1098 2532 1192 2608 sequi·
1271 2565 1272 2582 2

191 2627 236 2676 tur
253 2623 284 2675 ut
298 2633 399 2676 omnes
414 2615 581 2676 servitutem
596 2613 762 2696 accipiant?
774 2617 798 2676 si
815 2615 908 2676 statim
926 2614 1037 2676 deditus
1052 2614 1195 2692 traherer,
1271 2631 1272 2676 ι

128 2727 141 2748 x
191 2717 287 2778 neque
297 2716 361 2760 mea
371 2699 486 2760 fortuna
498 2717 592 2779 neque
603 2708 649 2762 tua
662 2701 757 2778 gloria
768 2700 966 2770 inclaruisset;
980 2707 1009 2759 et
1022 2699 1194 2779 supplicium
1271 2679 1272 2736 l

63 2837 66 2842 ,
158 2785 247 2844 romei
271 2781 379 2844 oblivio
398 2792 585 2863 sequeretur:
610 2794 638 2844 at
659 2785 683 2844 si
704 2785 878 2846 incolumem
898 2785 1079 2862 servaveris,
1095 2792 1189 2844 aeter·

191 2886 256 2928 nurn
272 2866 423 2946 exemplar
439 2867 608 2928 clementiae
625 2874 701 2930 ero!
728 2869 763 2931 ad
780 2887 814 2930 ea
833 2863 1067 2930 (laesur'veniam
1079 2868 1194 2947 ipsique
1271 2921 1272 2946 ι

150 2991 152 2994 <
192 2961 221 3012 et
242 2951 358 3029 coniugi
379 2959 407 3011 et
428 2950 563 3013 iratribus
591 2951 697 3028 tribuit.
729 2963 814 3034 atque
842 2953 883 3013 illi
910 2952 1013 3014 vinclis
1067 2951 1192 3012 absoluti
1271 2969 1272 3020 ι

190 3037 381 3114 Agrippinam
398 3052 530 3114 quoque,
551 3035 624 3096 haud
642 3038 744 3116 procul
761 3039 819 3101 alio
834 3045 976 3117 suggestu
994 3036 1191 3115 conspicuam,
1271 3035 1272 3038 ’

190 3119 281 3182 isdem
305 3118 409 3199 quibus
427 3120 585 3200 principem
601 3121 732 3182 laudibus
753 3121 941 3201 gratibusque
964 3120 1094 3181 venerati
1118 3130 1192 3181 sunt.
1271 3119 1272 3124 ’

157 3221 298 3272 tsncvum
319 3221 388 3264 sane
410 3213 439 3264 et
459 3203 585 3266 moribus
606 3215 736 3267 veterum
763 3206 920 3283 insolitum,
948 3204 1081 3265 feminam
1102 3205 1194 3283 signis

189 3289 327 3352 llomanis
348 3287 532 3370 praesidere:
555 3290 618 3370 ipsu
642 3299 733 3398 semet
754 3293 830 3371 parti
852 3309 867 3351 a
888 3287 1044 3350 maioribus
1067 3288 1127 3349 suis
1143 3292 1192 3349 irn-

191 3375 263 3450 perii
281 3375 388 3436 sociam
403 3373 525 3436 serebat

249 3457 298 3519 38.
317 3460 423 3519 Vocati
438 3458 674 3543 posthacpotres
691 3461 778 3523 multa
803 3468 832 3522 et
854 3459 1006 3538 magnilica
1032 3475 1120 3538 super
1145 3477 1193 3520 ea»
