2570 3878
194 167 256 242 212
458 179 625 228 corennum
636 177 753 227 recma
765 178 949 227 annuerunt

195 336 243 398 diu
260 345 289 396 et
302 335 440 396 Romanis
461 335 546 396 armis
562 333 718 412 detonsus,
739 353 802 394 cum
822 332 1051 396 Cartimanduam
1066 335 1192 412 reginam

194 422 374 481 matrimonio
390 427 516 489 tenerem
538 435 607 480 mox
627 427 690 480 orto
712 417 833 480 discidio
855 426 884 478 et
905 420 999 478 statim
1015 418 1096 480 bello
1112 420 1191 480 etiam
1278 455 1279 486 2

194 504 334 566 adversus
350 522 405 565 nos
420 502 701 564 bostiliainduemt.
721 501 774 564 sed
790 503 884 582 primo
898 511 1005 562 tantum
1021 503 1096 564 inter
1112 503 1192 582 ipsos
1278 497 1279 528 ¹

195 587 374 666 certabatur,
398 586 570 667 callidisque
584 586 787 650 Cartimandua
804 585 913 648 artibus
932 585 1051 657 inanem
1073 605 1108 648 ac
1128 605 1192 666 pro·

158 677 319 754 ropinquos
339 673 456 734 Venutii
477 673 642 753 intercepit.
672 671 739 734 inde
761 672 879 734 accensi
895 669 1012 749 hostes,
1034 671 1194 732 stimulante

192 759 364 836 ignominia,
385 775 422 816 ne
444 757 568 818 laminae
591 759 715 835 irnperio
736 755 943 833 subderentur,
965 755 1061 818 valida
1076 763 1107 816 et
1119 755 1194 817 lecta

193 843 282 906 mnis
295 842 429 901 inuentus
443 859 564 918 regnum
581 843 643 903 eius
657 840 802 902 invadunt.
827 838 906 920 quod
920 838 1005 900 uobis
1022 842 1192 920 praevisum,

194 935 223 985 et
237 927 347 987 missae
360 925 467 986 auxilio
486 925 624 987 cohortes
638 943 707 986 acre
723 925 865 1004 proelium
879 924 998 1004 iecere,
1016 926 1097 984 cuius
1115 925 1193 986 initio

194 1009 333 1088 ambiguo
346 1011 410 1069 linis
427 1008 531 1070 laetior
551 1011 613 1070 luit.
643 1027 739 1090 neque
761 1008 869 1088 dispari
885 1017 990 1070 eventu
1007 1017 1160 1089 pugnatum
1178 1027 1194 1069 a

158 1095 323 1172 solegione,
340 1095 386 1154 cui
404 1091 525 1154 Caesius
539 1093 647 1155 Nasica
661 1103 811 1173 praeeram
833 1108 899 1153 nam
912 1091 1029 1170 Didius,
1047 1101 1194 1154 serreetute

193 1179 291 1254 gravis
313 1187 343 1238 et
364 1177 451 1238 multa
473 1179 561 1258 copia
580 1177 738 1255 bonorum,
762 1196 816 1257 peu
837 1177 984 1238 ministros
1001 1195 1092 1254 agere
1108 1187 1137 1238 et
1150 1196 1193 1239 ar·

194 1281 262 1324 cere
279 1261 393 1322 bostem
414 1262 484 1323 satis
506 1261 643 1323 babebat.
668 1261 756 1339 baec,
783 1278 951 1341 quamquam
971 1280 988 1323 a
1010 1260 1123 1325 duobus
1142 1280 1194 1340 pro
1278 1295 1279 1344 t

194 1346 377 1426 praetoribus
396 1347 496 1426 plures
512 1363 565 1425 per
581 1365 674 1408 annos
688 1355 783 1425 gesta,
800 1347 946 1424 coniunxi,
963 1363 1000 1406 ne
1016 1344 1108 1407 divisa
1122 1345 1196 1406 lraud
1278 1345 1279 1350 ’

193 1429 313 1510 perinde
334 1431 370 1492 ad
396 1432 563 1492 memoria-m
585 1433 629 1492 sui
655 1431 804 1492 valerent:
827 1429 863 1491 ad
883 1439 1045 1509 temporum
1068 1428 1196 1490 ordinem

156 1514 294 1580 asredeo.
366 1539 370 1546 ·

250 1601 302 1660 41.
331 1597 374 1659 Ti.
399 1591 519 1659 Claudio
543 1600 670 1677 quintum
685 1599 789 1658 Seruio
816 1597 953 1660 Cornelio
979 1598 1070 1660 Orlito
1094 1615 1195 1658 consu-

176 1683 267 1742 libus
284 1682 377 1742 virilis
399 1690 470 1760 toga
484 1681 595 1744 Neroni
613 1691 767 1760 maturata,
784 1700 842 1762 quo
864 1683 1065 1762 capessendae
1086 1685 1129 1742 rei
1145 1701 1196 1762 pu-

192 1767 288 1826 blicae
303 1764 410 1826 babilis
432 1766 589 1827 videretur.
620 1776 650 1826 et
667 1765 777 1828 Caesar
798 1766 1010 1828 adulationibus
1032 1775 1149 1828 senatus
1163 1767 1196 1828 li-

192 1851 264 1910 bens
279 1850 378 1924 cessit,
391 1857 422 1908 ut
439 1852 598 1912 vicensimo
615 1852 716 1912 aetatis
731 1869 805 1912 anno
823 1850 1002 1912 consulatum
1016 1849 1096 1911 Nero
1113 1851 1197 1912 iniret

166 1943 279 2012 satque
293 1934 408 1993 interim
422 1934 591 2013 designatus
607 1935 819 2015 proconsulare
830 1936 981 2014 imperium
999 1944 1082 1996 extra
1097 1935 1196 1996 urbem

192 2017 315 2078 baberet
329 2035 364 2078 ao
379 2017 517 2098 princeps
531 2019 684 2081 iuuentutis
703 2019 909 2099 appellaretur.
940 2018 1065 2081 additum
1083 2021 1198 2080 nomine

193 2103 254 2162 eius
272 2101 437 2163 donatiuum
453 2102 550 2181 militi,
574 2103 873 2184 congiarium-plebei.
906 2113 935 2164 et
948 2103 1063 2176 ludicro
1086 2106 1186 2165 circen

192 2187 280 2265 sium,
302 2186 379 2266 quod
394 2187 579 2268 adquirendis
594 2187 675 2266 vulgi
689 2187 791 2250 studiis
805 2187 955 2267 edebatur,
971 2187 1153 2250 Britannicus
1170 2189 1199 2249 in

191 2279 356 2348 praetexta,
370 2271 451 2334 Nero
466 2272 632 2352 triumphali
645 2281 728 2332 veste
745 2272 867 2334 travecti
885 2283 965 2334 sunt:
979 2281 1128 2351 spectaret
1144 2290 1198 2352 po·

157 2375 183 2416 ro
193 2353 277 2433 pulus
294 2354 374 2415 bunc,
384 2355 494 2417 decore
510 2357 714 2435 imperatorio,
728 2357 807 2418 illum
823 2356 928 2436 puerili
941 2355 1057 2433 babitu,
1081 2375 1117 2418 ac
1131 2375 1198 2436 per·

191 2438 256 2498 inde
271 2439 414 2500 fortunam
430 2441 577 2520 utriusque
593 2449 800 2518 praesumeret.
832 2438 916 2500 simul
935 2441 984 2520 qui
1000 2442 1200 2502 centurionum

190 2521 429 2602 tribunorumque
450 2534 559 2585 sortem
576 2523 732 2586 Britannici
754 2523 980 2601 miserabantur,
1002 2527 1105 2586 remoti
1121 2526 1202 2587 lictis
1278 2593 1279 2596 Ἴ

191 2607 288 2665 nausis
303 2615 334 2666 et
350 2607 399 2668 alii
414 2626 468 2687 per
481 2609 612 2688 speciem
632 2609 768 2680 bonoris;
790 2610 877 2670 etiam
897 2607 1069 2672 libertorum
1089 2610 1114 2670 si
1133 2613 1203 2690 quis

189 2690 358 2770 incorrupta
374 2691 441 2770 fide,
459 2692 615 2773 depellitur
628 2693 678 2754 tali
694 2695 861 2756 occasione.
891 2693 971 2755 obvii
983 2694 1058 2757 iuter
1073 2712 1105 2754 se
1116 2693 1202 2755 Nero
1278 2693 1279 2702 ’

158 2772 385 2839 rsBritannicum
399 2778 529 2854 nomine,
552 2777 604 2838 ille
622 2777 778 2839 Domitium
792 2778 967 2840 salutavere.
999 2777 1076 2856 quod
1092 2787 1123 2838 ut
1140 2779 1202 2840 dis-

193 2856 310 2920 cordiae
330 2860 440 2933 initinm
459 2859 623 2942 Agrippina
644 2863 732 2923 multo
754 2871 858 2942 questu
877 2861 913 2924 ad
933 2862 1065 2924 maritum
1087 2862 1201 2924 defert:

191 2942 291 3019 sperni
309 2944 419 3024 quippe
434 2944 632 3024 adoptionem,
648 2965 782 3026 quaeque
797 2949 963 3008 censuerint
979 2955 1088 3026 patres,
1105 2949 1199 3010 iusse-

190 3025 227 3085 rit
241 3025 383 3105 pcpulus,
407 3031 482 3090 intra
503 3039 625 3109 penates
642 3031 797 3109 abrogari;
820 3050 856 3093 ac
869 3031 924 3092 nisi
939 3032 1067 3109 prauitas
1083 3041 1142 3094 tarn
1157 3033 1201 3091 in-

189 3111 275 3170 fensa
294 3108 459 3173 docentium
479 3123 627 3192 arceatur,
650 3125 786 3196 eruptura
808 3117 836 3176 in
857 3114 1004 3195 publicam
1025 3117 1205 3196 perniciem.

155 3215 182 3255 ec
193 3203 353 3256 commotus
367 3195 412 3257 bis
424 3198 509 3276 quasi
523 3198 688 3260 criminibus
704 3201 842 3279 optimmn
854 3217 997 3279 quemque
1010 3199 1206 3264 educatorem

191 3276 241 3373 tilii
260 3277 347 3422 erqilio
362 3289 409 3340 aut
422 3291 516 3342 morte
530 3281 628 3344 adlicit
642 3282 784 3364 datosque
796 3304 812 3347 a
824 3300 954 3346 nouerca
969 3283 1121 3346 custodiae
1133 3287 1206 3346 eius

192 3377 291 3439 rnponr
306 3406 314 3422 .

253 3443 305 3503 42.
330 3443 462 3509 Nondum
481 3458 575 3512 tamen
591 3470 697 3514 summa
712 3453 806 3514 moliri
822 3454 988 3534 Agrippina
1005 3452 1145 3533 audebat,
1172 3455 1206 3516 ni
