2570 3878
173 201 232 266 138
434 208 923 262 coauuuuracrurnuuucruu

169 387 235 430 uem
250 385 362 444 veram,
377 365 497 428 caelesti
512 366 652 443 sanguine
675 374 783 442 ortam,
804 355 979 440 intellegere
1002 362 1171 440 discrimen,
1270 361 1271 436 Ῠ

170 453 322 530 suscipere
340 449 452 511 sordes.
481 450 586 510 lrustra
606 448 757 510 Pulchram
769 447 941 528 praescribi,
956 446 1002 506 cui
1014 447 1078 518 sola
1090 447 1171 508 exitii

171 551 258 596 causa
273 534 310 594 sit
324 532 401 612 quod
418 531 609 612 Agrippinam
623 533 710 592 stulte
725 547 845 612 prorsus
866 529 902 591 ad
924 529 1029 590 cultum
1049 529 1171 608 delege-

169 620 216 694 rit,
236 617 324 679 oblita
339 617 442 677 Sosiae
460 615 498 676 cb
514 615 614 676 eadem
630 615 774 676 addictae.
805 613 898 675 audita
911 613 986 674 haec
1009 629 1102 674 raram
1119 630 1170 674 cc·

134 720 160 761 aa
174 703 242 763 culti
263 702 393 780 pectoris
416 717 518 761 vocem
539 699 683 778 elicuere,
704 706 928 779 correptamque
953 695 1065 759 Graeco
1081 711 1169 758 versu
1271 689 1272 736 ἒ

170 784 315 847 admonuit
329 801 388 843 non
406 783 473 844 ideo
488 782 577 860 laedi,
597 786 663 864 quia
678 799 737 844 non
751 792 897 860 regnaret.
928 780 1052 843 Pulchra
1061 789 1089 840 et
1098 779 1167 840 Fur·

170 871 232 928 nius
248 868 424 928 damnantur.
453 866 526 926 Afer
541 866 715 945 primoribus
727 875 873 926 oratorum
884 865 1005 942 additus,
1015 863 1168 941 divulgato
1272 879 1273 902 ι

170 952 290 1028 ingenio
307 959 336 1009 et
351 959 450 1010 secuta
466 949 689 1012 adseveratione
705 948 849 1027 Caesaris,
864 967 920 1028 qua
935 965 987 1010 suo
1002 950 1064 1009 iure
1079 946 1170 1007 diser·
1272 957 1273 1028 ζ

170 1043 228 1094 tum
244 1051 308 1093 eum
324 1033 492 1112 appellarit.
519 1049 588 1093 mox
600 1033 789 1113 capessendis
801 1032 1032 1095 accusationibus
1044 1039 1092 1092 aut
1101 1049 1172 1092 reos

134 1117 287 1180 astutandc
310 1117 499 1196 prosperiore
515 1117 702 1196 eloquentiae
719 1131 802 1197 quam
816 1133 926 1178 morum
941 1117 1015 1177 iama
1035 1115 1099 1195 iuit,
1116 1115 1173 1175 nisi

172 1200 250 1280 quod
263 1208 344 1261 aetas
364 1207 493 1260 extrema
506 1200 624 1261 multum
639 1201 724 1261 etiam
746 1195 929 1281 eloquentiae
945 1200 1083 1279 dempsit,
1106 1199 1173 1260 dum
1273 1263 1274 1268 ,

169 1286 250 1346 iesse
268 1291 365 1343 mente
380 1283 485 1344 retinet
500 1283 607 1344 silentii
620 1285 825 1363 inpatientiam.

234 1367 285 1430 53.
305 1365 346 1427 m
364 1365 530 1447 Agrippina
549 1369 691 1448 pervicax
712 1368 774 1428 irae
797 1377 826 1428 et
848 1368 951 1429 morbo
975 1368 1109 1447 corporis
1130 1369 1173 1426 in·

170 1453 293 1532 plicata,
310 1467 374 1529 cum
391 1451 500 1512 viseret
521 1469 584 1512 eam
599 1451 722 1530 Caesar,
741 1452 868 1532 profusis
891 1451 938 1512 diu
959 1469 993 1513 ac
1016 1466 1070 1530 per
1084 1451 1173 1510 silen-
1274 1493 1275 1506 .

167 1538 237 1596 tium
257 1534 402 1610 lacrimis,
421 1553 491 1595 mox
513 1533 648 1597 invidiam
674 1546 703 1596 et
728 1551 835 1616 preces
857 1535 982 1596 orditur:
1004 1533 1173 1594 subveniret

170 1617 331 1695 solitudini,
348 1616 429 1678 daret
443 1620 588 1690 maritum;
611 1619 736 1680 habilem
754 1617 846 1681 adhuc
867 1620 1011 1682 iuventam
1028 1617 1099 1696 sibi,
1122 1635 1174 1678 ne·

144 1720 229 1782 sque
244 1700 321 1763 aliud
335 1701 437 1780 probis
453 1719 536 1780 quam
553 1703 783 1764 ex‘matrimonio
800 1703 953 1775 solacium3
977 1717 1044 1764 esse
1058 1703 1087 1762 ln
1103 1701 1173 1762 civi·
1275 1757 1276 1778 ,

171 1796 241 1860 tate,
254 1785 508 1862 qao..Germaaiei
530 1789 684 1866 coniugem
703 1803 738 1846 ac
759 1787 872 1847 liberos
887 1775 958 1847 eius'
971 1789 1108 1866 recipere
1126 1787 1167 1847 di·

168 1877 339 1950 querentur.
378 1869 432 1930 sed
448 1867 557 1930 Caesar
579 1889 640 1931 non
660 1873 795 1950 ignarus,
822 1879 957 1950 quantum
975 1887 1013 1930 ex
1034 1887 1067 1931 se
1082 1877 1166 1950 pete·
1276 1930 1277 1946 ,

169 1963 271 2030 retur,
287 1963 435 2014 notamen
450 1952 622 2014 cliensicnis
635 1964 684 2015 aut
696 1963 790 2014 metus
802 1955 972 2016 manifestus
987 1955 1082 2032 foret,
1100 1955 1166 2036 sine
1276 1957 1277 2032 j

169 2053 317 2115 responso
335 2054 504 2117 quamquam
518 2039 674 2098 instantem
695 2037 822 2116 reliquit.
863 2038 892 2098 id
908 2054 982 2118 ego,
1008 2057 1024 2101 a
1041 2039 1167 2117 scripto·

169 2121 251 2181 ribus
266 2121 409 2181 annalium
422 2139 481 2182 ncn
489 2121 642 2201 traditum,
657 2123 778 2202 repperi
791 2125 821 2182 in
833 2124 1047 2184 commentariis
1061 2120 1166 2202 Agrip·

172 2207 259 2284 pinae
275 2205 370 2283 filiae,
387 2222 462 2284 quae
473 2204 601 2266 Neronis
617 2207 757 2286 principis
774 2216 866 2268 mater
882 2207 968 2266 vitam
980 2222 1060 2267 suam
1075 2216 1105 2266 et
1120 2223 1168 2267 ca·

168 2306 221 2349 sus
238 2305 357 2349 sucrum
371 2291 500 2368 posteris
517 2292 696 2352 memoravit

229 2378 280 2438 54.
311 2373 446 2436 Ceterum
473 2367 594 2434 Seiarius
620 2381 796 2436 maerentem
821 2382 851 2434 et
877 2369 1059 2452 inprovidam
1084 2366 1171 2427 altius

166 2459 308 2541 perculit,
330 2459 465 2518 immissis
480 2459 528 2538 qui
544 2476 598 2538 per
613 2459 744 2537 speciem
758 2457 902 2519 amicitiae
917 2461 1067 2516 monerent
1085 2467 1170 2529 para·

166 2553 225 2604 tum
241 2543 268 2603 ei
284 2560 443 2619 venenum,
465 2541 595 2602 vitandas
611 2543 708 2603 soceri
729 2541 842 2620 epulas.
875 2549 962 2618 atque
983 2537 1032 2599 illa
1052 2533 1169 2595 simula·

166 2629 274 2688 tionum
289 2627 405 2703 nescia,
429 2644 491 2686 cum
506 2635 630 2705 propter
643 2625 852 2702 discumberet,
872 2642 930 2683 non
950 2621 1030 2683 vultu
1046 2626 1093 2680 aut
1106 2635 1170 2678 ser·

141 2727 253 2775 smone
269 2710 363 2787 ilecti,
378 2709 475 2770 nullos
493 2712 636 2786 attingere
653 2710 752 2788 cibos,
775 2709 872 2770 donec
886 2707 1009 2769 advertit
1024 2704 1171 2779 Tiberius,

167 2795 245 2856 iorte
261 2812 296 2854 an
312 2795 377 2873 quia
392 2792 554 2862 audiveram
572 2793 659 2872 idque
676 2810 733 2873 quo
750 2793 844 2854 acrius
859 2791 1056 2870 experiretur,
1070 2803 1170 2866 poma,

168 2886 198 2938 ut
215 2885 296 2938 erant
310 2876 460 2956 adposita,
477 2876 597 2938 laudans
610 2879 692 2937 nurui
710 2894 761 2938 sua
779 2893 864 2938 manu
877 2873 1002 2936 tradidit.
1034 2881 1117 2934 ancta
1132 2887 1171 2930 ex

169 2978 206 3022 eo
228 2960 564 3040 suspicicllgrippinae,
586 2968 615 3020 et
636 2960 742 3022 intacta
764 2978 817 3021 ore
837 2959 931 3020 serris
951 2957 1081 3020 tramisit.
1114 2971 1170 3014 nec

168 3052 263 3116 tamen
285 3041 395 3104 liberii
413 3060 473 3103 vox
495 3060 593 3104 coram
616 3054 733 3122 secuta,
756 3045 809 3104 sed
831 3043 973 3104 obversus
993 3041 1029 3102 ad
1050 3048 1172 3130 matrem

132 3143 226 3187 arnon
250 3128 351 3187 mirum
372 3129 427 3204 ait,
451 3126 562 3206 siquid
585 3128 716 3189 severius
741 3129 770 3189 iu
796 3145 859 3189 eam
882 3127 1045 3203 statuisset,
1073 3143 1089 3184 a
1115 3139 1173 3202 qua

168 3211 305 3271 venalicii
322 3211 544 3271 insimularetur.
575 3211 641 3272 inde
656 3229 754 3272 rumor
770 3212 866 3292 parari
882 3211 1015 3288 exitium,
1031 3225 1126 3287 neque
1142 3204 1173 3265 id

168 3294 374 3371 imperatorem
402 3292 498 3374 palam
533 3293 657 3374 audere,
691 3305 837 3357 secretum
872 3293 908 3354 ad
945 3289 1172 3374 perpetrandum

168 3376 281 3454 quaeri.

232 3458 283 3520 55.
307 3461 366 3521 Sed
386 3461 496 3523 Caesar
518 3479 575 3543 quo
596 3462 699 3524 lamam
722 3471 881 3542 auerteret,
905 3461 1010 3524 adesse
1029 3460 1172 3538 frequens
