2536 3870
170 91 232 158 228
413 99 928 152 coaunnrrrscrruaettrccnan

170 258 319 322 lasciviam
333 255 439 336 adosse
453 253 593 318 creditis?
617 256 725 316 nostris
745 253 788 315 illi
807 253 1038 316 dissensionibus
1055 272 1092 314 ac
1113 253 1169 316 die·
1244 273 1245 358 p

172 343 280 405 curdiis
301 342 372 404 clari
392 341 461 402 vitia
483 340 606 401 hostium
623 339 652 398 in
673 338 798 417 gloriam
813 339 961 401 exercitus
975 339 1019 398 sui
1039 346 1172 407 vertunt:

170 444 256 507 quem
272 435 451 488 contractum
473 443 511 484 ex
533 423 738 484 diversissimis
753 421 891 500 gentibus
911 431 941 482 ut
957 420 1104 482 secundae
1123 441 1173 484 res
1244 421 1245 446 ²

144 521 281 588 stenem,
305 512 343 570 ita
365 509 507 570 adversae
524 505 700 568 dissolvent:
725 505 780 566 nisi
800 505 825 566 si
842 503 943 570 Gallos
963 514 993 564 et
1010 503 1174 566 Germanos

170 604 199 655 et
220 593 327 673 (pudet
346 593 438 672 dictu)
465 589 665 652 Britannorum
686 588 861 670 plerusque,
888 589 958 649 licet
985 588 1174 650 dominationi

169 679 283 740 alienae
302 677 472 756 sanguinem
496 673 697 750 commodent,
723 672 828 735 diutius
849 682 943 734 tamen
964 671 1065 732 hostes
1087 691 1175 752 qnam

168 779 291 839 seruos,
312 762 370 823 lide
387 770 418 820 et
435 759 552 821 adiectu
566 760 659 818 teneri
675 758 790 836 putatis.
830 766 925 816 metus
944 774 980 815 ac
993 765 1089 816 terror
1107 766 1175 816 sunt
1244 803 1245 832 ,

168 845 280 905 inlirma
294 843 389 905 vincla
402 845 544 914 caritatis;
561 861 636 922 quae
649 841 698 901 ubi
711 841 883 916 removeris,
900 841 947 920 qui
963 840 1064 899 timere
1076 839 1173 900 desie·
1244 835 1245 892 l

134 946 159 990 ro
170 930 242 1006 rint,
262 927 362 988 odisse
376 927 525 1008 incipient.
553 927 648 987 omnia
664 926 806 987 victoriae
820 923 1005 986 incitamenta
1020 922 1173 1002 pronubis
1239 895 1245 948 l

170 1020 251 1071 sunt:
270 1010 367 1072 nullae
380 1011 528 1072 Romanos
545 1011 686 1087 coniuges
700 1007 873 1086 accendunt,
888 1006 959 1067 nulli
974 1016 1112 1086 parentes
1126 1007 1172 1067 ln·
1244 1029 1245 1106 ,

169 1113 238 1172 gam
252 1093 459 1174 exprobraturi
469 1101 548 1164 sunt3
565 1101 614 1154 aut
624 1091 702 1154 nulla
717 1092 869 1173 plerisque
880 1091 972 1172 patria
983 1100 1032 1152 aut
1046 1090 1103 1151 alia
1117 1099 1170 1151 est.
1244 1121 1245 1148 ι

170 1195 283 1258 paucos
302 1195 437 1257 numero,
459 1177 591 1239 locorum
606 1177 737 1256 trepidos
751 1176 925 1255 ignorantia,
948 1174 1063 1235 caelum
1078 1175 1166 1254 ipsun
1244 1161 1245 1242 l

171 1281 207 1324 ac
220 1280 300 1324 mare
321 1271 351 1322 et
365 1257 468 1339 silvas,
491 1263 591 1340 ignota
607 1262 703 1322 omnia
725 1261 1033 1338 circumspectantes,
1056 1257 1159 1320 clausos

131 1357 157 1403 rt
171 1347 297 1427 quodam
307 1346 394 1409 modo
410 1365 446 1408 ac
460 1347 574 1406 vinctos
590 1344 617 1404 di
631 1344 716 1406 nobis
730 1343 919 1406 tradiderunt.
945 1361 983 1404 ne
997 1351 1109 1433 terreat
1122 1358 1163 1400 va·
1244 1363 1245 1426 p

170 1449 224 1493 nus
236 1441 374 1513 aspectus
400 1441 430 1492 et
450 1432 513 1493 auri
532 1431 631 1509 fulgor
656 1439 743 1510 atque
764 1429 1089 1509 arpenti,quodnequc
1100 1429 1168 1508 tegit

170 1518 416 1596 neqnevulnerat.
429 1516 533 1594 inipso
554 1515 678 1576 hostium
699 1515 763 1578 acie
783 1516 963 1576 inveniemus
982 1524 1099 1577 nostras
1114 1531 1168 1572 ma·

171 1616 234 1659 nus.
266 1598 448 1676 adgnoscent
460 1598 589 1662 Britanni
608 1617 688 1660 suam
703 1617 830 1678 causam,
850 1596 1081 1666 recordabuntur
1098 1597 1171 1660 Galli
1244 1655 1245 1658 ,

171 1683 299 1762 priorem
314 1682 490 1744 libertatem:
508 1681 646 1744 deserent
660 1683 729 1742 illos
745 1684 837 1743 ceteri
855 1683 998 1760 Germani,
1013 1691 1071 1742 tarn
1087 1699 1171 1761 quana

137 1784 263 1844 ronuper
278 1767 362 1843 Usipi
381 1766 569 1845 reliquerunt.
588 1785 645 1827 nec
664 1769 818 1847 quicquain
836 1767 910 1828 ultra
925 1766 1101 1827 formidinis:
1122 1785 1169 1826 ra·
1244 1763 1245 1830 l

171 1866 225 1910 cna
240 1847 379 1927 castella,
396 1868 497 1910 senum
517 1851 668 1928 coloniae,
688 1851 763 1912 iuter
777 1850 853 1912 male
870 1859 1007 1930 parentes
1024 1859 1053 1910 et
1066 1850 1172 1910 iniuste

170 1935 346 2011 imperantes
369 1950 460 2012 aegra
485 1935 639 2014 municipia
664 1945 694 1996 et
721 1934 926 1996 discordantia.
959 1935 1007 1996 laic
1025 1933 1099 2012 dux,
1123 1933 1172 1993 hic

170 2017 331 2078 exercitus:
353 2017 392 2078 ibi
409 2017 513 2078 tributa
535 2028 564 2078 et
580 2017 696 2080 metalla
713 2027 743 2080 et
763 2027 882 2082 ceterae
899 2019 1084 2080 seruientium
1100 2035 1172 2096 poe·

169 2118 235 2179 nae,
250 2118 321 2180 quas
335 2101 364 2162 in
375 2111 523 2163 aeternum
532 2104 665 2182 perferre
679 2112 727 2164 aut
739 2105 833 2163 statim
848 2103 949 2164 ulcisci
959 2104 986 2163 in
997 2101 1055 2162 hoc
1067 2119 1172 2180 campo

135 2193 224 2244 uest.
260 2185 381 2264 proinde
402 2186 468 2246 ituri
490 2188 518 2246 in
539 2187 632 2246 aciem
651 2194 681 2246 et
700 2188 826 2248 maiores
847 2197 963 2248 vestros
980 2195 1010 2246 et
1033 2193 1172 2264 posteros

172 2268 323 2345 cogitate!
1244 2275 1245 2344 ξ

230 2351 281 2432 33.
298 2352 456 2433 Excepere
470 2355 630 2416 orationem
643 2353 767 2433 alacres,
785 2363 814 2415 ut
828 2353 1070 2431 barbarismoris,
1087 2361 1173 2414 cantu

169 2436 341 2516 fremituque
357 2445 387 2498 et
406 2437 581 2499 clamoribus
596 2437 732 2498 dissonis.
767 2441 881 2518 iamque
896 2439 1009 2516 agmina
1030 2445 1060 2497 et
1077 2454 1172 2497 armo·

169 2537 231 2580 rnna
245 2519 379 2598 fulgores
396 2521 593 2583 audentissimi
608 2524 749 2601 cuiusque
768 2516 926 2602 procursu:
951 2521 1032 2582 simul
1048 2521 1170 2580 instrue·

169 2603 253 2662 batur
265 2605 370 2686 acies,
397 2623 461 2666 cum
478 2606 620 2682 Agricola
642 2623 812 2685 quamquam
832 2607 990 2676 lactnmet
1010 2605 1060 2664 vix
1080 2605 1170 2664 muni-

143 2705 155 2746 t
169 2687 271 2765 rnentis
288 2690 446 2748 coercitum
465 2690 582 2750 militem
596 2689 811 2752 accendendum
826 2689 919 2751 adlrnc
938 2699 1034 2766 ratus,
1057 2689 1098 2748 ita
1114 2687 1170 2748 dis·
1244 2761 1245 2774 ,

169 2771 273 2830 seruit:
287 2772 536 2848 ‘septimusannus
554 2782 611 2851 est,
636 2775 864 2851 commilitones,
886 2793 925 2834 ex
946 2791 1003 2854 quo
1017 2773 1126 2832 virmte
1142 2780 1172 2832 ct
1244 2775 1245 2798 ³

169 2854 306 2932 aruspiciis
320 2856 434 2934 imperii
448 2858 586 2933 Romani,
607 2858 664 2918 lide
678 2867 765 2938 atque
781 2875 872 2938 opera
886 2867 983 2930 vestra
997 2857 1171 2920 Britanniam

169 2938 290 2999 vicistis.
319 2947 362 2999 tot
379 2940 629 3018 expeditionibus,
652 2950 695 3002 tot
711 2941 850 3020 proeliis,
867 2961 919 3004 seu
938 2941 1107 3004 fortitudine
1122 2940 1171 3001 ad·
1244 2999 1245 3022 ,

131 3052 133 3056 ,
168 3039 272 3082 versus
288 3022 383 3083 bostis
404 3041 457 3084 sen
474 3026 612 3103 patientia
631 3043 668 3084 ac
689 3025 791 3087 labore
807 3045 902 3104 paene
916 3027 1057 3087 aduersus
1078 3025 1172 3105 ipsam

138 3123 265 3168 rarorum
279 3114 408 3168 naturam
423 3126 498 3187 opus
514 3109 582 3186 init,
600 3115 701 3188 neque
713 3129 758 3170 me
773 3110 894 3180 militurn
908 3128 1005 3189 neque
1020 3126 1074 3170 vos
1090 3109 1171 3169 ducis

169 3189 317 3267 paenituit.
351 3208 424 3268 ergo
445 3192 576 3268 egressi,
598 3209 655 3270 ego
677 3203 807 3256 veterum
822 3195 1002 3272 legatorum,
1023 3211 1077 3254 vos
1093 3195 1170 3272 prio·
1244 3253 1245 3260 ,

169 3288 231 3328 rum
251 3275 437 3334 exercituum.
455 3280 610 3350 terminus,
636 3277 721 3339 linem
742 3277 908 3340 Britanniae
931 3296 988 3338 non
1012 3278 1088 3339 lama
1114 3294 1169 3336 nec

169 3368 285 3414 rumore
311 3355 363 3416 sed
384 3359 487 3420 castris
504 3368 534 3418 et
554 3360 640 3419 armis
659 3369 805 3422 tenemus:
838 3362 953 3427 inventa
974 3361 1120 3428 Britannia
1142 3367 1168 3418 et
1244 3387 1245 3434 3
