2540 3874
165 168 225 232 tot
283 169 287 177 ’
420 171 911 228 conuennnsouuruuunmnm

108 371 110 373 ·
226 335 278 397 49.
297 333 369 395 Fine
381 332 447 392 anni
465 328 758 394 Clutoriuml’riseum
774 326 900 409 equitem
913 324 1082 402 Romanum,
1097 335 1168 405 post

166 419 285 482 celebre
303 436 429 495 carmen,
449 434 505 497 quo
519 414 681 477 Germanici
695 429 830 492 suprema
848 407 1025 486 defleverat,
1042 408 1168 490 pecunia

165 505 300 566 donatum
315 500 484 578 accesere,
500 500 641 578 corripuit
657 497 782 572 delator,
799 495 950 556 obiectans
966 511 1057 573 aegro
1069 494 1167 555 Druso
1268 523 1269 532 κ

165 587 368 668 composuisse
384 585 473 664 quod,
490 585 515 643 si
533 583 677 646 extinctus
690 581 780 656 foret,
795 579 905 640 maiore
920 579 1050 658 praemio
1065 579 1167 656 vulga·

139 681 254 732 ereum
274 671 304 732 id
319 671 465 732 Clutorius
484 669 513 727 in
534 668 621 728 domo
643 666 673 728 Ρ.
691 664 834 738 Petronii,
856 679 944 723 socru
967 663 1028 724 eius
1047 661 1169 723 Vitellia

165 773 263 816 eoram
284 753 439 833 multisque
459 751 627 812 inlustribus
648 750 779 825 leminis,
798 763 853 828 per
867 746 1111 826 vaniloquentiam
1126 747 1168 806 ie·

166 848 257 900 cerat.
294 847 324 898 nt
342 837 456 899 delator
478 837 587 912 extitit,
617 835 724 895 ceteris
742 833 779 894 ad
799 829 952 894 dicendam
974 831 1168 892 testinnonium
1268 869 1269 910 ᾗ

165 923 327 998 exterritis,
352 921 416 982 sola
434 919 553 980 Vitellia
574 918 645 980 nihil
666 936 700 977 se
721 916 868 978 audivisse
888 913 1082 976 adseveravit.
1115 913 1168 976 sed
1268 935 1269 966 ;

165 1005 352 1084 arguentibus
377 1004 413 1065 ad
437 1004 597 1084 perniciem
619 1001 685 1081 plus
707 999 775 1062 ildei
795 999 864 1076 luit,
889 999 1090 1080 sententiaque
1111 997 1165 1058 lla·

131 1107 157 1150 ro
165 1090 231 1151 terii
243 1088 395 1168 Agrippae
412 1087 540 1150 consulis
561 1085 704 1163 designati
727 1083 863 1145 indictum
881 1098 933 1142 reo
957 1081 1083 1145 ultimum
1100 1099 1166 1160 sup·
1268 1113 1269 1152 p

187 1173 293 1233 licium.

167 1192 185 1252 p
229 1257 280 1317 50.
304 1253 411 1316 Contra
423 1253 473 1314 tl'.
493 1252 620 1334 lepidus
633 1253 662 1312 in
679 1251 755 1312 huuc
770 1250 886 1312 modum
901 1268 1026 1313 exorsus
1045 1258 1102 1312 est:
1120 1250 1168 1327 εεἰ,

166 1349 265 1422 patres
288 1339 463 1417 conscripti,
485 1357 571 1399 unum
593 1337 623 1398 id
641 1345 826 1415 spectamus,
855 1353 940 1413 quam
960 1335 1078 1397 nelarie
1092 1351 1170 1395 voce

111 1447 115 1452 ·
163 1423 311 1486 Clutorius
322 1423 438 1484 Priscus
457 1429 583 1484 mentem
604 1428 732 1483 suamet
751 1437 836 1481 aures
856 1418 1000 1480 hominum
1020 1417 1169 1499 polluerit,

150 1524 262 1586 neque
283 1524 386 1568 carcer
405 1524 501 1586 neque
526 1506 665 1584 laqueus,
685 1522 723 1564 ne
744 1501 869 1565 serviles
886 1503 1011 1585 quidem
1024 1504 1170 1564 cruciatus

144 1592 196 1652 sin
218 1608 282 1650 eum
304 1590 483 1651 sulleeerint.
521 1591 565 1650 sin
584 1589 692 1667 flagitia
714 1596 744 1649 et
765 1587 896 1650 facinora
911 1589 975 1650 sine
990 1586 1076 1648 modo
1093 1595 1168 1664 sunt,

168 1674 318 1752 suppliciis
346 1691 382 1735 ne
408 1672 545 1734 remediis
571 1673 710 1752 principis
733 1672 894 1733 moderatio
918 1671 1116 1752 maiorumque
1141 1680 1171 1730 et

168 1765 266 1819 restra
282 1757 415 1834 exempla
431 1765 606 1836 temperant,
623 1766 652 1817 et
665 1774 739 1818 rana
755 1755 938 1832 caecicatis,
960 1755 1036 1818 dieta
1050 1775 1066 1817 a
1080 1754 1169 1817 male·

169 1841 241 1901 liciis
255 1840 401 1917 differunt,
417 1849 463 1900 est
476 1841 559 1901 locus
574 1841 745 1916 sententiae,
761 1858 817 1920 per
832 1857 917 1920 quam
931 1857 1027 1919 neque
1039 1839 1107 1902 huin
1119 1840 1169 1902 de-

168 1924 267 1984 lictum
280 1925 396 2002 impune
417 1925 453 1984 sit
474 1934 503 1986 et
517 1942 571 1985 noe
587 1924 760 1985 clementino
776 1923 859 1984 simul
876 1941 911 1986 ao
929 1925 1095 1986 severitatis
1112 1941 1171 1992 non

135 2030 159 2072 ro
169 2009 324 2086 paeniteat.
364 2025 457 2087 saepe
477 2008 572 2070 audiri
597 2009 758 2088 principem
779 2016 908 2069 nostrum
932 2018 1170 2089 conquerentem,
1268 2067 1269 2090 ξ

168 2091 193 2150 si
211 2091 276 2170 quis
292 2099 405 2170 sumpta
428 2101 522 2152 morte
537 2091 766 2153 misericordiam
788 2091 851 2153 eius
869 2093 1082 2172 praevenisset.
1112 2093 1171 2154 vita
1268 2093 1269 2106 ¹

168 2179 291 2240 Clutorii
304 2181 333 2240 in
346 2181 464 2255 integro
491 2177 546 2254 sit,
567 2177 616 2256 qui
637 2194 732 2256 neque
748 2185 880 2238 serratus
904 2178 933 2237 in
947 2177 1108 2257 perieulum
1127 2177 1170 2237 rei

167 2257 303 2336 publicae
323 2277 419 2337 neque
437 2259 608 2321 interfectus
628 2259 837 2338 inexemplum
855 2259 916 2320 ilsit.
946 2261 1040 2324 studia
1055 2253 1115 2339 illi,
1140 2269 1172 2320 ut

168 2339 256 2418 plena
278 2342 473 2421 vaecordiae‚
505 2345 545 2404 ita
568 2345 662 2405 inania
684 2353 715 2404 et
735 2343 812 2405 fluxa
834 2353 913 2416 snnt3
939 2363 995 2406 nee
1017 2347 1170 2424 quicquam

135 2441 260 2502 regnave
275 2443 311 2487 ae
327 2427 433 2487 serium
449 2445 486 2488 ex
502 2445 539 2489 eo
554 2437 683 2504 metuas,
707 2429 756 2506 qui
776 2445 892 2488 suorum
913 2430 978 2509 ipse
999 2429 1171 2506 flagitiorum

168 2507 300 2586 proditor
311 2511 504 2572 nonvirorum
519 2512 619 2572 animis
632 2511 684 2572 sed
695 2509 929 2574 muliercularum
940 2513 1062 2592 adrepit.
1085 2511 1172 2572 cedat

168 2603 263 2651 tamen
280 2593 353 2654 mne
369 2593 496 2656 ethonis
512 2596 714 2676 amissis-aqua
729 2603 759 2656 et
772 2596 831 2674 igni
846 2606 994 2660 arceatur:
1011 2593 1089 2676 quod
1103 2613 1171 2676 per·

169 2675 236 2736 inde
258 2691 366 2738 censeo
387 2697 423 2740 ae
445 2681 469 2740 si
486 2680 556 2758 lege
570 2679 729 2741 maiestatis
743 2686 916 2741 teneretur?
1131 2741 1132 2744 ,

60 2837 64 2843 Δ
229 2761 280 2820 51.
302 2761 515 2842 Soluslaepido
535 2762 686 2824 Rubellius
708 2763 874 2824 Blandus'e
897 2764 1106 2833 consularibus.
1122 2765 1172 2826 ad·

122 2905 127 2914 ,
170 2843 275 2903 sensit:
293 2846 385 2905 ceteri
399 2849 570 2909 sententiam
585 2845 736 2927 Agrippae
750 2849 861 2925 secuti,
884 2849 1046 2930 ductusque
1061 2850 1090 2910 iu
1107 2867 1172 2910 eer-

170 2933 268 2986 eerem
288 2927 404 2989 Priscus
427 2948 463 2990 ae
488 2932 581 2990 statim
596 2931 784 2992 exanimatus.
812 2931 842 2992 id
857 2932 990 2994 liberius
1003 2934 1097 2995 solitis
1115 2932 1171 2994 sibi
1268 2931 1269 2948 l

169 3008 339 3089 ambagibus
357 3013 432 3091 apud
449 3022 579 3074 senatum
595 3014 751 3091 incusavit,
780 3033 844 3076 cum
859 3017 1018 3080 extolleret
1033 3019 1173 3098 pietatem
1268 3009 1269 3090 J

146 3095 297 3172 equamris
313 3097 442 3158 medieas
458 3098 597 3176 principie
618 3098 735 3159 iniurias
759 3100 866 3161 ueniter
880 3100 1097 3178 ulciscentium,
1122 3101 1174 3162 de·
1268 3139 1269 3178 ἰ

169 3187 340 3255 precaretur
357 3189 414 3241 tam
429 3182 598 3261 praecipitis
614 3180 770 3245 verborum
783 3200 912 3262 poenas3
933 3186 1066 3254 laudaret
1086 3185 1175 3266 hepi·
1268 3179 1269 3260 l

169 3261 244 3336 dum,
263 3280 360 3340 neque
378 3263 539 3344 Agrippam
554 3275 702 3344 argueret.
736 3267 822 3344 igitur
845 3267 952 3331 iactum
968 3279 1086 3332 senatus
1102 3289 1179 3331 con·
1268 3261 1269 3310 l

168 3343 288 3422 cultum,
309 3364 349 3406 ne
364 3348 483 3410 decreta
499 3358 608 3430 patrum
623 3359 689 3410 ante
706 3349 783 3410 diem
805 3354 950 3416 decimum
969 3355 1005 3417 nd
1028 3354 1174 3418 aerarium
1268 3355 1269 3440 l

168 3425 548 3528 deferrenprur‚idque,ritee
561 3435 682 3512 spatium
703 3434 842 3496 damnatis
864 3447 1084 3516 prorogaretur.
1117 3441 1174 3502 sed
1268 3455 1269 3506 t
