<?xml version="1.0" encoding="UTF-8"?>
<!DOCTYPE html PUBLIC "-//W3C//DTD XHTML 1.0 Transitional//EN"
    "http://www.w3.org/TR/xhtml1/DTD/xhtml1-transitional.dtd">
<html xmlns="http://www.w3.org/1999/xhtml" xml:lang="en" lang="en">
 <head>
  <title>
</title>
<meta http-equiv="Content-Type" content="text/html;charset=utf-8" />
  <meta name='ocr-system' content='tesseract 3.04.00' />
  <meta name='ocr-capabilities' content='ocr_page ocr_carea ocr_par ocr_line ocrx_word'/>
</head>
<body>
  <div class='ocr_page' id='page_1' title='image "./libriquisupersu02tacigoog/libriquisupersu02tacigoog_0060.png"; bbox 0 0 2440 3886; ppageno 0'>
   <div class='ocr_carea' id='block_1_1' title="bbox 280 859 885 1104">
    <p class='ocr_par' dir='ltr' id='par_1_1' title="bbox 280 859 885 1104">
     <span class='ocr_line' id='line_1_1' title="bbox 280 859 885 944; baseline 0.003 -2"><span class='ocrx_word' id='word_1_1' title='bbox 280 860 621 942; x_wconf 78' lang='lat' dir='ltr'>CORNELII</span> <span class='ocrx_word' id='word_1_2' title='bbox 652 859 885 944; x_wconf 79' lang='grc' dir='ltr'><strong>ΤΑΟΙΤΙ</strong></span> 
     </span>
     <span class='ocr_line' id='line_1_2' title="bbox 324 1033 852 1104; baseline -0.002 -2"><span class='ocrx_word' id='word_1_3' title='bbox 324 1038 376 1102; x_wconf 75' lang='lat' dir='ltr'>ua</span> <span class='ocrx_word' id='word_1_4' title='bbox 402 1033 554 1104; x_wconf 81' lang='lat' dir='ltr'>excussu</span> <span class='ocrx_word' id='word_1_5' title='bbox 579 1037 654 1103; x_wconf 84' lang='lat' dir='ltr'>uu</span> <span class='ocrx_word' id='word_1_6' title='bbox 679 1036 852 1104; x_wconf 79' lang='grc'><strong>11111111</strong></span> 
     </span>
    </p>
   </div>
   <div class='ocr_carea' id='block_1_2' title="bbox 479 1216 692 1281">
    <p class='ocr_par' dir='ltr' id='par_1_2' title="bbox 479 1216 692 1281">
     <span class='ocr_line' id='line_1_3' title="bbox 479 1216 692 1281; baseline 0 -1"><span class='ocrx_word' id='word_1_7' title='bbox 479 1216 642 1280; x_wconf 83' lang='lat' dir='ltr'>LIBER</span> <span class='ocrx_word' id='word_1_8' title='bbox 665 1217 692 1281; x_wconf 90' lang='grc' dir='ltr'>Ι.</span> 
     </span>
    </p>
   </div>
   <div class='ocr_carea' id='block_1_3' title="bbox 497 1416 679 1430">
    <p class='ocr_par' dir='ltr' id='par_1_3' title="bbox 497 1416 679 1430">
     <span class='ocr_line' id='line_1_4' title="bbox 497 1416 679 1430; baseline 0 -4"><span class='ocrx_word' id='word_1_9' title='bbox 497 1416 679 1430; x_wconf 40' lang='lat' dir='ltr'>*nunna—-</span> 
     </span>
    </p>
   </div>
   <div class='ocr_carea' id='block_1_4' title="bbox 74 1570 1081 3486">
    <p class='ocr_par' dir='ltr' id='par_1_4' title="bbox 74 1570 1081 3486">
     <span class='ocr_line' id='line_1_5' title="bbox 74 1570 1081 1637; baseline -0.002 -14"><span class='ocrx_word' id='word_1_10' title='bbox 74 1571 290 1623; x_wconf 77' lang='lat' dir='ltr'>BilliVlAlillJll.</span> <span class='ocrx_word' id='word_1_11' title='bbox 317 1571 376 1636; x_wconf 81' lang='lat' dir='ltr'>Cap:</span> <span class='ocrx_word' id='word_1_12' title='bbox 393 1570 415 1620; x_wconf 94' lang='lat' dir='ltr'>l.</span> <span class='ocrx_word' id='word_1_13' title='bbox 440 1570 486 1620; x_wconf 77' lang='lat' dir='ltr'>Rei</span> <span class='ocrx_word' id='word_1_14' title='bbox 500 1571 628 1620; x_wconf 77' lang='lat' dir='ltr'><strong>Romanae</strong></span> <span class='ocrx_word' id='word_1_15' title='bbox 640 1579 721 1622; x_wconf 87' lang='lat' dir='ltr'>status</span> <span class='ocrx_word' id='word_1_16' title='bbox 734 1578 791 1620; x_wconf 82' lang='lat' dir='ltr'>unte</span> <span class='ocrx_word' id='word_1_17' title='bbox 803 1571 956 1637; x_wconf 81' lang='lat' dir='ltr'>Augustum.</span> <span class='ocrx_word' id='word_1_18' title='bbox 982 1573 1006 1620; x_wconf 88' lang='lat'>2.</span> <span class='ocrx_word' id='word_1_19' title='bbox 1019 1571 1081 1622; x_wconf 80' lang='lat' dir='ltr'>Eius</span> 
     </span>
     <span class='ocr_line' id='line_1_6' title="bbox 105 1637 1079 1706; baseline -0.002 -14"><span class='ocrx_word' id='word_1_20' title='bbox 105 1649 174 1694; x_wconf 84' lang='lat' dir='ltr'>artes</span> <span class='ocrx_word' id='word_1_21' title='bbox 185 1647 211 1691; x_wconf 91' lang='lat' dir='ltr'>et</span> <span class='ocrx_word' id='word_1_22' title='bbox 227 1640 270 1690; x_wconf 83' lang='lat' dir='ltr'>via</span> <span class='ocrx_word' id='word_1_23' title='bbox 283 1639 317 1689; x_wconf 88' lang='lat' dir='ltr'>ad</span> <span class='ocrx_word' id='word_1_24' title='bbox 334 1640 476 1704; x_wconf 85' lang='lat' dir='ltr'>imperium.</span> <span class='ocrx_word' id='word_1_25' title='bbox 501 1637 525 1689; x_wconf 91' lang='grc'>3.</span> <span class='ocrx_word' id='word_1_26' title='bbox 539 1639 609 1690; x_wconf 88' lang='lat' dir='ltr'>Varii</span> <span class='ocrx_word' id='word_1_27' title='bbox 627 1639 658 1689; x_wconf 90' lang='lat' dir='ltr'>ab</span> <span class='ocrx_word' id='word_1_28' title='bbox 678 1641 795 1706; x_wconf 78' lang='lat' dir='ltr'>Augusto</span> <span class='ocrx_word' id='word_1_29' title='bbox 812 1639 931 1690; x_wconf 85' lang='lat' dir='ltr'>destinati</span> <span class='ocrx_word' id='word_1_30' title='bbox 949 1655 1079 1690; x_wconf 80' lang='lat' dir='ltr'>suceesso-</span> 
     </span>
     <span class='ocr_line' id='line_1_7' title="bbox 106 1707 1080 1776; baseline -0.004 -16"><span class='ocrx_word' id='word_1_31' title='bbox 106 1726 156 1760; x_wconf 88' lang='lat' dir='ltr'>res.</span> <span class='ocrx_word' id='word_1_32' title='bbox 188 1711 214 1760; x_wconf 81' lang='lat' dir='ltr'>t.</span> <span class='ocrx_word' id='word_1_33' title='bbox 228 1707 316 1760; x_wconf 87' lang='lat' dir='ltr'>Status</span> <span class='ocrx_word' id='word_1_34' title='bbox 328 1723 413 1758; x_wconf 89' lang='lat' dir='ltr'>rernm</span> <span class='ocrx_word' id='word_1_35' title='bbox 426 1715 451 1758; x_wconf 91' lang='lat' dir='ltr'>et</span> <span class='ocrx_word' id='word_1_36' title='bbox 470 1708 575 1758; x_wconf 81' lang='lat' dir='ltr'>affectus</span> <span class='ocrx_word' id='word_1_37' title='bbox 595 1709 688 1760; x_wconf 87' lang='lat' dir='ltr'>civium</span> <span class='ocrx_word' id='word_1_38' title='bbox 708 1709 755 1758; x_wconf 88' lang='lat' dir='ltr'>sub</span> <span class='ocrx_word' id='word_1_39' title='bbox 770 1708 896 1776; x_wconf 82' lang='lat' dir='ltr'>Augusto.</span> <span class='ocrx_word' id='word_1_40' title='bbox 934 1709 1029 1758; x_wconf 79' lang='lat' dir='ltr'>Iudicia</span> <span class='ocrx_word' id='word_1_41' title='bbox 1048 1709 1080 1758; x_wconf 88' lang='lat' dir='ltr'>de</span> 
     </span>
     <span class='ocr_line' id='line_1_8' title="bbox 107 1775 1079 1842; baseline -0.005 -12"><span class='ocrx_word' id='word_1_42' title='bbox 107 1778 310 1830; x_wconf 79' lang='lat' dir='ltr'>successoribus.</span> <span class='ocrx_word' id='word_1_43' title='bbox 335 1776 360 1827; x_wconf 82' lang='lat'>5.</span> <span class='ocrx_word' id='word_1_44' title='bbox 373 1777 475 1826; x_wconf 86' lang='lat' dir='ltr'>Morbus</span> <span class='ocrx_word' id='word_1_45' title='bbox 488 1775 599 1842; x_wconf 79' lang='lat' dir='ltr'>Augusti</span> <span class='ocrx_word' id='word_1_46' title='bbox 611 1783 636 1826; x_wconf 87' lang='lat' dir='ltr'>et</span> <span class='ocrx_word' id='word_1_47' title='bbox 650 1792 720 1827; x_wconf 89' lang='lat' dir='ltr'>mors</span> <span class='ocrx_word' id='word_1_48' title='bbox 738 1777 825 1827; x_wconf 89' lang='lat' dir='ltr'>celata.</span> <span class='ocrx_word' id='word_1_49' title='bbox 851 1777 954 1827; x_wconf 89' lang='lat' dir='ltr'>Accitus</span> <span class='ocrx_word' id='word_1_50' title='bbox 971 1778 1003 1827; x_wconf 87' lang='lat' dir='ltr'>ad</span> <span class='ocrx_word' id='word_1_51' title='bbox 1022 1793 1079 1828; x_wconf 89' lang='lat' dir='ltr'>suc-</span> 
     </span>
     <span class='ocr_line' id='line_1_9' title="bbox 107 1844 1078 1912; baseline -0.003 -15"><span class='ocrx_word' id='word_1_52' title='bbox 107 1848 253 1898; x_wconf 76' lang='lat' dir='ltr'><strong>cessionem</strong></span> <span class='ocrx_word' id='word_1_53' title='bbox 264 1845 389 1895; x_wconf 87' lang='lat' dir='ltr'>Tibcrius.</span> <span class='ocrx_word' id='word_1_54' title='bbox 417 1844 442 1896; x_wconf 83' lang='grc'><strong>6.</strong></span> <span class='ocrx_word' id='word_1_55' title='bbox 457 1845 553 1896; x_wconf 85' lang='lat' dir='ltr'>Caedes</span> <span class='ocrx_word' id='word_1_56' title='bbox 566 1845 679 1896; x_wconf 79' lang='lat' dir='ltr'><strong>Postumi</strong></span> <span class='ocrx_word' id='word_1_57' title='bbox 692 1846 830 1912; x_wconf 78' lang='lat' dir='ltr'>Agrippae.</span> <span class='ocrx_word' id='word_1_58' title='bbox 861 1847 884 1895; x_wconf 88' lang='lat'>7.</span> <span class='ocrx_word' id='word_1_59' title='bbox 902 1846 982 1896; x_wconf 86' lang='lat' dir='ltr'>Roma</span> <span class='ocrx_word' id='word_1_60' title='bbox 999 1861 1078 1911; x_wconf 87' lang='lat' dir='ltr'>prona</span> 
     </span>
     <span class='ocr_line' id='line_1_10' title="bbox 108 1913 1067 1980; baseline -0.003 -14"><span class='ocrx_word' id='word_1_61' title='bbox 108 1918 134 1965; x_wconf 90' lang='lat' dir='ltr'>in</span> <span class='ocrx_word' id='word_1_62' title='bbox 146 1916 304 1966; x_wconf 86' lang='lat' dir='ltr'>servitutem.</span> <span class='ocrx_word' id='word_1_63' title='bbox 328 1915 438 1963; x_wconf 87' lang='lat' dir='ltr'>iuratum</span> <span class='ocrx_word' id='word_1_64' title='bbox 452 1913 477 1962; x_wconf 90' lang='lat' dir='ltr'>in</span> <span class='ocrx_word' id='word_1_65' title='bbox 491 1914 567 1964; x_wconf 86' lang='lat' dir='ltr'>verbe</span> <span class='ocrx_word' id='word_1_66' title='bbox 584 1915 643 1964; x_wconf 90' lang='lat' dir='ltr'>novi</span> <span class='ocrx_word' id='word_1_67' title='bbox 659 1915 789 1980; x_wconf 84' lang='lat' dir='ltr'>principis.</span> <span class='ocrx_word' id='word_1_68' title='bbox 814 1915 875 1964; x_wconf 84' lang='lat' dir='ltr'>Eius</span> <span class='ocrx_word' id='word_1_69' title='bbox 894 1914 984 1964; x_wconf 86' lang='lat' dir='ltr'>callida</span> <span class='ocrx_word' id='word_1_70' title='bbox 1002 1916 1067 1980; x_wconf 77' lang='lat' dir='ltr'>tergi</span> 
     </span>
     <span class='ocr_line' id='line_1_11' title="bbox 110 1981 1081 2048; baseline -0.003 -14"><span class='ocrx_word' id='word_1_71' title='bbox 110 1983 229 2034; x_wconf 78' lang='lat' dir='ltr'>versatio.</span> <span class='ocrx_word' id='word_1_72' title='bbox 253 1982 279 2032; x_wconf 86' lang='lat'>8.</span> <span class='ocrx_word' id='word_1_73' title='bbox 293 1982 404 2048; x_wconf 83' lang='lat' dir='ltr'>Augusti</span> <span class='ocrx_word' id='word_1_74' title='bbox 416 1989 593 2032; x_wconf 88' lang='lat' dir='ltr'>testamentum</span> <span class='ocrx_word' id='word_1_75' title='bbox 605 1991 629 2032; x_wconf 90' lang='lat' dir='ltr'>et</span> <span class='ocrx_word' id='word_1_76' title='bbox 639 1982 748 2034; x_wconf 84' lang='lat' dir='ltr'>honores</span> <span class='ocrx_word' id='word_1_77' title='bbox 758 1983 844 2032; x_wconf 86' lang='lat' dir='ltr'>eximii</span> <span class='ocrx_word' id='word_1_78' title='bbox 856 1985 881 2032; x_wconf 91' lang='lat' dir='ltr'>in</span> <span class='ocrx_word' id='word_1_79' title='bbox 892 1983 988 2032; x_wconf 82' lang='lat' dir='ltr'>funere.</span> <span class='ocrx_word' id='word_1_80' title='bbox 1008 1981 1033 2034; x_wconf 84' lang='lat'>9.</span> <span class='ocrx_word' id='word_1_81' title='bbox 1045 1983 1081 2032; x_wconf 88' lang='lat' dir='ltr'>Da</span> 
     </span>
     <span class='ocr_line' id='line_1_12' title="bbox 110 2050 1080 2119; baseline -0.003 -16"><span class='ocrx_word' id='word_1_82' title='bbox 110 2055 229 2119; x_wconf 83' lang='lat' dir='ltr'>Augusto</span> <span class='ocrx_word' id='word_1_83' title='bbox 242 2051 338 2101; x_wconf 87' lang='lat' dir='ltr'>iudicia</span> <span class='ocrx_word' id='word_1_84' title='bbox 350 2052 376 2100; x_wconf 92' lang='lat' dir='ltr'>in</span> <span class='ocrx_word' id='word_1_85' title='bbox 388 2059 520 2114; x_wconf 87' lang='lat' dir='ltr'>utramque</span> <span class='ocrx_word' id='word_1_86' title='bbox 534 2058 640 2117; x_wconf 85' lang='lat' dir='ltr'>partem.</span> <span class='ocrx_word' id='word_1_87' title='bbox 667 2050 707 2102; x_wconf 90' lang='lat'>10.</span> <span class='ocrx_word' id='word_1_88' title='bbox 721 2051 815 2100; x_wconf 89' lang='lat' dir='ltr'>Iudicia</span> <span class='ocrx_word' id='word_1_89' title='bbox 826 2053 952 2114; x_wconf 85' lang='lat' dir='ltr'>sequiora.</span> <span class='ocrx_word' id='word_1_90' title='bbox 985 2051 1024 2101; x_wconf 93' lang='lat' dir='ltr'>ll.</span> <span class='ocrx_word' id='word_1_91' title='bbox 1038 2051 1080 2100; x_wconf 87' lang='lat' dir='ltr'>Ti-</span> 
     </span>
     <span class='ocr_line' id='line_1_13' title="bbox 109 2119 1081 2186; baseline -0.004 -14"><span class='ocrx_word' id='word_1_92' title='bbox 109 2123 195 2172; x_wconf 86' lang='lat' dir='ltr'>berius</span> <span class='ocrx_word' id='word_1_93' title='bbox 212 2121 347 2186; x_wconf 84' lang='lat' dir='ltr'>imperium</span> <span class='ocrx_word' id='word_1_94' title='bbox 364 2119 470 2169; x_wconf 89' lang='lat' dir='ltr'>subdole</span> <span class='ocrx_word' id='word_1_95' title='bbox 487 2121 570 2169; x_wconf 88' lang='lat' dir='ltr'>renuit</span> <span class='ocrx_word' id='word_1_96' title='bbox 588 2127 695 2186; x_wconf 87' lang='lat' dir='ltr'>urgente</span> <span class='ocrx_word' id='word_1_97' title='bbox 713 2128 811 2170; x_wconf 89' lang='lat' dir='ltr'>senatu.</span> <span class='ocrx_word' id='word_1_98' title='bbox 843 2120 1015 2170; x_wconf 82' lang='lat' dir='ltr'>Rationariurn</span> <span class='ocrx_word' id='word_1_99' title='bbox 1033 2121 1081 2168; x_wconf 86' lang='lat' dir='ltr'>im·</span> 
     </span>
     <span class='ocr_line' id='line_1_14' title="bbox 109 2187 1080 2258; baseline -0.003 -18"><span class='ocrx_word' id='word_1_100' title='bbox 109 2191 183 2258; x_wconf 83' lang='lat' dir='ltr'>perii.</span> <span class='ocrx_word' id='word_1_101' title='bbox 212 2188 252 2239; x_wconf 92' lang='grc'>12.</span> <span class='ocrx_word' id='word_1_102' title='bbox 266 2187 357 2240; x_wconf 80' lang='lat' dir='ltr'>Asinio</span> <span class='ocrx_word' id='word_1_103' title='bbox 372 2188 452 2238; x_wconf 86' lang='lat' dir='ltr'>iratus</span> <span class='ocrx_word' id='word_1_104' title='bbox 465 2187 587 2250; x_wconf 85' lang='lat' dir='ltr'>Tiberius,</span> <span class='ocrx_word' id='word_1_105' title='bbox 605 2189 645 2240; x_wconf 86' lang='lat'>13.</span> <span class='ocrx_word' id='word_1_106' title='bbox 661 2203 721 2238; x_wconf 88' lang='lat' dir='ltr'>mox</span> <span class='ocrx_word' id='word_1_107' title='bbox 732 2189 864 2250; x_wconf 75' lang='lat' dir='ltr'>Arruntio,</span> <span class='ocrx_word' id='word_1_108' title='bbox 878 2189 987 2248; x_wconf 84' lang='lat' dir='ltr'>Haterio,</span> <span class='ocrx_word' id='word_1_109' title='bbox 1002 2189 1080 2238; x_wconf 84' lang='lat' dir='ltr'>Scau-</span> 
     </span>
     <span class='ocr_line' id='line_1_15' title="bbox 111 2253 1079 2321; baseline -0.003 -12"><span class='ocrx_word' id='word_1_110' title='bbox 111 2274 147 2309; x_wconf 87' lang='lat' dir='ltr'>ro.</span> <span class='ocrx_word' id='word_1_111' title='bbox 176 2257 219 2309; x_wconf 82' lang='grc'>14.</span> <span class='ocrx_word' id='word_1_112' title='bbox 235 2255 344 2307; x_wconf 88' lang='lat' dir='ltr'>Senatus</span> <span class='ocrx_word' id='word_1_113' title='bbox 356 2257 468 2306; x_wconf 79' lang='lat' dir='ltr'>adulatio</span> <span class='ocrx_word' id='word_1_114' title='bbox 479 2256 505 2304; x_wconf 92' lang='lat' dir='ltr'>in</span> <span class='ocrx_word' id='word_1_115' title='bbox 518 2257 625 2318; x_wconf 86' lang='lat' dir='ltr'>Liviam,</span> <span class='ocrx_word' id='word_1_116' title='bbox 640 2257 765 2307; x_wconf 75' lang='lat' dir='ltr'>aliberio</span> <span class='ocrx_word' id='word_1_117' title='bbox 778 2253 925 2321; x_wconf 79' lang='lat' dir='ltr'>temperata.</span> <span class='ocrx_word' id='word_1_118' title='bbox 953 2256 992 2306; x_wconf 85' lang='grc'>15.</span> <span class='ocrx_word' id='word_1_119' title='bbox 1006 2257 1079 2306; x_wconf 83' lang='lat' dir='ltr'>Ratio</span> 
     </span>
     <span class='ocr_line' id='line_1_16' title="bbox 110 2324 1080 2391; baseline -0.004 -13"><span class='ocrx_word' id='word_1_120' title='bbox 110 2328 279 2378; x_wconf 86' lang='lat' dir='ltr'>comitiorum.</span> <span class='ocrx_word' id='word_1_121' title='bbox 301 2326 366 2375; x_wconf 90' lang='lat' dir='ltr'>Ludi</span> <span class='ocrx_word' id='word_1_122' title='bbox 378 2325 542 2391; x_wconf 81' lang='lat' dir='ltr'>Augustales.</span> <span class='ocrx_word' id='word_1_123' title='bbox 568 2324 608 2378; x_wconf 84' lang='lat' dir='ltr'>lo.</span> <span class='ocrx_word' id='word_1_124' title='bbox 623 2325 719 2376; x_wconf 89' lang='lat' dir='ltr'>Seditlo</span> <span class='ocrx_word' id='word_1_125' title='bbox 731 2325 931 2374; x_wconf 76' lang='lat' dir='ltr'>Pannonicorum</span> <span class='ocrx_word' id='word_1_126' title='bbox 950 2325 1080 2390; x_wconf 82' lang='lat' dir='ltr'>legionum</span> 
     </span>
     <span class='ocr_line' id='line_1_17' title="bbox 110 2393 1078 2446; baseline -0.003 0"><span class='ocrx_word' id='word_1_127' title='bbox 110 2397 176 2446; x_wconf 84' lang='lat' dir='ltr'>vm.</span> <span class='ocrx_word' id='word_1_128' title='bbox 190 2394 235 2445; x_wconf 90' lang='lat' dir='ltr'>IX.</span> <span class='ocrx_word' id='word_1_129' title='bbox 248 2393 306 2445; x_wconf 87' lang='lat' dir='ltr'>XV.</span> <span class='ocrx_word' id='word_1_130' title='bbox 332 2393 448 2445; x_wconf 85' lang='lat' dir='ltr'>Concitor</span> <span class='ocrx_word' id='word_1_131' title='bbox 459 2393 621 2444; x_wconf 77' lang='lat' dir='ltr'>Percennius.</span> <span class='ocrx_word' id='word_1_132' title='bbox 647 2393 687 2444; x_wconf 86' lang='lat'>17.</span> <span class='ocrx_word' id='word_1_133' title='bbox 701 2393 781 2443; x_wconf 90' lang='lat' dir='ltr'>Huius</span> <span class='ocrx_word' id='word_1_134' title='bbox 793 2393 929 2443; x_wconf 88' lang='lat' dir='ltr'>seditiosae</span> <span class='ocrx_word' id='word_1_135' title='bbox 940 2395 1078 2444; x_wconf 88' lang='lat' dir='ltr'>contiones.</span> 
     </span>
     <span class='ocr_line' id='line_1_18' title="bbox 111 2461 1080 2528; baseline -0.004 -11"><span class='ocrx_word' id='word_1_136' title='bbox 111 2465 150 2517; x_wconf 87' lang='grc'>18.</span> <span class='ocrx_word' id='word_1_137' title='bbox 166 2465 237 2514; x_wconf 74' lang='lat' dir='ltr'>iuria</span> <span class='ocrx_word' id='word_1_138' title='bbox 249 2463 337 2522; x_wconf 84' lang='lat' dir='ltr'>miles,</span> <span class='ocrx_word' id='word_1_139' title='bbox 357 2478 432 2527; x_wconf 86' lang='lat' dir='ltr'>quem</span> <span class='ocrx_word' id='word_1_140' title='bbox 450 2463 576 2512; x_wconf 87' lang='lat' dir='ltr'>moderari</span> <span class='ocrx_word' id='word_1_141' title='bbox 596 2471 701 2512; x_wconf 85' lang='lat' dir='ltr'>conetur</span> <span class='ocrx_word' id='word_1_142' title='bbox 717 2462 844 2514; x_wconf 65' lang='lat' dir='ltr'>Blaesus„</span> <span class='ocrx_word' id='word_1_143' title='bbox 864 2461 905 2513; x_wconf 81' lang='lat'>19.</span> <span class='ocrx_word' id='word_1_144' title='bbox 924 2462 1029 2528; x_wconf 85' lang='lat' dir='ltr'>Legatio</span> <span class='ocrx_word' id='word_1_145' title='bbox 1048 2464 1080 2513; x_wconf 88' lang='lat' dir='ltr'>ad</span> 
     </span>
     <span class='ocr_line' id='line_1_19' title="bbox 109 2529 1080 2666; baseline -0.003 -14"><span class='ocrx_word' id='word_1_146' title='bbox 109 2529 822 2666; x_wconf 51' lang='lat' dir='ltr'>illaesurustutaturus</span> <span class='ocrx_word' id='word_1_147' title='bbox 837 2531 1080 2650; x_wconf 65' lang='lat' dir='ltr'>‘ulutatu</span> 
     </span>
     <span class='ocr_line' id='line_1_20' title="bbox 108 2667 1079 2738; baseline -0.001 -19"><span class='ocrx_word' id='word_1_148' title='bbox 108 2672 186 2738; x_wconf 77' lang='lat' dir='ltr'>pulsi,</span> <span class='ocrx_word' id='word_1_149' title='bbox 199 2669 313 2720; x_wconf 83' lang='lat' dir='ltr'>Lucilius</span> <span class='ocrx_word' id='word_1_150' title='bbox 327 2684 427 2718; x_wconf 85' lang='lat' dir='ltr'>caesus.</span> <span class='ocrx_word' id='word_1_151' title='bbox 451 2669 493 2718; x_wconf 89' lang='grc'><strong>24.</strong></span> <span class='ocrx_word' id='word_1_152' title='bbox 508 2667 607 2719; x_wconf 86' lang='lat' dir='ltr'>Drusus</span> <span class='ocrx_word' id='word_1_153' title='bbox 619 2668 738 2718; x_wconf 77' lang='lat' dir='ltr'>seditioni</span> <span class='ocrx_word' id='word_1_154' title='bbox 751 2668 878 2721; x_wconf 81' lang='lat' dir='ltr'>sedandae</span> <span class='ocrx_word' id='word_1_155' title='bbox 898 2671 992 2719; x_wconf 88' lang='lat' dir='ltr'>missus</span> <span class='ocrx_word' id='word_1_156' title='bbox 1012 2669 1079 2718; x_wconf 79' lang='grc' dir='ltr'><strong>11Τί-</strong></span> 
     </span>
     <span class='ocr_line' id='line_1_21' title="bbox 109 2735 1079 2804; baseline -0.002 -14"><span class='ocrx_word' id='word_1_157' title='bbox 109 2741 188 2790; x_wconf 82' lang='lat' dir='ltr'>beria.</span> <span class='ocrx_word' id='word_1_158' title='bbox 214 2737 258 2788; x_wconf 82' lang='grc'><strong>25.</strong></span> <span class='ocrx_word' id='word_1_159' title='bbox 274 2737 373 2787; x_wconf 86' lang='lat' dir='ltr'>Drusus</span> <span class='ocrx_word' id='word_1_160' title='bbox 387 2737 473 2787; x_wconf 88' lang='lat' dir='ltr'>literas</span> <span class='ocrx_word' id='word_1_161' title='bbox 486 2735 579 2786; x_wconf 74' lang='lat' dir='ltr'>&#39;liberii</span> <span class='ocrx_word' id='word_1_162' title='bbox 598 2739 697 2798; x_wconf 78' lang='lat' dir='ltr'>recitat,</span> <span class='ocrx_word' id='word_1_163' title='bbox 719 2736 760 2787; x_wconf 83' lang='lat'>26.</span> <span class='ocrx_word' id='word_1_164' title='bbox 774 2737 879 2786; x_wconf 86' lang='lat' dir='ltr'>militurn</span> <span class='ocrx_word' id='word_1_165' title='bbox 889 2739 1016 2804; x_wconf 84' lang='lat' dir='ltr'>postulata</span> <span class='ocrx_word' id='word_1_166' title='bbox 1029 2739 1079 2788; x_wconf 88' lang='lat' dir='ltr'>dil-</span> 
     </span>
     <span class='ocr_line' id='line_1_22' title="bbox 110 2805 1079 2871; baseline 0 -13"><span class='ocrx_word' id='word_1_167' title='bbox 110 2807 172 2858; x_wconf 79' lang='lat' dir='ltr'>iert:</span> <span class='ocrx_word' id='word_1_168' title='bbox 189 2807 292 2857; x_wconf 87' lang='lat' dir='ltr'>clamor.</span> <span class='ocrx_word' id='word_1_169' title='bbox 316 2807 358 2854; x_wconf 85' lang='grc'><strong>27.</strong></span> <span class='ocrx_word' id='word_1_170' title='bbox 369 2805 431 2858; x_wconf 84' lang='lat' dir='ltr'>Hinc</span> <span class='ocrx_word' id='word_1_171' title='bbox 442 2805 562 2855; x_wconf 85' lang='lat' dir='ltr'>turnultus</span> <span class='ocrx_word' id='word_1_172' title='bbox 572 2805 662 2868; x_wconf 85' lang='lat' dir='ltr'>acrior,</span> <span class='ocrx_word' id='word_1_173' title='bbox 682 2805 782 2855; x_wconf 81' lang='lat' dir='ltr'>Lentuli</span> <span class='ocrx_word' id='word_1_174' title='bbox 798 2807 943 2871; x_wconf 90' lang='lat' dir='ltr'>periculum.</span> <span class='ocrx_word' id='word_1_175' title='bbox 970 2807 1011 2858; x_wconf 83' lang='lat'>28.</span> <span class='ocrx_word' id='word_1_176' title='bbox 1028 2808 1079 2858; x_wconf 89' lang='lat' dir='ltr'>Lu-</span> 
     </span>
     <span class='ocr_line' id='line_1_23' title="bbox 110 2872 1079 2934; baseline 0 -7"><span class='ocrx_word' id='word_1_177' title='bbox 110 2893 158 2927; x_wconf 86' lang='lat' dir='ltr'>nae</span> <span class='ocrx_word' id='word_1_178' title='bbox 171 2872 282 2926; x_wconf 84' lang='lat' dir='ltr'>deiectio</span> <span class='ocrx_word' id='word_1_179' title='bbox 295 2875 430 2924; x_wconf 87' lang='lat' dir='ltr'>seditiosos</span> <span class='ocrx_word' id='word_1_180' title='bbox 442 2881 526 2934; x_wconf 87' lang='lat' dir='ltr'>terret,</span> <span class='ocrx_word' id='word_1_181' title='bbox 539 2888 585 2922; x_wconf 90' lang='lat' dir='ltr'>neo</span> <span class='ocrx_word' id='word_1_182' title='bbox 601 2874 673 2924; x_wconf 85' lang='lat' dir='ltr'>deest</span> <span class='ocrx_word' id='word_1_183' title='bbox 686 2874 811 2924; x_wconf 91' lang='lat' dir='ltr'>occasioni</span> <span class='ocrx_word' id='word_1_184' title='bbox 824 2875 929 2926; x_wconf 87' lang='lat' dir='ltr'>Drusus.</span> <span class='ocrx_word' id='word_1_185' title='bbox 949 2877 991 2927; x_wconf 82' lang='lat'>29.</span> <span class='ocrx_word' id='word_1_186' title='bbox 1007 2878 1079 2928; x_wconf 89' lang='lat' dir='ltr'>Miles</span> 
     </span>
     <span class='ocr_line' id='line_1_24' title="bbox 109 2941 1079 3011; baseline 0 -15"><span class='ocrx_word' id='word_1_187' title='bbox 109 2947 182 3011; x_wconf 84' lang='lat' dir='ltr'>ponit</span> <span class='ocrx_word' id='word_1_188' title='bbox 196 2943 327 3010; x_wconf 71' lang='lat' dir='ltr'>ferociunt.</span> <span class='ocrx_word' id='word_1_189' title='bbox 351 2941 392 2992; x_wconf 91' lang='grc'>30.</span> <span class='ocrx_word' id='word_1_190' title='bbox 406 2942 495 3008; x_wconf 81' lang='lat' dir='ltr'>Cupite</span> <span class='ocrx_word' id='word_1_191' title='bbox 506 2942 627 2992; x_wconf 89' lang='lat' dir='ltr'>turnultus</span> <span class='ocrx_word' id='word_1_192' title='bbox 640 2957 722 2992; x_wconf 86' lang='lat' dir='ltr'>caesa.</span> <span class='ocrx_word' id='word_1_193' title='bbox 754 2943 879 3008; x_wconf 80' lang='lat' dir='ltr'>Legiones</span> <span class='ocrx_word' id='word_1_194' title='bbox 895 2943 1007 2996; x_wconf 88' lang='lat' dir='ltr'>hibernis</span> <span class='ocrx_word' id='word_1_195' title='bbox 1025 2947 1079 2996; x_wconf 83' lang='lat' dir='ltr'>suis</span> 
     </span>
     <span class='ocr_line' id='line_1_25' title="bbox 110 3009 1077 3077; baseline 0.002 -15"><span class='ocrx_word' id='word_1_196' title='bbox 110 3014 235 3064; x_wconf 84' lang='lat' dir='ltr'>redditae.</span> <span class='ocrx_word' id='word_1_197' title='bbox 261 3011 305 3064; x_wconf 91' lang='grc'>31.</span> <span class='ocrx_word' id='word_1_198' title='bbox 319 3009 425 3061; x_wconf 78' lang='lat' dir='ltr'>Gravior</span> <span class='ocrx_word' id='word_1_199' title='bbox 442 3009 521 3060; x_wconf 88' lang='lat' dir='ltr'>oritur</span> <span class='ocrx_word' id='word_1_200' title='bbox 537 3011 628 3060; x_wconf 88' lang='lat' dir='ltr'>seditio</span> <span class='ocrx_word' id='word_1_201' title='bbox 646 3011 774 3077; x_wconf 78' lang='lat' dir='ltr'>legionum</span> <span class='ocrx_word' id='word_1_202' title='bbox 795 3020 850 3061; x_wconf 87' lang='lat' dir='ltr'>octo</span> <span class='ocrx_word' id='word_1_203' title='bbox 865 3011 1077 3066; x_wconf 84' lang='lat' dir='ltr'>Germanicarum.</span> 
     </span>
     <span class='ocr_line' id='line_1_26' title="bbox 108 3077 1078 3136; baseline 0.001 -3"><span class='ocrx_word' id='word_1_204' title='bbox 108 3082 152 3134; x_wconf 87' lang='grc'>32.</span> <span class='ocrx_word' id='word_1_205' title='bbox 166 3081 278 3132; x_wconf 78' lang='lat' dir='ltr'>Saevitia</span> <span class='ocrx_word' id='word_1_206' title='bbox 290 3081 317 3130; x_wconf 89' lang='lat' dir='ltr'>in</span> <span class='ocrx_word' id='word_1_207' title='bbox 331 3081 499 3130; x_wconf 85' lang='lat' dir='ltr'>centuriones.</span> <span class='ocrx_word' id='word_1_208' title='bbox 523 3077 649 3128; x_wconf 79' lang='lat' dir='ltr'>Cltnereae</span> <span class='ocrx_word' id='word_1_209' title='bbox 664 3079 769 3130; x_wconf 85' lang='lat' dir='ltr'>lacinus.</span> <span class='ocrx_word' id='word_1_210' title='bbox 787 3079 829 3131; x_wconf 90' lang='grc'>33.</span> <span class='ocrx_word' id='word_1_211' title='bbox 843 3079 1004 3136; x_wconf 84' lang='lat' dir='ltr'>Germanicus</span> <span class='ocrx_word' id='word_1_212' title='bbox 1017 3085 1078 3136; x_wconf 82' lang='lat' dir='ltr'>Gae-</span> 
     </span>
     <span class='ocr_line' id='line_1_27' title="bbox 110 3146 1077 3216; baseline 0.002 -16"><span class='ocrx_word' id='word_1_213' title='bbox 110 3167 153 3200; x_wconf 86' lang='lat' dir='ltr'>sar</span> <span class='ocrx_word' id='word_1_214' title='bbox 166 3150 201 3200; x_wconf 89' lang='lat' dir='ltr'>ad</span> <span class='ocrx_word' id='word_1_215' title='bbox 216 3150 334 3216; x_wconf 82' lang='lat' dir='ltr'>legiones</span> <span class='ocrx_word' id='word_1_216' title='bbox 347 3164 362 3198; x_wconf 90' lang='lat' dir='ltr'>e</span> <span class='ocrx_word' id='word_1_217' title='bbox 377 3147 458 3199; x_wconf 86' lang='lat' dir='ltr'>Gallia</span> <span class='ocrx_word' id='word_1_218' title='bbox 476 3155 609 3212; x_wconf 82' lang='lat' dir='ltr'>properet:</span> <span class='ocrx_word' id='word_1_219' title='bbox 630 3146 671 3198; x_wconf 91' lang='grc'>34.</span> <span class='ocrx_word' id='word_1_220' title='bbox 690 3163 753 3213; x_wconf 88' lang='lat' dir='ltr'>quas</span> <span class='ocrx_word' id='word_1_221' title='bbox 773 3150 806 3198; x_wconf 85' lang='lat' dir='ltr'>ad</span> <span class='ocrx_word' id='word_1_222' title='bbox 828 3149 904 3199; x_wconf 89' lang='lat' dir='ltr'>iidem</span> <span class='ocrx_word' id='word_1_223' title='bbox 926 3152 1077 3202; x_wconf 87' lang='lat' dir='ltr'>cohortatur.</span> 
     </span>
     <span class='ocr_line' id='line_1_28' title="bbox 108 3217 1080 3282; baseline -0.002 -12"><span class='ocrx_word' id='word_1_224' title='bbox 108 3219 153 3270; x_wconf 84' lang='grc'>35.</span> <span class='ocrx_word' id='word_1_225' title='bbox 170 3219 223 3268; x_wconf 82' lang='lat' dir='ltr'>liae</span> <span class='ocrx_word' id='word_1_226' title='bbox 245 3217 361 3282; x_wconf 83' lang='lat' dir='ltr'>querelas</span> <span class='ocrx_word' id='word_1_227' title='bbox 383 3225 515 3282; x_wconf 86' lang='lat' dir='ltr'>promunt:</span> <span class='ocrx_word' id='word_1_228' title='bbox 543 3229 602 3280; x_wconf 86' lang='lat' dir='ltr'>pars</span> <span class='ocrx_word' id='word_1_229' title='bbox 617 3217 748 3282; x_wconf 87' lang='lat' dir='ltr'>imperium</span> <span class='ocrx_word' id='word_1_230' title='bbox 766 3218 874 3268; x_wconf 86' lang='lat' dir='ltr'>offerunt</span> <span class='ocrx_word' id='word_1_231' title='bbox 890 3221 980 3270; x_wconf 86' lang='lat' dir='ltr'>acriter</span> <span class='ocrx_word' id='word_1_232' title='bbox 999 3221 1080 3270; x_wconf 84' lang='lat' dir='ltr'>abnu-</span> 
     </span>
     <span class='ocr_line' id='line_1_29' title="bbox 111 3282 1079 3354; baseline -0.002 -17"><span class='ocrx_word' id='word_1_233' title='bbox 111 3289 169 3337; x_wconf 86' lang='lat' dir='ltr'>enti.</span> <span class='ocrx_word' id='word_1_234' title='bbox 201 3287 244 3339; x_wconf 81' lang='grc'>36.</span> <span class='ocrx_word' id='word_1_235' title='bbox 268 3286 387 3336; x_wconf 84' lang='lat' dir='ltr'>Remedia</span> <span class='ocrx_word' id='word_1_236' title='bbox 411 3285 532 3349; x_wconf 89' lang='lat' dir='ltr'>quaesita.</span> <span class='ocrx_word' id='word_1_237' title='bbox 563 3282 605 3335; x_wconf 83' lang='lat'>37.</span> <span class='ocrx_word' id='word_1_238' title='bbox 629 3284 716 3335; x_wconf 81' lang='lat' dir='ltr'>Oblata</span> <span class='ocrx_word' id='word_1_239' title='bbox 737 3287 824 3336; x_wconf 88' lang='lat' dir='ltr'>missio</span> <span class='ocrx_word' id='word_1_240' title='bbox 849 3293 874 3336; x_wconf 87' lang='lat' dir='ltr'>et</span> <span class='ocrx_word' id='word_1_241' title='bbox 896 3290 1016 3354; x_wconf 86' lang='lat' dir='ltr'>pecunia:</span> <span class='ocrx_word' id='word_1_242' title='bbox 1042 3287 1079 3337; x_wconf 88' lang='lat' dir='ltr'>sic</span> 
     </span>
     <span class='ocr_line' id='line_1_30' title="bbox 113 3351 1079 3422; baseline -0.003 -16"><span class='ocrx_word' id='word_1_243' title='bbox 113 3357 215 3420; x_wconf 78' lang='lat' dir='ltr'>paulurn</span> <span class='ocrx_word' id='word_1_244' title='bbox 236 3369 359 3422; x_wconf 86' lang='lat' dir='ltr'>oppressa</span> <span class='ocrx_word' id='word_1_245' title='bbox 387 3353 486 3404; x_wconf 89' lang='lat' dir='ltr'>seditio.</span> <span class='ocrx_word' id='word_1_246' title='bbox 524 3351 567 3404; x_wconf 87' lang='grc'>38.</span> <span class='ocrx_word' id='word_1_247' title='bbox 587 3353 720 3404; x_wconf 82' lang='lat' dir='ltr'>Vexillarii</span> <span class='ocrx_word' id='word_1_248' title='bbox 749 3355 863 3405; x_wconf 86' lang='lat' dir='ltr'>turbant:</span> <span class='ocrx_word' id='word_1_249' title='bbox 893 3373 956 3419; x_wconf 91' lang='lat' dir='ltr'>quos</span> <span class='ocrx_word' id='word_1_250' title='bbox 983 3356 1079 3404; x_wconf 83' lang='lat' dir='ltr'>lortiter</span> 
     </span>
     <span class='ocr_line' id='line_1_31' title="bbox 113 3421 1079 3486; baseline -0.006 -12"><span class='ocrx_word' id='word_1_251' title='bbox 113 3432 208 3474; x_wconf 87' lang='lat' dir='ltr'>coercet</span> <span class='ocrx_word' id='word_1_252' title='bbox 223 3425 264 3474; x_wconf 85' lang='grc' dir='ltr'><strong>Μ’.</strong></span> <span class='ocrx_word' id='word_1_253' title='bbox 280 3423 384 3474; x_wconf 85' lang='lat' dir='ltr'>Ennius.</span> <span class='ocrx_word' id='word_1_254' title='bbox 421 3421 463 3473; x_wconf 84' lang='lat'>39.</span> <span class='ocrx_word' id='word_1_255' title='bbox 485 3421 572 3474; x_wconf 87' lang='lat' dir='ltr'>Denuo</span> <span class='ocrx_word' id='word_1_256' title='bbox 595 3421 709 3486; x_wconf 82' lang='lat' dir='ltr'>legiones</span> <span class='ocrx_word' id='word_1_257' title='bbox 727 3426 742 3473; x_wconf 85' lang='lat' dir='ltr'>l.</span> <span class='ocrx_word' id='word_1_258' title='bbox 763 3432 786 3471; x_wconf 87' lang='lat' dir='ltr'>et</span> <span class='ocrx_word' id='word_1_259' title='bbox 801 3423 858 3472; x_wconf 84' lang='lat' dir='ltr'>XX.</span> <span class='ocrx_word' id='word_1_260' title='bbox 875 3426 982 3472; x_wconf 89' lang='lat' dir='ltr'>turbant.</span> <span class='ocrx_word' id='word_1_261' title='bbox 1017 3422 1079 3471; x_wconf 84' lang='lat' dir='ltr'>Gae—</span> 
     </span>
    </p>
   </div>
   <div class='ocr_carea' id='block_1_5' title="bbox 161 3490 924 3553">
    <p class='ocr_par' dir='ltr' id='par_1_5' title="bbox 161 3490 924 3553">
     <span class='ocr_line' id='line_1_32' title="bbox 161 3490 924 3553; baseline 0.01 -3"><span class='ocrx_word' id='word_1_262' title='bbox 161 3513 250 3553; x_wconf 58' lang='grc'><strong>1111111</strong></span> <span class='ocrx_word' id='word_1_263' title='bbox 266 3511 336 3550; x_wconf 75' lang='lat' dir='ltr'>ruas</span> <span class='ocrx_word' id='word_1_264' title='bbox 352 3511 372 3552; x_wconf 90' lang='lat'>1.</span> <span class='ocrx_word' id='word_1_265' title='bbox 910 3490 924 3548; x_wconf 85' lang='lat'><strong>¹</strong></span> 
     </span>
    </p>
   </div>
   <div class='ocr_carea' id='block_1_6' title="bbox 0 0 1232 3886">
    <p class='ocr_par' dir='ltr' id='par_1_6' title="bbox 0 0 1232 3886">
     <span class='ocr_line' id='line_1_33' title="bbox 0 0 1232 3886; baseline 0 0"><span class='ocrx_word' id='word_1_266' title='bbox 0 0 1232 3886; x_wconf 95' lang='lat' dir='ltr'> </span> 
     </span>
    </p>
   </div>
  </div>
 </body>
</html>
