2596 3872
443 187 548 233 nunno
561 187 631 234 xiv.
655 187 731 235 cur.
747 187 868 242 to—to.
1094 180 1157 244 263

152 340 356 404 certaminibus
374 341 466 400 sacris
483 339 720 419 prohibebantur.
749 341 933 422 eloquentiae
949 345 1055 423 primas
1070 365 1155 408 nemo

147 425 223 504 tulit,
231 424 432 486 sedvictorem
441 443 508 485 esse
517 423 673 486 Caesarem
685 428 905 505 pronuntiatum.
914 426 1018 490 Graeci
1026 431 1157 508 amictus,

151 511 215 590 quis
233 527 288 589 per
304 526 356 569 eos
371 507 434 570 dies
449 508 582 588 plerique
599 510 795 590 incesserant,
816 520 875 571 tum
890 511 1099 578 exoleverunt.

210 593 261 654 22.
283 591 364 653 luter
384 610 459 672 quae
481 601 511 652 et
531 592 610 654 sidus
633 603 764 656 cometes
790 593 914 672 effulsit,
937 595 973 656 de
998 614 1055 676 quc
1076 599 1155 676 vulgi

149 679 249 758 opinio
264 685 310 738 est
323 685 466 755 tamquam
481 680 664 738 mutationem
679 679 759 755 regis
775 678 939 758 portendat.
955 681 1058 759 igitur
1073 685 1154 762 quasi

149 765 205 823 iam
219 760 342 840 depulso
355 759 482 839 Nerone,
499 763 629 840 quisnam
641 761 818 840 deligeretur
832 763 1035 843 anquirebant,
1056 775 1085 827 ot
1096 784 1154 828 orn·

148 848 224 906 nium
243 863 296 906 ore
311 843 463 906 Rubellius
482 843 599 906 Plautus
615 845 799 927 trituratur,
816 847 862 908 cui
875 846 1013 911 nobilitas
1028 868 1082 930 per
1095 868 1153 912 ma·

137 941 221 992 'trem
241 947 279 991 ex
295 927 367 990 lulia
388 927 505 989 familia.
534 930 598 1008 ipse
618 930 726 1010 placita
746 933 885 994 maiorum
903 931 1038 1012 colebat,
1056 933 1179 996 babitus

146 1032 272 1090 severo,
304 1021 382 1074 casta
405 1022 434 1074 et
454 1014 691 1094 secretadomo,
715 1026 880 1096 quantoque
900 1027 978 1078 metu
998 1018 1154 1096 occultior,

147 1109 227 1160 tanto
241 1098 307 1178 plus
318 1097 413 1159 famae
425 1097 557 1178 adeptus.
580 1101 660 1160 auxit
669 1118 814 1162 rumorem
827 1101 890 1180 pari
900 1102 1026 1163 vanitate
1038 1111 1101 1164 orta
1112 1104 1154 1162 in·

13 1177 19 1181 ’
146 1184 318 1262 terpretatio
330 1181 461 1259 fulguris.
485 1199 550 1242 nam
562 1184 628 1262 quia
640 1183 845 1246 discumbentis
856 1184 982 1247 Nemnis
994 1185 1070 1265 apud
1082 1187 1153 1248 Sim·

148 1268 248 1328 bruina
259 1275 362 1344 stagna
373 1266 405 1328 im
415 1266 503 1343 oilla,
519 1267 564 1326 cui
577 1267 771 1348 Sublaqueum
785 1287 891 1332 nomen
903 1278 958 1346 est,
973 1272 1050 1331 ictae
1062 1270 1155 1349 dapes

146 1367 303 1430 mensaque
316 1349 437 1411 disiecta
449 1359 522 1428 erat,
535 1349 621 1431 idque
634 1351 737 1412 finibus
747 1351 895 1415 Tiburtum
906 1353 1063 1430 acciderat,
1079 1354 1153 1415 unde
1164 1381 1192 1423 η

148 1444 268 1513 paterna
283 1433 384 1494 Plauto
400 1437 504 1512 origo,
521 1434 597 1496 bunc
613 1435 693 1496 illum
707 1437 820 1498 numine
836 1436 920 1499 deum
936 1436 1074 1498 destinari
1089 1455 1152 1498 cre·

148 1518 270 1595 debant,
294 1517 491 1598 fovebantque
506 1518 602 1594 multi,
626 1517 729 1598 quibus
743 1537 820 1581 nova
835 1529 865 1580 et
877 1520 1014 1599 ancipitia
1030 1538 1152 1598 praeco·

146 1604 210 1664 lere
224 1602 307 1663 avida
321 1611 350 1663 et
361 1602 531 1682 plerumque
543 1601 635 1664 fallax
648 1602 765 1664 ambitio
782 1612 836 1664 est.
859 1620 932 1682 ergo
945 1613 1093 1683 permotus
1107 1604 1153 1666 bis

146 1686 227 1748 Nero
251 1688 398 1767 componit
420 1687 456 1748 ad
476 1685 606 1748 Plautum
627 1687 744 1765 literas,
769 1686 937 1748 consuleret
960 1689 1049 1768 quieti
1072 1687 1152 1750 urbis

146 1789 238 1849 seque
262 1783 352 1848 prava
376 1769 587 1832 diffamantibus
608 1770 805 1834 subtraberet:
828 1789 894 1832 esse
917 1771 958 1832 illi
983 1789 1036 1850 per
1050 1771 1188 1842 Asianum

145 1856 240 1916 avitos
256 1872 361 1932 agros,
377 1856 404 1914 in
419 1855 523 1933 quibus
537 1864 595 1916 tuta
608 1865 637 1916 et
648 1855 791 1917 inturbida
807 1857 922 1917 iuventa
934 1856 1089 1916 frueretur.
1112 1857 1152 1916 ita

146 1938 216 1999 illuc
233 1956 295 1998 cum
312 1939 437 2016 coniuge
452 1940 580 2000 Antistia
595 1949 625 2000 et
641 1941 740 2021 paucis
755 1939 935 2003 familiarium
951 1940 1108 2002 concessit.

206 2021 309 2088 lsdemff
323 2021 425 2083 diebus
446 2024 531 2084 nimia
551 2023 636 2085 luxus
658 2024 763 2102 cupido
780 2025 923 2085 infamiam
947 2034 975 2083 et
991 2022 1152 2101 periculum

146 2105 255 2168 Neroni
270 2105 349 2184 tulit,
373 2108 439 2186 quia
460 2107 569 2168 fontem
586 2126 678 2187 aquae
694 2108 822 2170 biarciae
840 2107 876 2169 ad
892 2107 993 2167 urbem
1008 2105 1150 2168 deductae

147 2189 240 2252 cando
257 2191 417 2252 incesserat
423 2213 431 2261 ;
453 2191 764 2272 videbaturquepotus
785 2207 886 2253 sacros
903 2199 932 2251 et
947 2189 1149 2250 caerimoniam
1161 2217 1186 2258 ω

145 2275 205 2336 1οοί
221 2291 348 2352 corpore
363 2274 425 2335 loto
441 2275 593 2354 polluisse.
624 2284 784 2355 secutaque
801 2291 912 2353 auceps
926 2272 1063 2335 valetudo
1079 2275 1149 2334 iram

143 2359 230 2420 deum
249 2359 419 2420 adfirmavit.
1107 2375 1109 2380 ·

207 2442 259 2506 23.
281 2441 319 2504 tr
343 2441 472 2504 Corbulo
495 2452 564 2522 post
590 2442 685 2504 deleta
707 2441 846 2504 Artaxata
874 2441 1009 2503 utendum
1038 2443 1150 2502 receuti

143 2537 259 2590 terrore
273 2536 353 2590 ratus
369 2527 405 2589 ad
420 2526 592 2607 occupanda
605 2526 830 2605 Tigranocerta,
846 2526 950 2606 quibus
965 2526 1076 2586 excisis
1091 2543 1149 2586 me·

143 2622 202 2673 tum
217 2611 342 2674 bostium
354 2610 517 2673 intenderet
533 2611 591 2688 vel,
607 2614 631 2672 si
646 2613 842 2691 pepercisset,
860 2611 1031 2671 clementiae
1045 2608 1150 2670 famam

143 2695 369 2775 adipisceretur,
393 2695 464 2756 illuc
487 2697 602 2775 pergit,
623 2712 682 2756 non
705 2695 819 2756 infenso
841 2696 989 2771 exercitu,
1014 2711 1051 2753 nc
1066 2711 1150 2773 spem

142 2781 247 2842 veniae
265 2779 410 2857 auferret,
431 2797 526 2860 neque
549 2787 643 2840 tarum
666 2780 788 2841 remissa
803 2796 889 2856 cura,
912 2795 1019 2857 guarus
1035 2776 1174 2844 facilems

142 2871 250 2925 mutatu
264 2872 399 2942 gentem,
417 2873 446 2924 ut
461 2882 583 2942 segnem
599 2862 635 2924 ad
652 2862 801 2943 pericula,
821 2863 861 2923 ita
877 2861 992 2923 infidam
1009 2861 1046 2922 ad
1063 2879 1150 2922 occa·

143 2949 254 3010 sicces.
290 2946 425 3026 barbari,
449 2965 502 3027 pro
526 2949 644 3026 iugenio
666 2949 806 3026 quisque,
829 2946 879 3008 alii
901 2963 1006 3025 preces
1029 2944 1149 3020 oberte,

143 3030 259 3113 quidam
280 3031 419 3094 deserere
442 3032 525 3092 vicos
548 3039 577 3091 et
599 3033 628 3090 in
650 3033 715 3092 avia
735 3029 849 3110 digredi
856 3054 864 3102 ;
887 3049 923 3091 ac
941 3029 1024 3091 fuere
1046 3030 1150 3108 quise

141 3115 293 3195 speluncis
313 3125 342 3176 et
357 3115 505 3177 carissima
525 3133 625 3176 secum
640 3114 790 3176 abderent.
823 3116 911 3193 igitur
927 3113 985 3174 dux
1002 3113 1149 3174 Romanus

141 3199 267 3261 diversis
284 3200 411 3278 artibus,
434 3199 635 3261 misericordia
648 3199 789 3261 adversus
803 3199 970 3279 supplices,
998 3195 1185 3261 celeritatem

141 3282 284 3346 adversus
306 3284 464 3366 profugos,
488 3283 593 3344 inmitis
616 3285 652 3344 iis
674 3285 722 3364 qui
743 3282 872 3345 latebras
893 3280 1077 3356 insederant,
1097 3296 1149 3340 ora

142 3377 175 3430 et
200 3368 295 3430 exitus
318 3386 458 3448 specuum
489 3369 642 3430 sarmentis
670 3368 862 3447 virgultisque
893 3363 1057 3442 completos
1090 3363 1149 3440 igni

142 3452 249 3513 exurit.
281 3462 367 3532 atquo
389 3453 468 3514 illum
491 3453 562 3514 unes
586 3468 656 3512 suos
682 3449 937 3531 praegredientem
961 3447 1149 3506 incursavere
