2570 3878
178 147 237 216 174
432 154 933 207 connnnnnucrnrsuunnrnn

141 325 166 368 ¹⁶
176 317 276 378 literas
291 313 422 377 Phraatis
438 322 468 373 et
481 311 627 391 Hieronis,
647 312 695 393 qui
710 309 901 372 validissimus
916 311 1119 392 praefecturas
1130 329 1184 392 up·

175 401 323 478 tinebant,
338 399 467 478 accipit,
491 397 610 458 brevem
632 413 742 458 moram
764 396 950 477 precantium.
987 396 1186 478 placitumque

176 485 306 567 opperiri
321 483 401 544 viros
419 481 647 563 praepollentis,
670 490 757 558 atque
779 481 894 541 interint
911 478 1071 560 ctesiphon
1095 481 1187 542 sedes

176 571 289 650 imperii
304 568 411 648 petita:
424 566 478 627 sed
495 564 544 627 nbi
561 565 637 626 diem
653 583 691 626 ex
705 564 753 624 die
769 564 962 644 prolatabant,
978 565 1074 626 multis
1087 583 1186 628 coram

177 665 207 715 et
222 650 451 735 adprqbantibus
467 651 580 712 Surena
595 650 690 729 patrio
707 665 791 710 more
805 648 952 710 Tiridaten
972 650 1079 728 insigni
1097 653 1186 728 regio

140 740 295 800 ttevinxtt.

234 821 288 886 43.
310 822 357 881 Ac
375 822 399 882 si
414 822 510 882 statim
524 819 664 880 interiora
678 826 854 896 ceterasque
867 819 1001 880 nationes
1021 819 1183 898 petivisset,

176 924 322 986 oppressa
337 905 531 966 nuntiantium
547 902 686 964 dubitatio
703 911 733 963 et
747 917 848 965 omnes
868 903 897 962 ia
919 921 1005 964 nuum
1024 903 1183 966 cedebant:

176 990 334 1052 adsidendo
350 988 512 1067 castellum,
531 989 559 1046 in
577 986 656 1067 quod
673 989 825 1066 pecuniam
835 995 865 1048 et
879 987 1010 1068 paelices
1021 987 1186 1049 Artabanum

178 1075 358 1151 contulerat,
380 1073 459 1133 dedit
482 1073 606 1151 spatium
628 1070 754 1132 exuendi
775 1080 870 1150 pacta.
910 1089 975 1132 nam
993 1071 1133 1134 Phraates
1156 1080 1187 1132 et

151 1159 267 1220 sillero
292 1166 321 1217 et
344 1158 369 1218 si
390 1157 439 1236 qui
458 1156 508 1217 alii
523 1154 667 1218 delectum
690 1154 832 1234 capiendo
854 1155 1010 1218 diademati
1021 1156 1097 1217 dle
1116 1155 1187 1218 hant

177 1240 470 1319 concelebraverant,
487 1257 556 1320 pers
569 1247 660 1317 metu,
676 1238 792 1319 quidan'r
809 1239 916 1301 invidia
932 1240 960 1300 in
974 1239 1186 1320 Abdagaesen,

176 1328 298 1408 quitum
312 1325 377 1386 aula
395 1333 424 1384 et
438 1341 518 1386 novo
532 1343 607 1403 rege
620 1323 796 1404 potiebatur,
809 1323 845 1386 ad
859 1324 1038 1386 Artabanum
1054 1334 1186 1394 semere3

175 1413 261 1491 isque
275 1412 306 1470 in
323 1409 467 1485 Hyrcanis
488 1417 625 1488 repertus
648 1418 709 1487 est,
735 1408 842 1469 inluvie
864 1407 976 1470 obsitus
998 1418 1030 1470 et
1050 1409 1187 1470 alimenta

177 1513 247 1558 arcu
263 1493 435 1574 expediens.
463 1512 499 1555 ac
516 1494 610 1572 primo
623 1501 767 1573 tamquam
780 1493 866 1554 delus
881 1502 1033 1573 pararetur
1055 1495 1186 1569 territus,

124 1594 168 1638 ἰο
177 1581 226 1641 nbi
241 1579 307 1640 data
322 1577 396 1639 lides
410 1576 579 1639 reddendae
593 1577 780 1640 dominationi
795 1579 932 1655 venisse,
949 1578 1100 1640 adlevatur
1126 1577 1186 1638 ani·

175 1673 403 1810 illitutt
409 1662 1186 1826 tttltt‘llttftttt.Tnltbftt

169 1834 261 1893 inane
276 1848 381 1891 nornen
398 1829 475 1909 npnd
495 1829 634 1890 inbellem
656 1839 777 1891 externa
796 1830 934 1908 mollitia,
959 1831 1015 1891 vias
1037 1832 1067 1890 in
1087 1828 1186 1890 Abda·

198 1919 275 1977 aesis
289 1913 386 1974 domo.

177 1935 197 1994 g
239 1994 293 2058 44.
317 1999 415 2058 Sensit
429 2005 513 2059 vetos
527 1999 670 2078 regnandi
693 1999 786 2059 falsos
800 2001 829 2059 in
847 2016 946 2060 amore
968 1999 1035 2060 odia
1054 2017 1113 2061 non
1135 2001 1186 2060 lin·

105 2103 108 2110 ¹
177 2101 261 2162 gere.
291 2099 349 2142 nec
365 2083 439 2143 ultra
454 2093 594 2162 muratus,
612 2101 698 2164 quarn
715 2082 780 2144 dum
795 2083 968 2159 Scytharum
989 2083 1096 2145 auxilia
1116 2100 1185 2144 cou-

178 2169 263 2246 ciret,
277 2167 378 2247 pergit
391 2185 538 2248 properus
553 2177 583 2228 et
598 2170 794 2248 praeveniens
807 2169 987 2242 inimicorum
1001 2177 1097 2244 astus,
1115 2169 1187 2229 ami·

178 2270 277 2314 corum
297 2250 517 2330 paenitentiam:
546 2270 643 2332 neque
667 2261 791 2313 exuerat
809 2252 984 2332 paedorem,
1010 2261 1042 2312 nt
1066 2253 1187 2330 vulgum
1283 2259 1284 2268 ’

154 2336 363 2397 emiseratione
385 2335 563 2398 adverteret.
596 2353 654 2397 non
675 2336 771 2415 lrsns,
789 2354 846 2397 non
862 2355 985 2417 preces,
1006 2337 1076 2398 nihil
1098 2337 1186 2398 ornis·
1283 2339 1284 2368 ¹

177 2439 238 2482 sum
263 2437 321 2500 quc
346 2419 498 2498 ambiguos
517 2420 666 2499 inliceret,
689 2424 816 2501 prompti
836 2423 1027 2486 firmarentur.
1071 2423 1187 2502 iamque
1277 2463 1281 2470 -

175 2505 263 2565 multa
279 2519 362 2563 mauu
383 2505 582 2581 propinquans
596 2503 749 2565 Seleuciae
762 2504 943 2580 adventabat,
966 2525 1030 2566 curn
1041 2500 1186 2566 Tiridates

176 2588 261 2649 simul
276 2586 352 2648 intua
371 2597 457 2669 atque
473 2592 541 2668 ipso
555 2589 705 2650 Artabano
726 2585 881 2670 perculsus
902 2590 1021 2652 distrahi
1041 2589 1185 2667 consiliis,

175 2674 233 2733 iret
248 2681 349 2732 cornu
365 2689 401 2733 an
417 2673 526 2734 bellurn
541 2676 725 2736 cunctatione
740 2684 888 2739 tractaret.
919 2675 1024 2755 quibus
1041 2675 1186 2755 proelium

143 2776 167 2819 ro
177 2766 206 2817 et
220 2757 349 2818 festinati
364 2775 451 2818 casus
465 2757 630 2839 placebant,
646 2759 786 2822 disiectos
801 2769 831 2821 et
846 2760 1057 2840 longinquitate
1073 2760 1186 2822 itineris

175 2840 276 2902 fessos
289 2859 327 2900 ne
344 2843 439 2902 animo
457 2841 574 2922 quidem
590 2845 660 2904 satis
676 2845 712 2906 ad
733 2847 905 2925 opsequium
928 2844 1074 2906 coaluisse
1093 2844 1184 2906 disse·

175 2936 250 3003 runt,
267 2924 434 3004 proditores
450 2945 546 3008 nuper
560 2927 721 3008 hostesque
735 2931 809 3012 eius,
827 2947 912 3009 quem
930 2947 1044 2990 rursum
1054 2929 1181 2991 loveuat.

177 3027 278 3070 verum
293 3008 488 3088 Abdagaeses
505 3011 728 3090 regrediendum
739 3016 768 3074 iu
778 3014 1020 3094 llescpctamium
1032 3010 1182 3088 censebat,

176 3104 209 3154 ut
221 3111 304 3156 arnna
321 3093 450 3174 obiecto,
466 3096 612 3158 Armeniis
629 3100 743 3159 interim
763 3097 970 3178 Elymaeisque
990 3107 1021 3158 et
1043 3098 1151 3159 ceteris
1167 3114 1185 3158 a

142 3185 263 3256 tttergu
280 3181 401 3259 excitis,
419 3182 496 3243 ancti
513 3181 608 3260 copiis
629 3182 787 3244 socialibus
810 3193 840 3244 et
860 3201 933 3264 quas
957 3183 1017 3244 dux
1035 3184 1187 3251 Romanus

175 3265 303 3325 misisset
319 3265 465 3328 fortunam
479 3275 664 3346 temptarent.
696 3285 732 3329 ea
746 3270 888 3330 sententia
906 3267 1011 3367 vplnlt,
1023 3265 1101 3347 'qnia
1121 3267 1186 3347 plu·

176 3348 247 3408 rium
269 3351 427 3431 auctoritas
447 3367 540 3432 penes
561 3350 758 3431 Abdagaesen
775 3361 818 3414 ·et
838 3352 982 3414 Tiridates
1004 3353 1129 3431 ignavus
1149 3350 1187 3412 ad

177 3433 307 3508 pericula
332 3444 404 3495 erat.
440 3435 494 3496 sed
512 3437 601 3514 fugae
622 3438 724 3518 specie
743 3437 918 3511 dlscessum;
946 3455 983 3504 ae
1004 3437 1184 3518 principica
