2596 3872
170 171 232 234 258
440 181 928 232 coanamrrscrrranuamurn

170 343 365 419 prensantium
391 355 503 398 manum
529 339 756 416 gratantiumque
782 331 862 415 'quod
890 334 1042 394 discrimen
1070 335 1167 414 inpro

171 425 261 484 visum
277 432 306 483 et
321 423 421 482 matria
431 421 542 482 facinus
558 422 709 481 evasisset.
738 421 820 479 amici
835 419 940 479 deliine
954 419 1034 478 adire
1048 418 1167 497 templa,

171 517 200 567 et
217 516 323 586 coepto
340 505 476 584 exemplo
493 506 623 584 proxima
640 504 815 583 Campaniae
829 503 981 582 municipia
996 503 1120 562 victimis
1138 512 1168 562 et

169 590 364 669 legationibus
382 589 519 649 laetitiam
534 589 648 649 testari:
670 591 734 668 ipse
754 587 870 648 diversa
892 587 1073 646 simulatione
1090 603 1167 646 mae·

136 701 160 742 ιο
170 685 231 734 stus
246 683 275 734 et
296 675 377 754 quasi
393 673 579 733 incolumitati
596 690 666 732 suae
687 671 816 732 infensus
831 687 865 731 ac
881 672 965 730 morti
981 672 1109 749 parentis
1126 672 1167 729 in

170 757 333 818 lacrimans.
364 757 429 836 quia
444 767 627 833 tamennon,
644 765 673 816 ut
690 754 834 815 hominum
849 753 959 831 vultus,
981 754 1020 813 ita
1036 753 1166 814 locorum

169 841 261 902 iacies
276 850 427 918 mutantur,
449 839 715 919 obversabaturque
730 841 817 900 maris
831 837 908 898 illius
924 847 953 898 et
967 837 1082 898 litorum
1100 855 1165 914 gra·

168 926 213 984 uis
236 932 372 1004 aspectus
389 924 434 1002 (et
456 933 538 984 erant
558 925 605 1004 qui
621 923 775 984 crederent
790 922 910 982 sonitum
933 919 1020 981 tubae
1043 919 1168 982 collibus

167 1009 274 1068 circum
290 1007 377 1067 editis
403 1007 593 1085 planctusque
615 1005 724 1064 tumulo
744 1006 844 1064 matris
866 1005 990 1084 audiri),
1014 1003 1169 1084 Neapolim

137 1091 315 1155 inconcessit
337 1090 499 1169 literasque
524 1089 561 1150 ad
579 1098 709 1149 senatum
723 1089 821 1165 misit,
845 1107 963 1168 quarum
983 1107 1089 1149 summa
1106 1099 1170 1151 erat

167 1182 317 1252 repertum
346 1191 409 1234 oum
433 1175 515 1234 lerro
548 1190 753 1252 percussorem
782 1171 965 1250 Agerinum,
992 1192 1030 1232 ex
1061 1175 1169 1233 intimis

168 1257 348 1336 Agrippinae
363 1257 496 1334 libertis,
518 1266 548 1318 et
565 1258 656 1317 luisse
672 1273 737 1316 eaor
749 1273 861 1335 poenas
874 1259 1052 1316 conscientia
1061 1300 1070 1333 ,
1087 1259 1169 1334 quasi

166 1341 262 1401 scelus
281 1344 453 1420 paravisset.

237 1428 286 1487 11.
312 1426 465 1487 Adiciebat
488 1427 604 1486 crimina
633 1426 746 1502 longius
775 1424 915 1504 repetita,
943 1423 1020 1503 quod
1049 1440 1167 1483 consor·

174 1513 242 1572 tium
258 1511 370 1590 imperii
384 1512 582 1589 iuraturasque
600 1511 629 1570 in
644 1508 767 1568 laminae
781 1507 871 1567 rerba
888 1507 1048 1586 praetorias
1066 1505 1168 1567 cobor-

172 1604 218 1654 tes
233 1593 366 1672 idemque
382 1594 510 1654 dedceus
531 1602 646 1653 senatus
664 1601 693 1652 et
708 1591 807 1671 populi
823 1591 1018 1670 speravisset,
1038 1608 1073 1650 ac
1089 1599 1168 1667 post·

173 1692 256 1756 quam
276 1677 379 1736 irustra
400 1677 495 1736 habita
521 1677 571 1753 sit,
596 1675 707 1735 inlensa
728 1675 807 1734 militi
831 1673 1016 1754 patribusque
1038 1682 1066 1733 et
1088 1671 1170 1751 plebi

148 1761 359 1819 adissuasissct
384 1759 546 1819 donativum
575 1767 604 1816 et
631 1758 807 1836 congiarium
829 1757 1015 1836 periculaque
1036 1757 1105 1816 viris
1127 1758 1168 1815 in-

171 1841 307 1903 lustribus
338 1842 505 1902 struxisset.
547 1850 652 1920 quanto
668 1858 720 1901 suo
735 1840 837 1901 labore
851 1849 1059 1920 perpetratum,
1075 1857 1112 1899 ne
1126 1839 1168 1898 in·

172 1933 318 2003 rumperet
334 1926 457 2000 curiam,
478 1941 515 1983 ne
530 1923 665 2002 gentibus
680 1925 807 1984 externis
823 1940 965 2003 responsa
980 1923 1068 1984 daret.
1097 1932 1168 1983 tem·

171 2023 273 2088 porum
286 2024 401 2086 quoque
414 2007 633 2068 Claudianorum
652 2006 769 2086 obliqua
787 2008 976 2068 insectatione
989 2015 1091 2068 cuncta
1107 2008 1169 2066 eius

171 2090 372 2150 dominationis
388 2091 496 2168 llagitia
512 2092 541 2150 in
557 2100 676 2152 matrem
690 2090 841 2169 transtulit,
856 2089 972 2170 publica
987 2090 1100 2151 fortuna
1117 2109 1169 2150 ex-

138 2191 161 2232 so
172 2176 303 2236 stinctum
318 2173 459 2234 referens.
476 2192 598 2254 namque
612 2183 641 2235 et
654 2175 833 2253 naufragium
849 2173 998 2234 narrabat:
1016 2172 1093 2253 quod
1107 2173 1166 2232 ior·

172 2261 269 2319 tuitum
285 2258 392 2334 luisse,
409 2260 471 2337 quis
487 2257 561 2318 adeo
573 2258 670 2324 ‚hebes
690 2259 866 2324 inueniretur
891 2266 921 2317 ut
942 2255 1099 2318 crederet?
1120 2264 1167 2316 aut

171 2341 323 2402 amuliere
339 2341 477 2420 naubaga
492 2344 608 2402 missum
624 2360 685 2403 cnm
707 2342 765 2401 telo
785 2358 885 2418 unum,
908 2342 956 2418 qui
977 2340 1113 2400 cobortes
1139 2349 1169 2399 et

172 2425 283 2486 classes
299 2426 483 2504 imperatoris
499 2423 713 2506 perfringeret?
742 2441 814 2502 crgo
830 2440 888 2483 uon
905 2425 959 2483 iam
973 2424 1070 2500 Nero,
1087 2423 1168 2482 cuius

171 2509 320 2583 inmanitas
343 2509 466 2568 omnium
487 2517 605 2588 questus
619 2507 762 2585 anteibat,
781 2506 832 2566 sed
852 2509 966 2567 Seneca
982 2506 1104 2567 adverso
1121 2524 1167 2565 ru·

138 2608 252 2652 rumore
270 2600 341 2669 erat,
357 2591 433 2670 quod
449 2593 580 2651 oratione
596 2591 644 2652 tali
662 2591 876 2652 confessionem
893 2591 1068 2669 scripsisset.

234 2673 282 2734 12.
303 2674 378 2735 liliro
399 2683 492 2734 tamen
512 2675 667 2734 certamine
683 2691 836 2753 procerum
851 2673 1042 2734 decernuntur
1058 2672 1167 2751 suppli·

173 2757 303 2819 caduces
317 2756 394 2836 apud
415 2759 508 2817 omnia
524 2757 699 2835 pulvinaria,
723 2765 810 2836 utque
834 2758 1041 2837 Quinquatrus,
1064 2755 1167 2835 quibus

172 2850 291 2919 apertae
305 2840 425 2901 insidiae
441 2849 555 2916 essent,
578 2839 652 2900 ludis
669 2842 768 2900 annuis
792 2840 1022 2908 celebrarentur3
1049 2857 1166 2900 aureum

171 2925 319 2986 blinerrae
340 2923 521 2984 simulacrum
545 2925 670 2985 incuria
691 2932 721 2984 et
740 2923 818 2983 iuxta
839 2924 978 3002 principis
999 2924 1094 3000 imago
1109 2931 1166 2982 sta·

148 3017 334 3078 stucrentur;
354 3007 416 3068 dies
431 3007 534 3068 natalis
544 3006 725 3087 Agrippinae
740 3007 815 3066 inter
827 3006 957 3068 nefastos
969 3015 1058 3066 esset.
1077 3005 1166 3065 lbra·
1238 3010 1255 3018 ’“
1281 3019 1292 3028 “

172 3109 223 3152 sea
249 3091 354 3152 Pactus
381 3090 495 3151 silentio
518 3091 566 3150 vel
587 3089 669 3150 brevi
692 3089 816 3150 adsensu
844 3092 959 3169 priores
985 3089 1167 3150 adulationes

170 3175 364 3235 transmittere
380 3175 483 3234 solitus
498 3174 567 3234 exiit
579 3182 636 3232 tum
651 3182 767 3250 senatu,
787 3191 823 3232 ac
843 3172 897 3233 sibi
915 3191 1030 3233 eausam
1046 3173 1168 3254 periculi

171 3258 253 3336 iecit,
269 3257 375 3319 ceteris
390 3257 531 3318 libertatis
544 3257 651 3316 initium
665 3273 723 3316 non
737 3257 878 3335 praebuit.
903 3256 1037 3336 prodigia
1051 3273 1168 3336 quoque

50 3367 65 3391 ·.
173 3341 276 3402 crebra
291 3351 321 3402 et
333 3343 416 3401 inrita
434 3343 638 3401 intercessere.
671 3356 793 3416 anguem
805 3341 890 3400 enixa
903 3340 1015 3418 mulier,
1032 3348 1061 3401 et
1072 3340 1126 3400 alia
1137 3341 1166 3398 in

138 3423 327 3484 semnaubitn
346 3425 438 3484 mariti
458 3423 575 3484 lnlmine
595 3423 769 3483 exanimata:
791 3424 846 3484 iam
862 3423 906 3485 sol
922 3433 1045 3505 repente
1061 3422 1165 3484 obscu-
