2596 3872
425 201 530 248 rueme
549 203 608 250 xv.
629 190 704 250 car.
725 201 857 254 50—54.
1082 189 1146 252 30⁵

141 355 242 418 urbem
263 355 291 415 in
314 355 363 416 illa
385 357 475 416 invisa
498 365 527 416 et
545 356 647 436 spoliis
664 357 766 418 civium
783 365 929 420 exstructa
950 355 1035 416 domo
1052 356 1100 416 vel
1116 355 1145 416 in

142 441 262 522 publico
286 449 450 519 patraturos
474 441 551 518 quod
570 458 623 519 pro
644 459 678 501 re
697 440 814 520 publica
830 442 1038 520 suscepissent.
1070 441 1144 500 baec

140 527 350 602 incommune,
375 533 502 584 ceterum
520 525 622 584 timore
647 525 779 604 pc'culto,
803 543 840 592 ne
862 525 892 585 L.
908 524 1023 584 Silanus
1040 525 1144 584 eximia

141 608 292 668 nobilitate
309 607 519 687 disciplinaque
536 606 568 669 O.
587 607 694 686 Cassii,
715 608 789 686 apud
807 626 892 687 quem
913 608 1051 668 educatus
1072 616 1180 685 erutae

141 692 177 754 ad
194 710 306 752 omnem
320 691 517 752 claritudinem
533 691 661 768 sublatus
672 689 821 771 imperium
833 692 993 768 invaderet,
1009 701 1145 770 prompte

141 778 250 836 daturis
266 773 314 854 qui
331 793 348 835 a
366 777 564 837 coniuratione
579 777 683 853 integri
700 785 800 836 essent
817 776 923 855 quique
939 777 1146 835 miserarentur

138 859 288 922 Neronem
309 865 451 938 tamquam
473 877 527 939 per
544 861 641 920 scelus
660 859 853 920 interiectum.
882 860 1015 940 plerique
1030 859 1145 920 Vestini

140 959 258 1022 qunque
272 943 399 1003 consulis
410 962 478 1003 acre
493 945 638 1022 ingenium
650 942 788 1004 vitavisse
800 943 934 1004 Pisonem
947 942 1142 1021 crediderunt,

138 1047 178 1088 ne
200 1026 236 1086 ad
256 1025 418 1088 libertatem
441 1037 588 1106 oreretur,
611 1029 660 1088 vel
682 1027 798 1088 delecto
820 1028 997 1108 imperatore
1022 1027 1079 1088 alio
1100 1029 1178 1087 sniis

138 1111 267 1172 muneris
288 1129 350 1170 rem
366 1109 511 1190 publicam
526 1111 647 1171 iaceret.
684 1113 788 1170 etenim
806 1129 915 1190 expers
937 1111 1143 1172 coniurationis

139 1204 220 1271 erat,
247 1195 376 1274 quamvis
401 1213 549 1274 supereo
575 1195 691 1256 crimine
716 1194 795 1255 Nero
819 1204 902 1256 vetus
927 1191 1142 1255 adversamin-

139 1288 254 1341 sontem
272 1279 367 1338 odium
384 1279 557 1359 expleverit.

206 1362 257 1424 53.
280 1361 409 1431 Tandem
426 1371 553 1423 statuere
570 1364 740 1423 circensium
755 1363 885 1423 ludorum
898 1362 961 1441 die,
978 1364 1025 1442 qui
1041 1362 1143 1424 Cereri

142 1446 316 1524 celebratur,
335 1448 456 1525 exsequi
473 1445 624 1523 destinata,
643 1449 707 1525 quia
725 1446 835 1508 Caesar
848 1465 931 1507 rarus
950 1464 1074 1524 egressu
1091 1447 1142 1506 dc·

139 1547 245 1610 moque
268 1538 316 1592 aut
336 1529 428 1591 hortis
453 1531 567 1590 clausus
586 1531 620 1592 ad
641 1531 752 1592 ludicra
773 1531 844 1591 circi
863 1529 1023 1590 ventitabat
1045 1547 1141 1608 prom·

138 1615 311 1696 ptioresqne
331 1613 423 1675 aditus
444 1623 525 1674 erant
547 1615 656 1674 laetitia
677 1614 847 1693 spectaculi.
878 1613 1009 1674 ordinem
1030 1613 1142 1674 insidiis

138 1706 380 1777 composuerant,
409 1707 440 1758 ut
464 1698 636 1777 Lateranus,
663 1699 744 1778 quasi
767 1697 923 1760 subsidium
944 1700 987 1757 rei
1008 1697 1166 1766 familiario
1252 1753 1254 1756 .

137 1789 254 1859 oraret,
270 1781 510 1861 deprecabundus
526 1791 555 1842 et
570 1782 692 1860 genibus
708 1783 848 1862 principis
863 1781 1000 1842 accidens
1013 1791 1142 1860 proster-

137 1875 223 1926 neret
243 1865 387 1926 incautum
409 1874 632 1945 premeretque,
655 1867 741 1927 animi
765 1865 877 1926 validus
899 1873 928 1926 et
951 1882 1079 1944 corpore
1101 1867 1141 1925 in-

137 1967 224 2027 gens.
254 1958 311 2009 tum
331 1950 474 2010 iacentem
495 1959 523 2009 et
540 1950 707 2029 impeditum
726 1949 832 2011 tribuni
853 1959 882 2009 et
906 1951 1092 2010 centuriones
1114 1959 1143 2010 et

140 2041 322 2112 ceterorum,
344 2040 375 2092 ut
392 2033 514 2112 quisque
534 2033 685 2095 audentiae
702 2032 865 2111 habuisset,
882 2033 1071 2094 adcurrerent
1083 2042 1142 2094 tru-

142 2113 346 2196 cidarentquc,
371 2119 477 2194 primas
499 2115 554 2176 sibi
570 2127 668 2194 partes
689 2117 892 2196 expostulante
908 2117 1070 2193 Scaevino,
1093 2119 1142 2196 qui
1153 2125 1179 2165 1⁰

141 2197 298 2277 pugionem
319 2200 428 2278 templo
452 2199 559 2259 Salutis
585 2200 663 2278 sive,
688 2210 719 2259 nt
739 2195 788 2260 alii
808 2199 971 2276 tradidere,
996 2198 1143 2260 Fortunae

138 2281 296 2345 Ferentino
322 2284 351 2342 iu
376 2282 485 2362 oppido
518 2283 683 2344 detraxerat
708 2283 902 2361 gestabatque
927 2283 1009 2342 velut
1036 2299 1142 2360 magno

140 2366 226 2444 operi
242 2385 365 2427 sacrum.
392 2366 505 2427 interim
516 2366 585 2427 Piso
601 2367 677 2446 apud
693 2366 794 2427 aedem
809 2366 925 2426 Cereris
944 2368 1141 2446 opperiretur,

136 2447 215 2508 unde
236 2468 300 2510 enm
326 2450 493 2529 praelectus
514 2449 639 2511 Faenius
662 2459 692 2510 et
718 2451 810 2511 ceteri
833 2452 955 2511 accitum
976 2450 1091 2532 ferre-nt
1112 2453 1141 2511 in
1188 2479 1192 2486 ·

111 2542 253 2612 ¹castra,
277 2535 430 2594 comitante
446 2533 571 2594 Antonia
594 2534 705 2595 Claudii
726 2533 861 2596 caesaris
883 2534 940 2595 lilia
964 2533 999 2595 ad
1021 2535 1176 2595 elicies-u

137 2617 204 2676 dum
219 2617 301 2695 volgi
317 2617 458 2695 favorem,
478 2617 553 2697 quod
570 2617 603 2678 G.
621 2617 728 2678 Plinius
744 2627 894 2678 memorat.
925 2617 1009 2679 nobis
1022 2636 1140 2698 quoquo

137 2701 225 2761 modo
247 2700 379 2761 traditum
404 2719 462 2762 non
483 2701 631 2762 occultare
646 2703 674 2760 in
688 2703 781 2763 animo
803 2702 870 2781 luit,
892 2703 1021 2782 quamvis
1041 2703 1140 2764 absur-

137 2784 203 2852 dum
219 2783 367 2845 videretur
389 2793 436 2845 aut
456 2787 567 2846 inanem
588 2785 624 2847 ad
641 2803 723 2866 spem
739 2786 895 2846 Antoniam
914 2804 1020 2847 nomen
1042 2797 1071 2846 et
1090 2806 1140 2866 pe-

136 2868 259 2928 riculum
275 2869 515 2948 commodavisse,
533 2877 581 2930 aut
592 2869 727 2930 Pisonem
745 2877 843 2929 notum
857 2887 958 2931 amore
974 2873 1075 2930 uxoris
1091 2872 1140 2931 alii

134 2953 316 3013 matrimonio
336 2971 368 3013 se
385 2951 592 3031 obstrinxisse,
612 2953 667 3013 nisi
683 2955 707 3013 si
729 2952 834 3032 cupido
850 2953 1011 3014 dominandi
1027 2957 1137 3015 cunctis
1148 2971 1177 3010 an

14 3021 22 3079 ¹·
135 3034 301 3097 adfectibus
315 3036 484 3114 flagrantior
497 3045 553 3097 est.

202 3114 253 3183 54.
277 3119 336 3181 Sed
356 3120 456 3179 mirum
477 3138 561 3199 quam
585 3120 659 3180 inter
682 3119 789 3180 diversi
803 3124 922 3199 generis
939 3121 1064 3199 ordinis,
1090 3139 1138 3182 ae·

134 3204 202 3265 tatis
223 3221 327 3283 sexus,
349 3203 423 3264 dites
438 3222 585 3283 pauperes
605 3203 797 3273 taciturnitate
814 3207 908 3266 omnia
924 3205 1050 3268 cohibita
1071 3205 1137 3282 sint,

135 3288 233 3347 donec
256 3287 381 3366 proditio
408 3289 507 3366 coepit
529 3305 549 3347 e·
567 3285 652 3349 domo
668 3289 816 3360 Scaevini3
838 3291 887 3367 qui
909 3290 1003 3368 pridie
1022 3285 1137 3364 insidia·

136 3389 199 3431 rum
213 3371 302 3431 multo
318 3383 453 3432 sermone
472 3390 535 3432 cum
551 3371 678 3432 Antonio
691 3370 814 3446 Natale,
832 3371 898 3431 dein
912 3389 1068 3448 regressus
1085 3371 1138 3430 do·
1225 3441 1228 3448 y

136 3472 213 3514 mum
232 3463 431 3524 testameuum
453 3455 633 3532 obsignavit,
652 3463 817 3533 promptum
837 3457 942 3538 vagina
966 3455 1166 3531 pugionems

180 3558 379 3599 rammransr.
704 3574 707 3585 a
768 3589 769 3595 ,
852 3533 900 3581 *⁸²
933 3537 974 3596 20
