<?xml version="1.0" encoding="UTF-8"?>
<!DOCTYPE html PUBLIC "-//W3C//DTD XHTML 1.0 Transitional//EN"
    "http://www.w3.org/TR/xhtml1/DTD/xhtml1-transitional.dtd">
<html xmlns="http://www.w3.org/1999/xhtml" xml:lang="en" lang="en">
 <head>
  <title>
</title>
<meta http-equiv="Content-Type" content="text/html;charset=utf-8" />
  <meta name='ocr-system' content='tesseract 3.04.00' />
  <meta name='ocr-capabilities' content='ocr_page ocr_carea ocr_par ocr_line ocrx_word'/>
</head>
<body>
  <div class='ocr_page' id='page_1' title='image "./libriquisupersu02tacigoog/libriquisupersu02tacigoog_0664.png"; bbox 0 0 2536 3870; ppageno 0'>
   <div class='ocr_carea' id='block_1_1' title="bbox 516 135 1126 237">
    <p class='ocr_par' dir='ltr' id='par_1_1' title="bbox 516 135 1126 237">
     <span class='ocr_line' id='line_1_1' title="bbox 516 135 1126 237; baseline 0.01 -7"><span class='ocrx_word' id='word_1_1' title='bbox 516 135 740 237; x_wconf 53' lang='lat' dir='ltr'>crasso—ra.</span> <span class='ocrx_word' id='word_1_2' title='bbox 1063 173 1126 236; x_wconf 74' lang='lat'>210</span> 
     </span>
    </p>
   </div>
   <div class='ocr_carea' id='block_1_2' title="bbox 53 333 1256 3514">
    <p class='ocr_par' dir='ltr' id='par_1_2' title="bbox 53 333 1169 1148">
     <span class='ocr_line' id='line_1_2' title="bbox 124 333 1164 416; baseline -0.001 -20"><span class='ocrx_word' id='word_1_3' title='bbox 124 335 196 396; x_wconf 82' lang='lat' dir='ltr'>de&#39;ra</span> <span class='ocrx_word' id='word_1_4' title='bbox 217 352 276 395; x_wconf 83' lang='lat' dir='ltr'>nox</span> <span class='ocrx_word' id='word_1_5' title='bbox 300 333 385 396; x_wconf 83' lang='lat' dir='ltr'>uadit.</span> <span class='ocrx_word' id='word_1_6' title='bbox 419 334 527 412; x_wconf 81' lang='lat' dir='ltr'>solnm,</span> <span class='ocrx_word' id='word_1_7' title='bbox 550 346 668 416; x_wconf 87' lang='lat' dir='ltr'>praeter</span> <span class='ocrx_word' id='word_1_8' title='bbox 691 339 786 399; x_wconf 90' lang='lat' dir='ltr'>oleam</span> <span class='ocrx_word' id='word_1_9' title='bbox 810 339 957 416; x_wconf 85' lang='lat' dir='ltr'>vitemque</span> <span class='ocrx_word' id='word_1_10' title='bbox 979 347 1008 396; x_wconf 88' lang='lat' dir='ltr'>et</span> <span class='ocrx_word' id='word_1_11' title='bbox 1029 347 1164 400; x_wconf 85' lang='lat' dir='ltr'>oeterars</span> 
     </span>
     <span class='ocr_line' id='line_1_3' title="bbox 125 417 1127 500; baseline 0.002 -22"><span class='ocrx_word' id='word_1_12' title='bbox 125 417 315 479; x_wconf 83' lang='lat' dir='ltr'>ualidioribus</span> <span class='ocrx_word' id='word_1_13' title='bbox 334 420 421 479; x_wconf 89' lang='lat' dir='ltr'>terris</span> <span class='ocrx_word' id='word_1_14' title='bbox 442 419 512 478; x_wconf 92' lang='lat' dir='ltr'>oriri</span> <span class='ocrx_word' id='word_1_15' title='bbox 534 428 631 497; x_wconf 85' lang='lat' dir='ltr'>sueta,</span> <span class='ocrx_word' id='word_1_16' title='bbox 657 423 770 500; x_wconf 82' lang='lat' dir='ltr'>patiens</span> <span class='ocrx_word' id='word_1_17' title='bbox 805 423 937 498; x_wconf 79' lang='lat' dir='ltr'>frugum,</span> <span class='ocrx_word' id='word_1_18' title='bbox 961 422 1127 482; x_wconf 79' lang='lat' dir='ltr'>fecundum:</span> 
     </span>
     <span class='ocr_line' id='line_1_4' title="bbox 124 502 1130 583; baseline 0 -21"><span class='ocrx_word' id='word_1_19' title='bbox 124 502 206 563; x_wconf 87' lang='lat' dir='ltr'>tarde</span> <span class='ocrx_word' id='word_1_20' title='bbox 230 502 396 581; x_wconf 80' lang='lat' dir='ltr'>mitescunt,</span> <span class='ocrx_word' id='word_1_21' title='bbox 428 503 486 563; x_wconf 87' lang='lat' dir='ltr'>oito</span> <span class='ocrx_word' id='word_1_22' title='bbox 509 505 697 582; x_wconf 80' lang='lat' dir='ltr'>proveniunt3</span> <span class='ocrx_word' id='word_1_23' title='bbox 728 505 888 583; x_wconf 88' lang='lat' dir='ltr'>eademqne</span> <span class='ocrx_word' id='word_1_24' title='bbox 913 506 1062 582; x_wconf 89' lang='lat' dir='ltr'>utriusque</span> <span class='ocrx_word' id='word_1_25' title='bbox 1086 505 1130 566; x_wconf 91' lang='lat' dir='ltr'>rei</span> 
     </span>
     <span class='ocr_line' id='line_1_5' title="bbox 124 585 1127 666; baseline 0.004 -20"><span class='ocrx_word' id='word_1_26' title='bbox 124 603 228 663; x_wconf 84' lang='lat' dir='ltr'>nausa,</span> <span class='ocrx_word' id='word_1_27' title='bbox 254 585 359 647; x_wconf 87' lang='lat' dir='ltr'>multus</span> <span class='ocrx_word' id='word_1_28' title='bbox 381 602 463 646; x_wconf 90' lang='lat' dir='ltr'>umor</span> <span class='ocrx_word' id='word_1_29' title='bbox 485 595 627 648; x_wconf 87' lang='lat' dir='ltr'>terrarum</span> <span class='ocrx_word' id='word_1_30' title='bbox 649 587 792 666; x_wconf 76' lang='lat' dir='ltr'>caelique.</span> <span class='ocrx_word' id='word_1_31' title='bbox 829 589 887 649; x_wconf 88' lang='lat' dir='ltr'>lert</span> <span class='ocrx_word' id='word_1_32' title='bbox 907 586 1051 647; x_wconf 82' lang='lat' dir='ltr'><strong>Britannia</strong></span> <span class='ocrx_word' id='word_1_33' title='bbox 1081 606 1127 650; x_wconf 88' lang='lat' dir='ltr'>au·</span> 
     </span>
     <span class='ocr_line' id='line_1_6' title="bbox 123 669 1130 751; baseline 0.003 -22"><span class='ocrx_word' id='word_1_34' title='bbox 123 687 185 730; x_wconf 90' lang='lat' dir='ltr'>rum</span> <span class='ocrx_word' id='word_1_35' title='bbox 209 679 238 730; x_wconf 90' lang='lat' dir='ltr'>et</span> <span class='ocrx_word' id='word_1_36' title='bbox 259 679 409 747; x_wconf 82' lang='lat' dir='ltr'>argentum</span> <span class='ocrx_word' id='word_1_37' title='bbox 430 678 460 730; x_wconf 88' lang='lat' dir='ltr'>et</span> <span class='ocrx_word' id='word_1_38' title='bbox 479 670 535 731; x_wconf 90' lang='lat' dir='ltr'>alia</span> <span class='ocrx_word' id='word_1_39' title='bbox 549 669 684 749; x_wconf 87' lang='lat' dir='ltr'>metalla,</span> <span class='ocrx_word' id='word_1_40' title='bbox 710 674 833 751; x_wconf 90' lang='lat' dir='ltr'>pretinm</span> <span class='ocrx_word' id='word_1_41' title='bbox 853 671 1005 732; x_wconf 82' lang='lat' dir='ltr'>vintoniae.</span> <span class='ocrx_word' id='word_1_42' title='bbox 1034 671 1130 749; x_wconf 75' lang='lat' dir='ltr'>gignit</span> 
     </span>
     <span class='ocr_line' id='line_1_7' title="bbox 53 752 1169 834; baseline 0 -20"><span class='ocrx_word' id='word_1_43' title='bbox 53 829 58 834; x_wconf 19' lang='grc' dir='ltr'><strong>μ</strong></span> <span class='ocrx_word' id='word_1_44' title='bbox 122 763 154 814; x_wconf 89' lang='lat' dir='ltr'>et</span> <span class='ocrx_word' id='word_1_45' title='bbox 172 753 306 815; x_wconf 81' lang='lat' dir='ltr'><strong>Oceanus</strong></span> <span class='ocrx_word' id='word_1_46' title='bbox 322 753 498 832; x_wconf 79' lang='lat' dir='ltr'>margarita,</span> <span class='ocrx_word' id='word_1_47' title='bbox 521 752 573 816; x_wconf 89' lang='lat' dir='ltr'>sed</span> <span class='ocrx_word' id='word_1_48' title='bbox 587 753 725 816; x_wconf 84' lang='lat' dir='ltr'>subiusoa</span> <span class='ocrx_word' id='word_1_49' title='bbox 744 773 780 816; x_wconf 87' lang='lat' dir='ltr'>ao</span> <span class='ocrx_word' id='word_1_50' title='bbox 794 755 921 815; x_wconf 84' lang='lat' dir='ltr'>liuentia.</span> <span class='ocrx_word' id='word_1_51' title='bbox 954 755 1067 833; x_wconf 88' lang='lat' dir='ltr'>qnidam</span> <span class='ocrx_word' id='word_1_52' title='bbox 1083 773 1169 816; x_wconf 81' lang='lat' dir='ltr'>arr-au</span> 
     </span>
     <span class='ocr_line' id='line_1_8' title="bbox 122 835 1129 913; baseline 0 -15"><span class='ocrx_word' id='word_1_53' title='bbox 122 849 182 898; x_wconf 87' lang='lat' dir='ltr'>tem</span> <span class='ocrx_word' id='word_1_54' title='bbox 205 837 313 898; x_wconf 88' lang='lat' dir='ltr'>abesse</span> <span class='ocrx_word' id='word_1_55' title='bbox 332 837 499 913; x_wconf 73' lang='lat' dir='ltr'>legentibus</span> <span class='ocrx_word' id='word_1_56' title='bbox 519 838 707 908; x_wconf 78' lang='lat' dir='ltr'>arbitrantur3</span> <span class='ocrx_word' id='word_1_57' title='bbox 731 857 794 899; x_wconf 91' lang='lat' dir='ltr'>nam</span> <span class='ocrx_word' id='word_1_58' title='bbox 819 839 848 898; x_wconf 94' lang='lat' dir='ltr'>in</span> <span class='ocrx_word' id='word_1_59' title='bbox 866 835 954 899; x_wconf 85' lang='lat' dir='ltr'>rdbro</span> <span class='ocrx_word' id='word_1_60' title='bbox 975 840 1046 899; x_wconf 88' lang='lat' dir='ltr'>mari</span> <span class='ocrx_word' id='word_1_61' title='bbox 1063 839 1129 899; x_wconf 85' lang='lat' dir='ltr'>vira</span> 
     </span>
     <span class='ocr_line' id='line_1_9' title="bbox 122 920 1130 1002; baseline 0.002 -22"><span class='ocrx_word' id='word_1_62' title='bbox 122 939 159 980; x_wconf 86' lang='lat' dir='ltr'>ao</span> <span class='ocrx_word' id='word_1_63' title='bbox 175 921 314 1000; x_wconf 75' lang='lat' dir='ltr'>spirantia</span> <span class='ocrx_word' id='word_1_64' title='bbox 329 922 407 980; x_wconf 88' lang='lat' dir='ltr'>saxis</span> <span class='ocrx_word' id='word_1_65' title='bbox 423 920 520 998; x_wconf 84' lang='lat' dir='ltr'>auelli,</span> <span class='ocrx_word' id='word_1_66' title='bbox 537 923 566 982; x_wconf 94' lang='lat' dir='ltr'>in</span> <span class='ocrx_word' id='word_1_67' title='bbox 580 921 735 1001; x_wconf 80' lang='lat' dir='ltr'>Britannia,</span> <span class='ocrx_word' id='word_1_68' title='bbox 750 932 837 1002; x_wconf 89' lang='lat' dir='ltr'>prout</span> <span class='ocrx_word' id='word_1_69' title='bbox 848 923 970 1002; x_wconf 83' lang='lat' dir='ltr'>expulsa</span> <span class='ocrx_word' id='word_1_70' title='bbox 985 923 1050 1002; x_wconf 78' lang='lat' dir='ltr'>sint,</span> <span class='ocrx_word' id='word_1_71' title='bbox 1069 923 1130 983; x_wconf 87' lang='lat' dir='ltr'>ool·</span> 
     </span>
     <span class='ocr_line' id='line_1_10' title="bbox 123 1003 1130 1087; baseline 0.002 -23"><span class='ocrx_word' id='word_1_72' title='bbox 123 1004 192 1081; x_wconf 76' lang='lat' dir='ltr'>ligi:</span> <span class='ocrx_word' id='word_1_73' title='bbox 208 1021 266 1081; x_wconf 75' lang='lat' dir='ltr'>ago</span> <span class='ocrx_word' id='word_1_74' title='bbox 281 1003 397 1064; x_wconf 79' lang='lat' dir='ltr'><strong>facilius</strong></span> <span class='ocrx_word' id='word_1_75' title='bbox 412 1003 585 1087; x_wconf 86' lang='lat' dir='ltr'>erediderim</span> <span class='ocrx_word' id='word_1_76' title='bbox 600 1016 730 1068; x_wconf 91' lang='lat' dir='ltr'>naturam</span> <span class='ocrx_word' id='word_1_77' title='bbox 745 1007 909 1084; x_wconf 78' lang='lat' dir='ltr'>margaritis</span> <span class='ocrx_word' id='word_1_78' title='bbox 924 1003 1032 1067; x_wconf 87' lang='lat' dir='ltr'>deesse</span> <span class='ocrx_word' id='word_1_79' title='bbox 1045 1024 1130 1086; x_wconf 87' lang='lat' dir='ltr'>quam</span> 
     </span>
     <span class='ocr_line' id='line_1_11' title="bbox 124 1086 941 1148; baseline 0 -2"><span class='ocrx_word' id='word_1_80' title='bbox 124 1086 208 1147; x_wconf 91' lang='lat' dir='ltr'>nobis</span> <span class='ocrx_word' id='word_1_81' title='bbox 224 1089 383 1148; x_wconf 81' lang='lat' dir='ltr'>avaritiam.</span> <span class='ocrx_word' id='word_1_82' title='bbox 938 1094 941 1098; x_wconf 87' lang='grc'><strong>’</strong></span> 
     </span>
    </p>

    <p class='ocr_par' dir='ltr' id='par_1_3' title="bbox 70 1171 1251 2508">
     <span class='ocr_line' id='line_1_12' title="bbox 171 1171 1251 1254; baseline 0.004 -24"><span class='ocrx_word' id='word_1_83' title='bbox 171 1249 172 1252; x_wconf 8' lang='grc' dir='ltr'><strong>Ἴ</strong></span> <span class='ocrx_word' id='word_1_84' title='bbox 190 1173 237 1233; x_wconf 84' lang='grc'>13.</span> <span class='ocrx_word' id='word_1_85' title='bbox 260 1171 321 1250; x_wconf 93' lang='lat' dir='ltr'>lpsi</span> <span class='ocrx_word' id='word_1_86' title='bbox 341 1172 468 1234; x_wconf 74' lang='lat' dir='ltr'>Britanni</span> <span class='ocrx_word' id='word_1_87' title='bbox 490 1173 627 1240; x_wconf 89' lang='lat' dir='ltr'>dileotnm</span> <span class='ocrx_word' id='word_1_88' title='bbox 648 1193 684 1236; x_wconf 89' lang='lat' dir='ltr'>ao</span> <span class='ocrx_word' id='word_1_89' title='bbox 700 1174 804 1236; x_wconf 88' lang='lat' dir='ltr'>tributa</span> <span class='ocrx_word' id='word_1_90' title='bbox 827 1183 856 1233; x_wconf 90' lang='lat' dir='ltr'>et</span> <span class='ocrx_word' id='word_1_91' title='bbox 870 1174 996 1234; x_wconf 79' lang='lat' dir='ltr'>iniuncta</span> <span class='ocrx_word' id='word_1_92' title='bbox 1016 1175 1251 1254; x_wconf 54' lang='lat' dir='ltr'>imperti-m</span> 
     </span>
     <span class='ocr_line' id='line_1_13' title="bbox 70 1255 1130 1335; baseline 0.007 -24"><span class='ocrx_word' id='word_1_93' title='bbox 70 1299 75 1310; x_wconf 68' lang='grc'>,</span> <span class='ocrx_word' id='word_1_94' title='bbox 123 1273 242 1315; x_wconf 90' lang='lat' dir='ltr'>munera</span> <span class='ocrx_word' id='word_1_95' title='bbox 264 1255 389 1334; x_wconf 80' lang='lat' dir='ltr'>impigre</span> <span class='ocrx_word' id='word_1_96' title='bbox 407 1257 531 1334; x_wconf 85' lang='lat' dir='ltr'>obeunt,</span> <span class='ocrx_word' id='word_1_97' title='bbox 554 1259 579 1318; x_wconf 93' lang='lat' dir='ltr'>si</span> <span class='ocrx_word' id='word_1_98' title='bbox 597 1258 718 1318; x_wconf 88' lang='lat' dir='ltr'>iniuriae</span> <span class='ocrx_word' id='word_1_99' title='bbox 740 1258 849 1319; x_wconf 91' lang='lat' dir='ltr'>absint:</span> <span class='ocrx_word' id='word_1_100' title='bbox 872 1257 925 1318; x_wconf 84' lang='lat' dir='ltr'>luas</span> <span class='ocrx_word' id='word_1_101' title='bbox 946 1275 1037 1335; x_wconf 72' lang='lat' dir='ltr'>aegre</span> <span class='ocrx_word' id='word_1_102' title='bbox 1056 1259 1130 1318; x_wconf 87' lang='lat' dir='ltr'>tole-</span> 
     </span>
     <span class='ocr_line' id='line_1_14' title="bbox 122 1338 1130 1420; baseline 0.002 -22"><span class='ocrx_word' id='word_1_103' title='bbox 122 1349 205 1414; x_wconf 88' lang='lat' dir='ltr'>rant,</span> <span class='ocrx_word' id='word_1_104' title='bbox 227 1340 283 1400; x_wconf 93' lang='lat' dir='ltr'>iam</span> <span class='ocrx_word' id='word_1_105' title='bbox 298 1338 397 1399; x_wconf 91' lang='lat' dir='ltr'>domiti</span> <span class='ocrx_word' id='word_1_106' title='bbox 412 1348 442 1399; x_wconf 88' lang='lat' dir='ltr'>ut</span> <span class='ocrx_word' id='word_1_107' title='bbox 456 1350 596 1419; x_wconf 85' lang='lat' dir='ltr'>pareant,</span> <span class='ocrx_word' id='word_1_108' title='bbox 616 1341 741 1402; x_wconf 91' lang='lat' dir='ltr'>nondum</span> <span class='ocrx_word' id='word_1_109' title='bbox 756 1352 786 1401; x_wconf 90' lang='lat' dir='ltr'>ut</span> <span class='ocrx_word' id='word_1_110' title='bbox 801 1343 939 1403; x_wconf 78' lang='lat' dir='ltr'>serviant.</span> <span class='ocrx_word' id='word_1_111' title='bbox 970 1343 1057 1419; x_wconf 78' lang='lat' dir='ltr'>igitur</span> <span class='ocrx_word' id='word_1_112' title='bbox 1071 1342 1130 1420; x_wconf 89' lang='lat' dir='ltr'>pri·</span> 
     </span>
     <span class='ocr_line' id='line_1_15' title="bbox 123 1423 1129 1485; baseline 0.001 -3"><span class='ocrx_word' id='word_1_113' title='bbox 123 1439 186 1482; x_wconf 90' lang='lat' dir='ltr'>mus</span> <span class='ocrx_word' id='word_1_114' title='bbox 207 1424 331 1481; x_wconf 92' lang='lat' dir='ltr'>omnium</span> <span class='ocrx_word' id='word_1_115' title='bbox 351 1423 546 1483; x_wconf 86' lang='lat' dir='ltr'>Rornanorum</span> <span class='ocrx_word' id='word_1_116' title='bbox 566 1423 648 1485; x_wconf 88' lang='lat' dir='ltr'>dirus</span> <span class='ocrx_word' id='word_1_117' title='bbox 669 1424 759 1484; x_wconf 89' lang='lat' dir='ltr'>lulius</span> <span class='ocrx_word' id='word_1_118' title='bbox 783 1444 846 1484; x_wconf 86' lang='lat' dir='ltr'>uum</span> <span class='ocrx_word' id='word_1_119' title='bbox 868 1425 998 1485; x_wconf 78' lang='lat' dir='ltr'>exercitu</span> <span class='ocrx_word' id='word_1_120' title='bbox 1020 1425 1129 1485; x_wconf 89' lang='lat' dir='ltr'>Britan-</span> 
     </span>
     <span class='ocr_line' id='line_1_16' title="bbox 124 1507 1155 1588; baseline 0.006 -22"><span class='ocrx_word' id='word_1_121' title='bbox 124 1507 200 1566; x_wconf 84' lang='lat' dir='ltr'>niam</span> <span class='ocrx_word' id='word_1_122' title='bbox 213 1507 383 1582; x_wconf 74' lang='lat' dir='ltr'>ingressus,</span> <span class='ocrx_word' id='word_1_123' title='bbox 403 1523 573 1585; x_wconf 82' lang='lat' dir='ltr'>quamquam</span> <span class='ocrx_word' id='word_1_124' title='bbox 593 1525 737 1587; x_wconf 88' lang='lat' dir='ltr'>prospera</span> <span class='ocrx_word' id='word_1_125' title='bbox 753 1526 850 1588; x_wconf 76' lang='lat' dir='ltr'>pugna</span> <span class='ocrx_word' id='word_1_126' title='bbox 865 1511 1002 1569; x_wconf 88' lang='lat' dir='ltr'>terruerit</span> <span class='ocrx_word' id='word_1_127' title='bbox 1019 1507 1155 1572; x_wconf 76' lang='lat' dir='ltr'>inuolues</span> 
     </span>
     <span class='ocr_line' id='line_1_17' title="bbox 124 1589 1131 1670; baseline 0 -20"><span class='ocrx_word' id='word_1_128' title='bbox 124 1607 160 1650; x_wconf 87' lang='lat' dir='ltr'>au</span> <span class='ocrx_word' id='word_1_129' title='bbox 179 1589 267 1649; x_wconf 89' lang='lat' dir='ltr'>litore</span> <span class='ocrx_word' id='word_1_130' title='bbox 288 1590 397 1668; x_wconf 90' lang='lat' dir='ltr'>potitus</span> <span class='ocrx_word' id='word_1_131' title='bbox 412 1591 463 1668; x_wconf 86' lang='lat' dir='ltr'>sit,</span> <span class='ocrx_word' id='word_1_132' title='bbox 486 1599 585 1670; x_wconf 86' lang='lat' dir='ltr'>potest</span> <span class='ocrx_word' id='word_1_133' title='bbox 604 1590 698 1652; x_wconf 85' lang='lat' dir='ltr'>uideri</span> <span class='ocrx_word' id='word_1_134' title='bbox 717 1592 882 1654; x_wconf 79' lang='lat' dir='ltr'>ostendisse</span> <span class='ocrx_word' id='word_1_135' title='bbox 903 1593 1049 1670; x_wconf 85' lang='lat' dir='ltr'>posteris,</span> <span class='ocrx_word' id='word_1_136' title='bbox 1072 1609 1131 1652; x_wconf 93' lang='lat' dir='ltr'>non</span> 
     </span>
     <span class='ocr_line' id='line_1_18' title="bbox 125 1672 1130 1756; baseline 0 -22"><span class='ocrx_word' id='word_1_137' title='bbox 125 1672 289 1734; x_wconf 82' lang='lat' dir='ltr'>tradidisse.</span> <span class='ocrx_word' id='word_1_138' title='bbox 318 1690 387 1734; x_wconf 84' lang='lat' dir='ltr'>mox</span> <span class='ocrx_word' id='word_1_139' title='bbox 404 1673 484 1734; x_wconf 87' lang='lat' dir='ltr'>bella</span> <span class='ocrx_word' id='word_1_140' title='bbox 502 1674 599 1735; x_wconf 86' lang='lat' dir='ltr'>oivilia</span> <span class='ocrx_word' id='word_1_141' title='bbox 617 1683 646 1734; x_wconf 87' lang='lat' dir='ltr'>et</span> <span class='ocrx_word' id='word_1_142' title='bbox 665 1677 695 1734; x_wconf 93' lang='lat' dir='ltr'>iu</span> <span class='ocrx_word' id='word_1_143' title='bbox 709 1676 934 1756; x_wconf 73' lang='lat' dir='ltr'>rempublicam</span> <span class='ocrx_word' id='word_1_144' title='bbox 949 1694 1036 1737; x_wconf 85' lang='lat' dir='ltr'>versa</span> <span class='ocrx_word' id='word_1_145' title='bbox 1052 1676 1130 1755; x_wconf 90' lang='lat' dir='ltr'>prin·</span> 
     </span>
     <span class='ocr_line' id='line_1_19' title="bbox 126 1757 1129 1840; baseline 0 -22"><span class='ocrx_word' id='word_1_146' title='bbox 126 1758 222 1836; x_wconf 85' lang='lat' dir='ltr'>eipum</span> <span class='ocrx_word' id='word_1_147' title='bbox 237 1775 334 1834; x_wconf 86' lang='lat' dir='ltr'>arma,</span> <span class='ocrx_word' id='word_1_148' title='bbox 348 1775 383 1817; x_wconf 88' lang='lat' dir='ltr'>ao</span> <span class='ocrx_word' id='word_1_149' title='bbox 394 1757 488 1835; x_wconf 76' lang='lat' dir='ltr'>&#39;longa</span> <span class='ocrx_word' id='word_1_150' title='bbox 506 1757 616 1819; x_wconf 85' lang='lat' dir='ltr'>oblivio</span> <span class='ocrx_word' id='word_1_151' title='bbox 630 1758 795 1820; x_wconf 86' lang='lat' dir='ltr'>Britanniae</span> <span class='ocrx_word' id='word_1_152' title='bbox 810 1761 895 1820; x_wconf 88' lang='lat' dir='ltr'>etiam</span> <span class='ocrx_word' id='word_1_153' title='bbox 909 1761 939 1820; x_wconf 92' lang='lat' dir='ltr'>in</span> <span class='ocrx_word' id='word_1_154' title='bbox 953 1777 1043 1840; x_wconf 86' lang='lat' dir='ltr'>paee:</span> <span class='ocrx_word' id='word_1_155' title='bbox 1061 1776 1129 1820; x_wconf 81' lang='lat' dir='ltr'>oon-</span> 
     </span>
     <span class='ocr_line' id='line_1_20' title="bbox 123 1841 1128 1923; baseline 0 -21"><span class='ocrx_word' id='word_1_156' title='bbox 123 1841 219 1902; x_wconf 91' lang='lat' dir='ltr'>silium</span> <span class='ocrx_word' id='word_1_157' title='bbox 230 1842 259 1903; x_wconf 96' lang='lat' dir='ltr'>id</span> <span class='ocrx_word' id='word_1_158' title='bbox 274 1842 356 1902; x_wconf 87' lang='lat' dir='ltr'>divus</span> <span class='ocrx_word' id='word_1_159' title='bbox 372 1841 521 1918; x_wconf 78' lang='lat' dir='ltr'>Angustos</span> <span class='ocrx_word' id='word_1_160' title='bbox 535 1843 674 1921; x_wconf 80' lang='lat' dir='ltr'>vocabat,</span> <span class='ocrx_word' id='word_1_161' title='bbox 693 1843 825 1903; x_wconf 77' lang='lat' dir='ltr'>Tiberius</span> <span class='ocrx_word' id='word_1_162' title='bbox 843 1853 1042 1923; x_wconf 79' lang='lat' dir='ltr'>praeceptum.</span> <span class='ocrx_word' id='word_1_163' title='bbox 1067 1844 1128 1920; x_wconf 80' lang='lat' dir='ltr'>agi·</span> 
     </span>
     <span class='ocr_line' id='line_1_21' title="bbox 123 1924 1166 2004; baseline -0.001 -18"><span class='ocrx_word' id='word_1_164' title='bbox 123 1935 204 1986; x_wconf 90' lang='lat' dir='ltr'>tasse</span> <span class='ocrx_word' id='word_1_165' title='bbox 227 1926 327 1988; x_wconf 81' lang='lat' dir='ltr'>Gaium</span> <span class='ocrx_word' id='word_1_166' title='bbox 349 1924 508 1986; x_wconf 51' lang='lat' dir='ltr'>¹Gaesarem</span> <span class='ocrx_word' id='word_1_167' title='bbox 530 1927 567 1988; x_wconf 84' lang='lat' dir='ltr'>de</span> <span class='ocrx_word' id='word_1_168' title='bbox 588 1928 718 1989; x_wconf 90' lang='lat' dir='ltr'>intranda</span> <span class='ocrx_word' id='word_1_169' title='bbox 741 1927 887 1989; x_wconf 87' lang='lat' dir='ltr'>Britannia</span> <span class='ocrx_word' id='word_1_170' title='bbox 909 1928 983 1987; x_wconf 87' lang='lat' dir='ltr'>satis</span> <span class='ocrx_word' id='word_1_171' title='bbox 1005 1935 1128 2004; x_wconf 85' lang='lat' dir='ltr'>onustat,</span> <span class='ocrx_word' id='word_1_172' title='bbox 1139 1945 1166 1985; x_wconf 86' lang='lat' dir='ltr'>m</span> 
     </span>
     <span class='ocr_line' id='line_1_22' title="bbox 123 2009 1129 2092; baseline 0 -22"><span class='ocrx_word' id='word_1_173' title='bbox 123 2011 152 2070; x_wconf 90' lang='lat' dir='ltr'>ui</span> <span class='ocrx_word' id='word_1_174' title='bbox 174 2009 266 2070; x_wconf 85' lang='lat' dir='ltr'>velox</span> <span class='ocrx_word' id='word_1_175' title='bbox 286 2010 404 2087; x_wconf 85' lang='lat' dir='ltr'>ingenio</span> <span class='ocrx_word' id='word_1_176' title='bbox 427 2009 528 2092; x_wconf 87' lang='lat' dir='ltr'>mobili</span> <span class='ocrx_word' id='word_1_177' title='bbox 547 2013 761 2091; x_wconf 86' lang='lat' dir='ltr'>paenitentiae,</span> <span class='ocrx_word' id='word_1_178' title='bbox 786 2021 816 2072; x_wconf 89' lang='lat' dir='ltr'>et</span> <span class='ocrx_word' id='word_1_179' title='bbox 836 2013 970 2089; x_wconf 79' lang='lat' dir='ltr'>ingentes</span> <span class='ocrx_word' id='word_1_180' title='bbox 989 2010 1129 2071; x_wconf 88' lang='lat' dir='ltr'>aduersus</span> 
     </span>
     <span class='ocr_line' id='line_1_23' title="bbox 122 2093 1129 2156; baseline -0.001 -2"><span class='ocrx_word' id='word_1_181' title='bbox 122 2093 305 2154; x_wconf 76' lang='lat' dir='ltr'>Germaniam</span> <span class='ocrx_word' id='word_1_182' title='bbox 328 2103 448 2154; x_wconf 81' lang='lat' dir='ltr'>conatus</span> <span class='ocrx_word' id='word_1_183' title='bbox 469 2093 576 2156; x_wconf 90' lang='lat' dir='ltr'>lrustra</span> <span class='ocrx_word' id='word_1_184' title='bbox 598 2095 730 2156; x_wconf 83' lang='lat' dir='ltr'>inissent.</span> <span class='ocrx_word' id='word_1_185' title='bbox 765 2095 851 2156; x_wconf 89' lang='lat' dir='ltr'>dirus·</span> <span class='ocrx_word' id='word_1_186' title='bbox 871 2093 1006 2156; x_wconf 78' lang='lat' dir='ltr'>Claudius</span> <span class='ocrx_word' id='word_1_187' title='bbox 1028 2103 1129 2155; x_wconf 84' lang='lat' dir='ltr'>auctor</span> 
     </span>
     <span class='ocr_line' id='line_1_24' title="bbox 125 2179 1129 2258; baseline 0.001 -22"><span class='ocrx_word' id='word_1_188' title='bbox 125 2181 224 2239; x_wconf 85' lang='lat' dir='ltr'>iterati</span> <span class='ocrx_word' id='word_1_189' title='bbox 262 2179 378 2257; x_wconf 85' lang='lat' dir='ltr'>operis,</span> <span class='ocrx_word' id='word_1_190' title='bbox 398 2179 572 2238; x_wconf 80' lang='lat' dir='ltr'>transvertis</span> <span class='ocrx_word' id='word_1_191' title='bbox 590 2179 757 2256; x_wconf 80' lang='lat' dir='ltr'>legionibus</span> <span class='ocrx_word' id='word_1_192' title='bbox 777 2179 952 2258; x_wconf 82' lang='lat' dir='ltr'>auxiliisque</span> <span class='ocrx_word' id='word_1_193' title='bbox 974 2187 1004 2238; x_wconf 90' lang='lat' dir='ltr'>et</span> <span class='ocrx_word' id='word_1_194' title='bbox 1017 2179 1129 2238; x_wconf 90' lang='lat' dir='ltr'>adsum·</span> 
     </span>
     <span class='ocr_line' id='line_1_25' title="bbox 125 2263 1129 2342; baseline 0.003 -24"><span class='ocrx_word' id='word_1_195' title='bbox 125 2269 176 2338; x_wconf 85' lang='lat' dir='ltr'>pto</span> <span class='ocrx_word' id='word_1_196' title='bbox 191 2263 219 2321; x_wconf 92' lang='lat' dir='ltr'>in</span> <span class='ocrx_word' id='word_1_197' title='bbox 235 2272 346 2340; x_wconf 86' lang='lat' dir='ltr'>partem</span> <span class='ocrx_word' id='word_1_198' title='bbox 361 2279 459 2322; x_wconf 87' lang='lat' dir='ltr'>rerum</span> <span class='ocrx_word' id='word_1_199' title='bbox 474 2263 673 2342; x_wconf 88' lang='lat' dir='ltr'>Vespasiano,</span> <span class='ocrx_word' id='word_1_200' title='bbox 693 2263 771 2342; x_wconf 87' lang='lat' dir='ltr'>qnod</span> <span class='ocrx_word' id='word_1_201' title='bbox 786 2264 893 2323; x_wconf 90' lang='lat' dir='ltr'>initium</span> <span class='ocrx_word' id='word_1_202' title='bbox 907 2271 1046 2323; x_wconf 88' lang='lat' dir='ltr'>reutnrae</span> <span class='ocrx_word' id='word_1_203' title='bbox 1060 2277 1129 2322; x_wconf 83' lang='lat' dir='ltr'>mox</span> 
     </span>
     <span class='ocr_line' id='line_1_26' title="bbox 125 2345 1164 2427; baseline 0.002 -25"><span class='ocrx_word' id='word_1_204' title='bbox 125 2345 258 2406; x_wconf 88' lang='lat' dir='ltr'>lortuuae</span> <span class='ocrx_word' id='word_1_205' title='bbox 273 2347 340 2407; x_wconf 90' lang='lat' dir='ltr'>init:</span> <span class='ocrx_word' id='word_1_206' title='bbox 363 2345 489 2406; x_wconf 88' lang='lat' dir='ltr'>domitae</span> <span class='ocrx_word' id='word_1_207' title='bbox 508 2355 630 2423; x_wconf 75' lang='lat' dir='ltr'>gentes,</span> <span class='ocrx_word' id='word_1_208' title='bbox 653 2349 729 2427; x_wconf 86' lang='lat' dir='ltr'>eapti</span> <span class='ocrx_word' id='word_1_209' title='bbox 744 2365 833 2424; x_wconf 78' lang='lat' dir='ltr'>reges</span> <span class='ocrx_word' id='word_1_210' title='bbox 850 2356 879 2408; x_wconf 87' lang='lat' dir='ltr'>et</span> <span class='ocrx_word' id='word_1_211' title='bbox 894 2353 1068 2407; x_wconf 86' lang='lat' dir='ltr'>monstratus</span> <span class='ocrx_word' id='word_1_212' title='bbox 1085 2346 1126 2407; x_wconf 86' lang='lat' dir='ltr'>ia·</span> <span class='ocrx_word' id='word_1_213' title='bbox 1136 2361 1164 2404; x_wconf 85' lang='lat' dir='ltr'>rs</span> 
     </span>
     <span class='ocr_line' id='line_1_27' title="bbox 126 2426 387 2508; baseline 0.008 -22"><span class='ocrx_word' id='word_1_214' title='bbox 126 2427 163 2486; x_wconf 87' lang='lat' dir='ltr'>tis</span> <span class='ocrx_word' id='word_1_215' title='bbox 178 2426 387 2508; x_wconf 86' lang='lat' dir='ltr'>Vespasianus.</span> 
     </span>
    </p>

    <p class='ocr_par' dir='ltr' id='par_1_4' title="bbox 123 2512 1256 3514">
     <span class='ocr_line' id='line_1_28' title="bbox 191 2512 1128 2594; baseline 0.002 -22"><span class='ocrx_word' id='word_1_216' title='bbox 191 2513 239 2572; x_wconf 80' lang='lat'>14.</span> <span class='ocrx_word' id='word_1_217' title='bbox 270 2512 471 2575; x_wconf 83' lang='lat' dir='ltr'>Consularium</span> <span class='ocrx_word' id='word_1_218' title='bbox 492 2514 600 2594; x_wconf 90' lang='lat' dir='ltr'>primus</span> <span class='ocrx_word' id='word_1_219' title='bbox 621 2514 713 2574; x_wconf 79' lang='lat' dir='ltr'>Aulus</span> <span class='ocrx_word' id='word_1_220' title='bbox 736 2513 863 2574; x_wconf 89' lang='lat' dir='ltr'>Plautius</span> <span class='ocrx_word' id='word_1_221' title='bbox 886 2515 1072 2594; x_wconf 90' lang='lat' dir='ltr'>praepositus</span> <span class='ocrx_word' id='word_1_222' title='bbox 1093 2531 1128 2574; x_wconf 89' lang='lat' dir='ltr'>uo</span> 
     </span>
     <span class='ocr_line' id='line_1_29' title="bbox 125 2595 1127 2677; baseline -0.002 -19"><span class='ocrx_word' id='word_1_223' title='bbox 125 2595 248 2658; x_wconf 89' lang='lat' dir='ltr'>subinde</span> <span class='ocrx_word' id='word_1_224' title='bbox 269 2595 402 2658; x_wconf 89' lang='lat' dir='ltr'>Ostorius</span> <span class='ocrx_word' id='word_1_225' title='bbox 419 2597 561 2677; x_wconf 77' lang='lat' dir='ltr'>Scapula,</span> <span class='ocrx_word' id='word_1_226' title='bbox 580 2606 703 2677; x_wconf 89' lang='lat' dir='ltr'>uterque</span> <span class='ocrx_word' id='word_1_227' title='bbox 722 2597 803 2656; x_wconf 90' lang='lat' dir='ltr'>bello</span> <span class='ocrx_word' id='word_1_228' title='bbox 819 2599 973 2675; x_wconf 64' lang='lat' dir='ltr'>egregium</span> <span class='ocrx_word' id='word_1_229' title='bbox 995 2597 1127 2658; x_wconf 87' lang='lat' dir='ltr'>redauta-</span> 
     </span>
     <span class='ocr_line' id='line_1_30' title="bbox 123 2679 1128 2762; baseline 0 -21"><span class='ocrx_word' id='word_1_230' title='bbox 123 2700 182 2762; x_wconf 79' lang='lat' dir='ltr'>qne</span> <span class='ocrx_word' id='word_1_231' title='bbox 197 2679 334 2760; x_wconf 88' lang='lat' dir='ltr'>paulatim</span> <span class='ocrx_word' id='word_1_232' title='bbox 347 2681 377 2741; x_wconf 94' lang='lat' dir='ltr'>in</span> <span class='ocrx_word' id='word_1_233' title='bbox 393 2682 515 2742; x_wconf 81' lang='lat' dir='ltr'>formam</span> <span class='ocrx_word' id='word_1_234' title='bbox 530 2683 698 2760; x_wconf 77' lang='lat' dir='ltr'>provinciae</span> <span class='ocrx_word' id='word_1_235' title='bbox 714 2681 845 2760; x_wconf 88' lang='lat' dir='ltr'>proxima</span> <span class='ocrx_word' id='word_1_236' title='bbox 864 2698 932 2759; x_wconf 90' lang='lat' dir='ltr'>pars</span> <span class='ocrx_word' id='word_1_237' title='bbox 949 2681 1128 2750; x_wconf 66' lang='lat' dir='ltr'>Britanniam</span> 
     </span>
     <span class='ocr_line' id='line_1_31' title="bbox 124 2763 1128 2844; baseline -0.002 -18"><span class='ocrx_word' id='word_1_238' title='bbox 124 2765 221 2826; x_wconf 90' lang='lat' dir='ltr'>addita</span> <span class='ocrx_word' id='word_1_239' title='bbox 242 2765 362 2844; x_wconf 88' lang='lat' dir='ltr'>insuper</span> <span class='ocrx_word' id='word_1_240' title='bbox 378 2773 581 2826; x_wconf 86' lang='lat' dir='ltr'>veteranorum</span> <span class='ocrx_word' id='word_1_241' title='bbox 600 2765 726 2829; x_wconf 78' lang='lat' dir='ltr'>colonia.</span> <span class='ocrx_word' id='word_1_242' title='bbox 758 2765 897 2843; x_wconf 84' lang='lat' dir='ltr'>quaedam</span> <span class='ocrx_word' id='word_1_243' title='bbox 920 2765 1051 2824; x_wconf 83' lang='lat' dir='ltr'>ciuitates</span> <span class='ocrx_word' id='word_1_244' title='bbox 1072 2763 1128 2824; x_wconf 81' lang='lat' dir='ltr'>Go-</span> 
     </span>
     <span class='ocr_line' id='line_1_32' title="bbox 123 2846 1256 2933; baseline 0.005 -25"><span class='ocrx_word' id='word_1_245' title='bbox 123 2848 262 2928; x_wconf 74' lang='lat' dir='ltr'>gidnmno</span> <span class='ocrx_word' id='word_1_246' title='bbox 282 2848 350 2933; x_wconf 71' lang='lat' dir='ltr'>regi</span> <span class='ocrx_word' id='word_1_247' title='bbox 361 2846 487 2910; x_wconf 84' lang='lat' dir='ltr'>donatae</span> <span class='ocrx_word' id='word_1_248' title='bbox 509 2852 550 2929; x_wconf 89' lang='lat' dir='ltr'>(is</span> <span class='ocrx_word' id='word_1_249' title='bbox 569 2849 605 2909; x_wconf 90' lang='lat' dir='ltr'>ad</span> <span class='ocrx_word' id='word_1_250' title='bbox 618 2857 746 2910; x_wconf 87' lang='lat' dir='ltr'>nostram</span> <span class='ocrx_word' id='word_1_251' title='bbox 762 2867 854 2928; x_wconf 86' lang='lat' dir='ltr'>usqua</span> <span class='ocrx_word' id='word_1_252' title='bbox 869 2849 1036 2909; x_wconf 87' lang='lat' dir='ltr'>memoriam</span> <span class='ocrx_word' id='word_1_253' title='bbox 1052 2847 1153 2911; x_wconf 82' lang='lat' dir='ltr'>lidia-s</span> <span class='ocrx_word' id='word_1_254' title='bbox 1253 2910 1256 2914; x_wconf 84' lang='lat'>.</span> 
     </span>
     <span class='ocr_line' id='line_1_33' title="bbox 123 2932 1129 3012; baseline -0.002 -20"><span class='ocrx_word' id='word_1_255' title='bbox 123 2936 214 2993; x_wconf 86' lang='lat' dir='ltr'>simus</span> <span class='ocrx_word' id='word_1_256' title='bbox 229 2933 367 3011; x_wconf 87' lang='lat' dir='ltr'>mansit),</span> <span class='ocrx_word' id='word_1_257' title='bbox 384 2943 488 2994; x_wconf 84' lang='lat' dir='ltr'>vetere</span> <span class='ocrx_word' id='word_1_258' title='bbox 503 2950 540 2992; x_wconf 86' lang='lat' dir='ltr'>ao</span> <span class='ocrx_word' id='word_1_259' title='bbox 556 2935 610 2994; x_wconf 93' lang='lat' dir='ltr'>iam</span> <span class='ocrx_word' id='word_1_260' title='bbox 627 2932 737 3012; x_wconf 90' lang='lat' dir='ltr'>pridem</span> <span class='ocrx_word' id='word_1_261' title='bbox 753 2941 873 3012; x_wconf 85' lang='lat' dir='ltr'>recepta</span> <span class='ocrx_word' id='word_1_262' title='bbox 890 2933 992 3011; x_wconf 91' lang='lat' dir='ltr'>populi</span> <span class='ocrx_word' id='word_1_263' title='bbox 1006 2933 1129 2992; x_wconf 86' lang='lat' dir='ltr'>Romani</span> 
     </span>
     <span class='ocr_line' id='line_1_34' title="bbox 126 3012 1127 3093; baseline -0.002 -17"><span class='ocrx_word' id='word_1_264' title='bbox 126 3014 351 3093; x_wconf 82' lang='lat' dir='ltr'>eonsuetudine‚</span> <span class='ocrx_word' id='word_1_265' title='bbox 384 3027 414 3078; x_wconf 91' lang='lat' dir='ltr'>ut</span> <span class='ocrx_word' id='word_1_266' title='bbox 443 3012 565 3077; x_wconf 76' lang='lat' dir='ltr'>babebat</span> <span class='ocrx_word' id='word_1_267' title='bbox 590 3021 776 3078; x_wconf 87' lang='lat' dir='ltr'>instrumenta</span> <span class='ocrx_word' id='word_1_268' title='bbox 803 3018 950 3077; x_wconf 84' lang='lat' dir='ltr'>servitutis</span> <span class='ocrx_word' id='word_1_269' title='bbox 975 3026 1004 3076; x_wconf 89' lang='lat' dir='ltr'>et</span> <span class='ocrx_word' id='word_1_270' title='bbox 1027 3034 1127 3092; x_wconf 78' lang='lat' dir='ltr'>reges.</span> 
     </span>
     <span class='ocr_line' id='line_1_35' title="bbox 124 3097 1127 3181; baseline 0 -23"><span class='ocrx_word' id='word_1_271' title='bbox 124 3114 195 3158; x_wconf 84' lang='lat' dir='ltr'>mox</span> <span class='ocrx_word' id='word_1_272' title='bbox 208 3097 309 3158; x_wconf 90' lang='lat' dir='ltr'>Didius</span> <span class='ocrx_word' id='word_1_273' title='bbox 324 3097 422 3161; x_wconf 84' lang='lat' dir='ltr'>Gallus</span> <span class='ocrx_word' id='word_1_274' title='bbox 441 3109 554 3181; x_wconf 90' lang='lat' dir='ltr'>partaa</span> <span class='ocrx_word' id='word_1_275' title='bbox 573 3101 718 3178; x_wconf 89' lang='lat' dir='ltr'>prioribus</span> <span class='ocrx_word' id='word_1_276' title='bbox 732 3101 886 3177; x_wconf 85' lang='lat' dir='ltr'>eontinnit‚</span> <span class='ocrx_word' id='word_1_277' title='bbox 907 3101 1009 3178; x_wconf 79' lang='lat' dir='ltr'>paneis</span> <span class='ocrx_word' id='word_1_278' title='bbox 1027 3099 1127 3159; x_wconf 90' lang='lat' dir='ltr'>adrno·</span> 
     </span>
     <span class='ocr_line' id='line_1_36' title="bbox 125 3173 1127 3265; baseline 0 -23"><span class='ocrx_word' id='word_1_279' title='bbox 125 3173 192 3242; x_wconf 88' lang='lat' dir='ltr'>dum</span> <span class='ocrx_word' id='word_1_280' title='bbox 208 3181 336 3243; x_wconf 83' lang='lat' dir='ltr'>rastellis</span> <span class='ocrx_word' id='word_1_281' title='bbox 356 3185 386 3243; x_wconf 93' lang='lat' dir='ltr'>in</span> <span class='ocrx_word' id='word_1_282' title='bbox 401 3183 540 3244; x_wconf 89' lang='lat' dir='ltr'>ulteriora</span> <span class='ocrx_word' id='word_1_283' title='bbox 556 3187 710 3263; x_wconf 86' lang='lat' dir='ltr'>promotis,</span> <span class='ocrx_word' id='word_1_284' title='bbox 733 3204 787 3265; x_wconf 88' lang='lat' dir='ltr'>per</span> <span class='ocrx_word' id='word_1_285' title='bbox 805 3202 880 3263; x_wconf 88' lang='lat' dir='ltr'>quae</span> <span class='ocrx_word' id='word_1_286' title='bbox 902 3185 977 3245; x_wconf 88' lang='lat' dir='ltr'>lama</span> <span class='ocrx_word' id='word_1_287' title='bbox 992 3184 1068 3243; x_wconf 83' lang='lat' dir='ltr'>aneti</span> <span class='ocrx_word' id='word_1_288' title='bbox 1084 3183 1127 3242; x_wconf 86' lang='lat' dir='ltr'>oi·</span> 
     </span>
     <span class='ocr_line' id='line_1_37' title="bbox 126 3266 1166 3347; baseline -0.007 -21"><span class='ocrx_word' id='word_1_289' title='bbox 126 3266 185 3326; x_wconf 88' lang='lat' dir='ltr'>lloii</span> <span class='ocrx_word' id='word_1_290' title='bbox 207 3275 405 3344; x_wconf 82' lang='lat' dir='ltr'>quaereretur.</span> <span class='ocrx_word' id='word_1_291' title='bbox 442 3267 556 3327; x_wconf 86' lang='lat' dir='ltr'>Didium</span> <span class='ocrx_word' id='word_1_292' title='bbox 575 3268 718 3330; x_wconf 89' lang='lat' dir='ltr'>Veranius</span> <span class='ocrx_word' id='word_1_293' title='bbox 737 3269 870 3346; x_wconf 80' lang='lat' dir='ltr'>excepit,</span> <span class='ocrx_word' id='word_1_294' title='bbox 892 3269 975 3347; x_wconf 85' lang='lat' dir='ltr'>isque</span> <span class='ocrx_word' id='word_1_295' title='bbox 990 3269 1064 3324; x_wconf 90' lang='lat' dir='ltr'>intra</span> <span class='ocrx_word' id='word_1_296' title='bbox 1080 3277 1166 3322; x_wconf 75' lang='lat' dir='ltr'>auro</span> 
     </span>
     <span class='ocr_line' id='line_1_38' title="bbox 123 3350 1129 3428; baseline -0.004 -18"><span class='ocrx_word' id='word_1_297' title='bbox 123 3367 193 3410; x_wconf 88' lang='lat' dir='ltr'>num</span> <span class='ocrx_word' id='word_1_298' title='bbox 207 3350 351 3410; x_wconf 79' lang='lat' dir='ltr'>extinctus</span> <span class='ocrx_word' id='word_1_299' title='bbox 366 3359 419 3411; x_wconf 87' lang='lat' dir='ltr'>ast.</span> <span class='ocrx_word' id='word_1_300' title='bbox 444 3350 600 3411; x_wconf 89' lang='lat' dir='ltr'>Suetonius</span> <span class='ocrx_word' id='word_1_301' title='bbox 615 3353 683 3413; x_wconf 84' lang='lat' dir='ltr'>bine</span> <span class='ocrx_word' id='word_1_302' title='bbox 693 3353 828 3413; x_wconf 88' lang='lat' dir='ltr'>Paulinus</span> <span class='ocrx_word' id='word_1_303' title='bbox 838 3351 954 3410; x_wconf 87' lang='lat' dir='ltr'>biennio</span> <span class='ocrx_word' id='word_1_304' title='bbox 969 3365 1129 3428; x_wconf 89' lang='lat' dir='ltr'>prosperas</span> 
     </span>
     <span class='ocr_line' id='line_1_39' title="bbox 125 3431 1130 3514; baseline -0.009 -18"><span class='ocrx_word' id='word_1_305' title='bbox 125 3451 176 3496; x_wconf 89' lang='lat' dir='ltr'>res</span> <span class='ocrx_word' id='word_1_306' title='bbox 195 3431 312 3514; x_wconf 82' lang='lat' dir='ltr'>babuit,</span> <span class='ocrx_word' id='word_1_307' title='bbox 333 3433 461 3510; x_wconf 77' lang='lat' dir='ltr'>subactis</span> <span class='ocrx_word' id='word_1_308' title='bbox 483 3435 647 3498; x_wconf 87' lang='lat' dir='ltr'>nationibus</span> <span class='ocrx_word' id='word_1_309' title='bbox 667 3438 843 3514; x_wconf 83' lang='lat' dir='ltr'>firmatisque</span> <span class='ocrx_word' id='word_1_310' title='bbox 864 3432 1028 3514; x_wconf 87' lang='lat' dir='ltr'>praesidiis;</span> <span class='ocrx_word' id='word_1_311' title='bbox 1056 3445 1130 3506; x_wconf 83' lang='lat' dir='ltr'>quo·</span> 
     </span>
    </p>
   </div>
   <div class='ocr_carea' id='block_1_3' title="bbox 0 0 1272 3870">
    <p class='ocr_par' dir='ltr' id='par_1_5' title="bbox 0 0 1272 3870">
     <span class='ocr_line' id='line_1_40' title="bbox 0 0 1272 3870; baseline 0 0"><span class='ocrx_word' id='word_1_312' title='bbox 0 0 1272 3870; x_wconf 95' lang='lat' dir='ltr'> </span> 
     </span>
    </p>
   </div>
  </div>
 </body>
</html>
