2568 3870
438 205 542 252 manu
556 206 594 253 ιι.
618 205 693 254 oue.
707 203 828 258 tto-66.
1083 193 1123 256 73

130 358 240 420 addidit
260 365 427 435 temptatam
449 356 597 417 cohortem
618 374 691 436 quac
712 356 811 417 Ostiae
837 366 953 435 agerem
981 376 1036 418 nec
1057 361 1125 420 ullis

131 451 272 503 tantorum
297 441 442 499 criminum
464 439 682 517 probationibus
703 441 731 499 in
740 441 944 520 paenitentiam
962 459 1063 501 versus
1078 461 1124 502 se·

130 542 200 586 ram·
211 523 326 582 veniam
349 531 417 601 post
434 522 530 581 scelus
547 522 715 600 quaerebat.
750 531 930 583 cunctantem
944 541 1032 602 super
1047 534 1123 586 tauta
1134 539 1159 581 ιι

130 627 164 668 re
187 606 317 668 Flavium
338 603 474 664 Sabinum
494 605 603 665 Triaria
623 604 654 664 L.
670 605 783 667 Vitellii
799 622 887 682 uxor,
905 605 978 666 ultra
993 609 1131 668 feminam.

130 693 235 766 leros,
246 686 351 748 terruit
365 703 402 744 ue
414 703 432 745 e
445 687 578 785 periculo
598 688 743 786 principis
756 688 859 748 lamam
885 689 1056 750 clementiae
1079 691 1125 750 ad

130 774 265 833 iectaret.
295 766 419 830 Sabinus
433 770 565 866 suopte·
557 772 673 847 ingenio
684 771 775 847 mitis,
790 769 838 830 ubi
853 771 998 832 lormido'
990 775 1125 834 incessis·
1171 835 1176 840 ,

130 864 196 931 set,
210 852 306 914 lacilis
320 858 427 912 mutatu
442 861 479 911 ct
485 851 618 912 inalieno
634 853 796 926 discrimine
812 852 868 914 sibi
883 872 1006 935 pavens,
1023 873 1060 915 ne
1075 856 1125 917 ad·

131 939 248 999 levasse
264 933 412 994 videretur
412 935 536 1012 ,inpulit
550 944 689 996 ruentem.
1136 951 1162 992 rs

197 1017 247 1076 64.
269 1016 360 1094 lqitur
375 1016 511 1078 Vitellius
533 1027 609 1077 metu
625 1027 654 1078 et
674 1018 759 1095 odio,
782 1018 860 1097 qnod
879 1018 1041 1081 Petroniam
1056 1039 1126 1081 uxo·
1126 1055 1239 1109 ····--;
1280 1069 1281 1074 1

101 1165 107 1174 ,
133 1117 196 1161 rem
212 1101 273 1160 elus
286 1116 352 1160 mox
365 1098 544 1160 Dolabella'
535 1119 563 1160 ιιι
579 1063 786 1160 matrimonium
798 1103 973 1180 accepisset,
994 1114 1127 1165 uocatum

133 1181 355 1263 perepistulas,
371 1184 458 1242 vitata
472 1181 628 1244 Flaminiae
644 1186 708 1244 viae
727 1183 897 1244 celebritate
914 1185 1067 1246 devertere
1081 1187 1126 1248 ln·

131 1266 299 1329 teramnium
311 1273 406 1343 atquc
426 1265 466 1325 ibi
489 1265 613 1326 interlici
633 1267 725 1327 iussit.
753 1266 870 1343 longum
890 1268 1070 1329 interfectori
1085 1271 1126 1328 ιι·

130 1367 210 1411 sum:
231 1349 260 1408 in
273 1349 376 1408 itinere
392 1365 426 1407 ac
442 1347 562 1408 taberna
576 1349 737 1426 proiectum
752 1348 827 1409 bnmi
849 1349 999 1449 iugulavit,
1023 1367 1152 1430 magnas

131 1450 196 1492 cum
210 1430 315 1490 invidia
327 1448 395 1490 nour
388 1431 596 1509 principatus,
615 1432 694 1492 cuins
708 1430 765 1492 boc
781 1432 908 1512 primum
912 1435 1062 1509 specimen
1076 1451 1125 1494 uo·

130 1510 277 1577 scebatur.
306 1522 336 1573 et
350 1512 478 1574 Triariae
501 1513 645 1574 licentiam
666 1513 827 1574 modestum
847 1532 864 1574 e
881 1517 1013 1614 proximo
1028 1534 1126 1576 enem-

128 1598 210 1746 ‘plum
229 1594 383 1669 onerabat,
400 1595 516 1656 Galeria
533 1597 714 1675 imperatoris
729 1614 802 1657 uxor
835 1615 893 1658 nou
909 1598 1025 1659 inmixta
1040 1599 1126 1661 tristi-

152 1698 201 1739 us·
230 1687 260 1741 et
282 1680 344 1757 pari
367 1678 514 1778 probitate
534 1689 627 1740 mater
645 1680 828 1741 Vitelliorum
848 1681 979 1758 Sextilia,
1017 1682 1126 1761 antiqui

81 1816 84 1820 ,
129 1765 236 1824 moris:
255 1761 363 1823 dixisse
379 1763 540 1839 quinetiam
556 1761 592 1822 ad
609 1764 714 1841 primas
729 1763 779 1822 lilii
792 1763 836 1824 sui
855 1762 996 1842 epistulas
1009 1764 1163 1830 loteba-ro
1280 1799 1281 1804 1

3 1855 5 1920 ῖς
128 1857 194 1922 tur,
214 1862 271 1905 non
287 1844 486 1905 Germanicum
508 1864 525 1905 a
545 1863 579 1906 se
593 1845 645 1905 sed
664 1846 812 1907 Vitellium
826 1848 961 1923 genitum.
982 1864 1046 1908 nec
1061 1846 1127 1908 ullis

4 1929 5 1950 ³
129 1938 233 2011 postea
261 1928 396 1988 iortuuae
423 1926 581 1988 inlecebris
613 1937 660 1988 aut
682 1927 786 1990 ambitu
807 1929 954 1990 civitatis
945 1947 973 1988 ιιι
992 1930 1127 2008 gaudium

126 2013 242 2090 evicta,
260 2010 362 2071 domus
377 2027 448 2070 suas
461 2019 568 2070 tantum
585 2010 708 2072 adversa
723 2013 823 2072 sensit.

189 2095 239 2156 65
261 2094 434 2171 Digressum
455 2093 644 2170 aLugudnuo
666 2094 814 2155 Vitellium
829 2092 948 2155 Cluvius
965 2094 1056 2155 liuius
1078 2094 1126 2156 ad·

125 2178 273 2256 sequitur,
298 2177 406 2238 omissa
426 2175 563 2256 Hispania
585 2177 721 2239 laetitiam
742 2185 772 2237 st
796 2177 1017 2254 gratulationem
1047 2177 1128 2238 voltu

3 2271 5 2314 ἰ
126 2265 243 2338 lenens,
268 2261 363 2321 animo
385 2260 486 2320 auxius
506 2267 536 2320 et
551 2262 670 2340 petitum
694 2279 728 2321 se
751 2259 994 2319 criminationibus
1007 2277 1125 2337 gnarus.

81 2413 83 2418 ,
126 2345 254 2406 llilarius
277 2341 412 2404 Caesaris
434 2342 556 2404 libertus
570 2343 731 2419 detulerat,
748 2352 890 2420 tamquam
905 2340 1000 2403 audito
1016 2341 1128 2405 Vitellii

128 2436 159 2488 et
174 2427 295 2487 Othonis
317 2427 480 2505 principatu
493 2427 641 2505 propriam
660 2427 725 2506 ipse
743 2425 901 2504 potentiam
916 2433 945 2484 st
961 2427 1113 2503 possessio
1139 2445 1150 2482 ι

3 2513 5 2518 ’
128 2528 195 2588 uem
216 2509 417 2589 Hispaniarum
448 2518 635 2588 temptasset,
665 2526 761 2588 eoque
787 2506 989 2586 diplomatibus
1021 2506 1128 2566 nullum

127 2593 290 2675 principem
300 2592 556 2672 praescripsissem
571 2599 601 2653 ct
612 2590 855 2670 interpretabatur
869 2589 1053 2670 quaedsmex
1064 2607 1128 2651 ora·
1176 2582 1187 2664 J

4 2677 5 2680 ’
125 2675 254 2738 tionibus
270 2678 332 2737 eius
347 2675 559 2736 contumeliosa
573 2676 602 2734 in
618 2675 765 2737 Vitellium
784 2683 814 2735 et
829 2693 883 2752 pro
899 2692 932 2735 se
955 2675 1021 2753 ipso
1037 2690 1127 2752 popu·

126 2760 210 2823 laria.
244 2759 404 2819 auctoritas
425 2756 518 2818 Cluvii
545 2758 720 2837 praevaluit,
745 2766 774 2818 ut
793 2759 887 2835 puniri
901 2755 977 2818 ultro
993 2755 1128 2818 libertum

126 2861 208 2905 suum
225 2841 362 2904 Vitellius
377 2841 500 2902 iuberet.
531 2839 649 2902 Cluvius
667 2842 812 2902 comitatui
832 2841 972 2920 principis
986 2839 1164 2918 adiectoque

127 2946 188 2989 nou
200 2927 333 3006 adempta
339 2925 488 3006 Hispania,
503 2945 586 3006 quam
598 2931 676 2989 rexit
689 2929 795 2989 absens
809 2927 944 3004 exemplo
954 2925 984 2985 L.
993 2925 1122 2985 Arrunti.

126 3012 203 3072 bunc
224 3009 359 3072 Tiberius
381 3007 491 3072 Caesar
519 3012 557 3071 ob
584 3019 709 3085 metum,
735 3011 873 3071 Vitellius
896 3009 1026 3070 Cluuium
1048 3007 1126 3068 nulla

3 3113 5 3134 ³
124 3095 279 3158 tormidine
291 3093 443 3154 retinebat.
460 3111 518 3154 oon
529 3091 603 3152 idem
610 3090 890 3154 Trebelliollaximo
906 3091 1014 3152 bonos:
1029 3089 1126 3168 proin·

124 3188 212 3258 gerat
232 3178 380 3238 Britannia
402 3175 440 3237 ob
457 3175 633 3238 iracundiam
648 3174 784 3244 militum
806 3175 912 3235 missus
927 3183 972 3234 est
987 3174 1015 3232 in
1031 3171 1127 3234 locum

125 3263 189 3322 eins
205 3263 319 3322 Vettios
336 3259 492 3320 Bolanuse
508 3259 720 3338 praesentibus.
1137 3276 1161 3316 rs

190 3345 241 3406 66.
265 3341 401 3420 Angebat
424 3341 572 3402 Vitellium
591 3343 730 3403 uictarum
746 3341 894 3420 legionum
907 3340 1126 3416 haudquaquam

126 3428 236 3488 lractus
252 3428 371 3487 animus.
406 3443 527 3505 sparsae
544 3444 599 3505 per
618 3424 728 3485 ltaliam
744 3433 776 3485 et
788 3423 949 3483 victoribus
965 3421 1126 3502 permixtae
