2540 3874
105 133 108 138 A
166 167 223 228 106
417 174 583 224 comuni
597 170 909 222 rscrursnsamurr

161 337 235 397 ritas
256 331 397 407 Veneris,
425 329 683 392 Stratonicensium
706 326 784 388 lovis
807 335 835 386 et
856 324 971 387 'lririae
994 325 1168 404 religionem

128 416 323 482 intuebantur.
370 415 454 476 altius
484 412 993 490 Hierocaesariensesexposuere,
1019 409 1168 470 Persicam

162 502 238 583 apud
254 519 287 561 se
303 499 435 576 Dianam,
451 498 603 560 delubrum
617 514 690 574 rege
708 494 786 572 Gyro
809 495 949 563 dicatum;
976 501 1006 554 ct
1024 511 1169 556 memora-

161 588 265 649 bantur
285 584 472 664 Perpennae,
495 581 615 644 lsanrici
640 581 786 660 multaque
809 579 866 641 alia
890 579 1095 657 imperatorum
1115 596 1169 638 no·

47 693 49 698 ·
161 672 253 746 mina,
279 669 327 749 qui
349 685 407 728 uon
429 668 515 728 modo
539 665 649 745 templo
672 665 725 727 sed
748 663 861 726 duobus
889 660 1004 723 milibus
1032 681 1171 741 passuum

163 756 284 816 eandem
300 753 481 813 sanctitatem
497 749 664 814 tribuerant.
699 749 775 809 enim
791 745 892 827 Cyprii
914 745 1005 807 tribus
1023 747 1062 808 de
1085 746 1172 808 delu-

128 857 153 898 rs
162 841 241 914 bris,
265 853 385 914 quornm
405 835 632 896 uetustissimum·
652 832 780 913 Paphiae
803 832 912 892 Veneri
933 839 1036 892 auctor
1050 830 1169 908 Atrius,

162 932 230 1003 post
245 921 321 980 lilius
337 921 399 980 eius
416 917 556 981 Amathus
570 918 680 980 Veneri
700 915 889 977 Amathusiae
914 924 943 976 et
963 915 1026 976 lori
1049 914 1168 977 Salami-

162 1009 209 1066 nio
225 1004 351 1080 Teucer,
368 1001 534 1064 Telamonis
552 1005 640 1082 patris
656 1002 697 1062 ira
713 1000 865 1080 profugus,
882 1000 1058 1078 posuissent.

223 1089 274 1152 63.
297 1086 422 1148 Auditae
437 1087 557 1147 aliarum
573 1103 691 1166 quoque
707 1086 862 1146 civitatium
885 1084 1058 1162 legationes.
1096 1099 1165 1160 quo·

48 1197 54 1208 ·
163 1193 225 1235 rum
241 1173 326 1251 copia
341 1169 414 1232 lessi
430 1180 540 1249 patres,
557 1180 586 1232 et
602 1171 669 1250 quia
683 1169 786 1230 studiis
804 1168 980 1245 certabatur,
1000 1167 1167 1229 consulibus

163 1257 337 1338 permisere,
352 1262 384 1315 ut
398 1264 557 1335 perspecto
573 1257 653 1333 iure,
677 1262 706 1314 et
727 1255 752 1314 si
774 1270 830 1334 gua
851 1253 986 1333 iniquitas
1002 1251 1168 1319 inuoluere·

163 1352 225 1418 tur,
250 1358 311 1401 rem
331 1341 473 1417 integram
492 1357 604 1401 rursum
627 1339 664 1400 ad
687 1346 816 1399 senatum
837 1338 993 1399 referrent.
1030 1336 1169 1396 consules

139 1444 252 1506 ssuper
269 1441 320 1486 eas
334 1423 478 1502 civitates,
492 1440 563 1502 quas
581 1425 758 1500 memoravi,
774 1422 850 1502 apud
867 1422 1038 1500 Pergamum
1053 1419 1168 1480 Aescu·

162 1511 232 1590 lapii
258 1516 428 1588 conpertum
454 1508 565 1584 asylum
595 1507 782 1569 rettulerunt:
819 1515 936 1569 ceteros
965 1505 1098 1566 obscuris
1129 1505 1168 1565 ob

107 1608 117 1614 ·
161 1602 336 1660 vetustatem
351 1593 438 1654 initiis
456 1593 515 1654 niti.
550 1611 613 1654 nam
637 1591 815 1668 Zmyrnaeos
837 1592 987 1654 oraculum
1008 1589 1167 1670 Apollinis,

163 1679 243 1739 cuius
262 1678 383 1756 imperio
400 1676 587 1739 Stratonicidi
603 1676 713 1736 Veneri
726 1677 863 1754 templum
876 1676 1046 1752 dicaverint,
1059 1672 1168 1734 Tenios

163 1762 292 1822 ciusdem
304 1779 420 1822 carmen
434 1761 559 1836 referre,
575 1778 633 1840 quo
646 1777 762 1822 sacrare
773 1759 900 1840 Neptuni
911 1760 1040 1836 eiligiem
1051 1759 1167 1818 aedem·

128 1868 154 1908 ao
164 1864 220 1925 que
229 1845 299 1905 iussi
307 1846 372 1905 sint.
391 1843 1166 1924 propioraSardianos:Alexandririctorisiddonum.

162 1946 258 2006 neque
274 1929 365 1989 minus
384 1927 516 1990 dlilesios
534 1928 633 1990 Dareo
656 1946 731 2007 rege
749 1929 815 1999 niti;
837 1939 883 1991 set
908 1928 1002 1989 cultus
1024 1927 1167 1988 numinum

163 2012 293 2092 utrisque
314 2011 434 2073 Dianam
455 2021 503 2074 aut
523 2012 690 2091 Apollinem
713 2013 881 2076 venerandi.
917 2021 1021 2093 petere
1044 2021 1072 2073 et
1096 2009 1167 2073 Cre-

162 2105 263 2157 tenses
286 2095 440 2158 simulacro
462 2096 519 2158 diui
542 2096 676 2175 Augusti.
717 2097 854 2177 iactaque
882 2096 1166 2173 senatusconsulta,

163 2181 228 2258 quis
246 2181 335 2241 multo
348 2199 413 2240 cum
427 2181 540 2242 honore
558 2180 659 2243 modus
677 2185 774 2243 tamesi
786 2181 1060 2261 praescribebatur,
1083 2181 1166 2241 iussi·

128 2286 153 2327 rs
164 2282 220 2343 que
236 2265 307 2343 ipsis
324 2264 353 2324 in
367 2266 482 2345 templis
497 2265 590 2344 ligere
605 2285 673 2328 aera
686 2266 855 2340 sacrandam
868 2265 1093 2342 admemoriam,
1110 2283 1167 2325 neu

160 2349 264 2427 specie
279 2348 430 2426 religionis
444 2352 474 2410 in
489 2349 673 2411 ambitionem
690 2350 907 2412 delabercntur.

109 2432 274 2494 Qtid.
298 2431 357 2493 Sub
381 2433 457 2494 idem
485 2443 598 2512 tempus
620 2433 711 2496 luliae
735 2433 885 2513 Augustae
910 2434 1047 2496 valetudo
1069 2441 1167 2500 ,atrox

160 2515 406 2577 necessitudinem
421 2517 545 2596 principi
559 2517 631 2580 iecit
645 2518 772 2580 festinati
786 2519 814 2579 in
833 2519 934 2580 urbem
957 2519 1083 2594 reditus,
1108 2517 1165 2576 sin·

162 2617 230 2659 cera
253 2598 346 2660 adhuc
367 2602 442 2661 inter
462 2610 582 2674 matrem
603 2601 750 2683 liliumque
772 2603 929 2666 concordia
952 2604 1013 2664 sive
1041 2601 1166 2662 occultis

162 2681 246 2743 odiis.
277 2683 374 2762 neque
393 2685 468 2744 enim
484 2686 574 2746 multo
590 2681 668 2761 ante,
685 2704 748 2747 cum
759 2684 835 2747 haud
846 2687 950 2767 procul
963 2686 1077 2748 theatro
1090 2685 1165 2747 blar-

136 2765 230 2829 scslli
248 2767 376 2846 effigiem
396 2769 462 2829 diuo
479 2767 612 2847 Augusto
630 2769 703 2831 lulia
718 2771 846 2849 dicaret,
868 2769 968 2832 Tiberi
987 2788 1092 2832 nomen
1112 2788 1164 2830 suo

159 2853 408 2932 postscripserat,
435 2853 521 2931 idque
545 2853 596 2914 ille
618 2854 793 2915 credebatur
818 2864 848 2915 ut
870 2855 991 2916 interius
1014 2856 1164 2916 maiestate

159 2936 299 3016 principis
315 2937 398 3016 graui
414 2944 444 2998 et
460 2936 639 2999 dissimulata
662 2937 824 3000 offensione
846 2939 1002 3001 abdidisse.
1041 2949 1086 3000 set
1105 2948 1161 2996 tum

160 3021 305 3098 supplicia
327 3022 372 3082 dis
395 3021 512 3102 ludique
538 3024 634 3107 magni
658 3022 694 3083 ab
721 3033 822 3084 senatu
850 3023 1061 3100 decernuntur,
1088 3038 1162 3168 qluos

153 3104 314 3196 ,pontifices
335 3115 364 3165 et
385 3123 510 3183 augures
531 3115 560 3166 et
578 3107 795 3186 quindecimviri
816 3109 1002 3188 septemviris
1029 3111 1101 3169 simu
1135 3116 1165 3167 ct

125 3206 151 3250 rs
159 3186 307 3248 sodalibus
324 3187 533 3268 Augustalibus
555 3191 688 3253 ederent.
732 3202 886 3254 censuerat
907 3191 939 3254 b.
960 3193 1110 3273 Apronius
1134 3202 1165 3252 ut

158 3268 273 3368 fetiales
294 3274 468 3352 quoque-iis
489 3273 564 3335 ludis
586 3275 797 3354 praesiderent.
833 3285 934 3339 contra
952 3278 1024 3338 dinit
1041 3274 1163 3352 Caesar,

160 3351 294 3416 distincto
307 3357 541 3419 sacerdotiorum
552 3359 614 3422 iura
628 3369 657 3421 et
663 3361 799 3439 repetitis
811 3362 970 3441 exemplis:
983 3361 1163 3442 nequeenim

158 3451 289 3514 umquam
312 3439 459 3502 fetialibus
482 3442 540 3503 hcc
561 3444 719 3506 maiestatis
745 3444 849 3508 fuisse.
889 3446 955 3507 ideo
982 3444 1162 3524 Augustales
