2570 3878
434 212 597 261 nnnnnuv.
613 213 820 269 συκῆ-48.
1070 208 1132 272 135

128 360 265 441 triumphi
285 359 407 440 insignia
423 362 566 444 Poppaeo
582 365 690 427 Sabioo
713 370 841 430 contusis
855 369 1016 432 l'hraeeum
1036 375 1130 451 genti-

128 445 196 525 bus,
220 447 268 524 qni
289 446 424 508 montium
442 447 527 508 editis
547 449 610 509 sine
633 450 711 510 cultu
731 461 817 532 atque
838 471 874 514 eo
893 456 1022 517 ferocius
1038 459 1129 534 agrita-

127 530 206 591 bant.
242 547 328 592 causa
348 539 442 591 motus
465 547 554 613 super
573 532 717 595 hominum
738 536 899 616 ingenium,
920 540 999 618 qnod
1012 542 1071 620 pati
1088 540 1128 601 di·

126 615 222 676 lectus
245 621 274 675 et
294 613 498 676 validissimum
514 634 657 696 quemque
677 619 794 682 militiae
810 631 927 683 nostrae
943 622 1012 683 dare
1028 642 1153 702 asper-s

125 698 282 777 natantur,
313 717 349 759 ne
371 697 490 778 regibus
511 701 625 780 quidem
643 699 748 782 parere
766 705 822 764 nisi
845 724 883 767 ex
903 706 1021 768 libidine
1040 707 1129 784 soliti,

122 792 175 845 aut
189 783 214 843 si
227 784 373 845 mitterent
387 784 503 863 auxilia,
520 803 589 846 snos
606 786 743 848 ductores
760 791 921 868 praelucere
936 809 991 850 aec
1007 791 1062 850 nisi
1079 789 1128 851 ad-

123 886 242 928 versum
261 866 379 928 accolas
402 866 590 948 belligerare.
628 888 663 931 ao
685 880 742 932 tum
761 890 859 933 rumor
881 874 1042 935 incesserat
1062 873 1129 934 lore

16 987 18 1008 r
122 961 154 1012 ut
174 951 288 1013 disiecti
304 949 426 1031 aliisque
441 953 604 1020 nationibus
620 957 752 1035 permixti
769 955 900 1019 diversas
918 959 947 1018 in
963 966 1055 1018 terras
1070 965 1127 1017 tra·

16 1039 17 1042 ’
92 1031 97 1042 ”
122 1037 270 1097 iterentur.
301 1035 352 1096 sed
367 1045 519 1115 antequam
533 1057 611 1101 arma
626 1041 797 1122 inciperent,
812 1041 919 1103 misere
930 1041 1045 1119 legatos
1059 1042 1126 1101 ami·
1137 1051 1164 1094 10

124 1121 220 1182 citiam
239 1119 466 1201 obsequiumque
481 1131 701 1201 memoraturus,
721 1133 751 1184 et
764 1141 896 1186 mansura
908 1125 992 1202 haec,
1007 1126 1032 1185 si
1045 1125 1127 1185 nullo

121 1223 201 1266 novo
218 1222 309 1265 onere
323 1213 546 1285 temptarentur:
568 1209 613 1268 sin
628 1217 658 1268 ut
673 1210 758 1268 victis
776 1210 924 1270 servitium
944 1209 1128 1287 indiceretur,

16 1303 17 1306 ’
122 1308 192 1351 esse
208 1287 265 1348 sibi
284 1289 392 1350 temam
407 1297 436 1350 ot
455 1291 632 1352 iuventutem
653 1301 682 1352 et
697 1301 860 1373 promptum
880 1293 1007 1354 libertati
1028 1293 1128 1353 autad

16 1375 17 1416 ἶ
121 1382 246 1435 mortem
266 1373 399 1435 animum.
435 1374 519 1435 simul
542 1375 663 1437 castella
685 1377 806 1455 rupibus
828 1377 915 1438 indita
936 1375 1127 1455 conlatosque

122 1459 193 1519 illuc
211 1466 347 1536 parentes
368 1466 397 1518 et
413 1460 554 1537 coniuges
571 1460 755 1520 ostentabant
770 1460 935 1540 bellumque
957 1459 1125 1538 impeditum
1135 1465 1163 1508 1³

16 1545 17 1630 ]
119 1542 241 1604 arduum
256 1550 403 1603 cruentum
424 1541 634 1604 minitabantur.

185 1626 237 1688 47.
265 1621 305 1687 lt
326 1625 465 1704 Sabinus,
492 1626 754 1698 donecexercitus
774 1630 804 1689 in
829 1647 913 1688 unum
935 1627 1126 1706 conduceret,
1199 1701 1202 1708 Ι

121 1712 197 1774 datis
216 1707 332 1771 mitibus
345 1711 512 1790 responsis,
536 1720 691 1791 postquam
704 1710 879 1791 Pomponius
894 1711 993 1773 Labeo
1015 1711 1127 1774 chloe·

122 1798 165 1857 sia
182 1813 247 1857 cnm
263 1793 397 1874 legione,
419 1812 473 1856 rex
488 1795 713 1860 Rhoemetalces
729 1815 792 1859 oum
807 1795 921 1857 auxiliis
935 1795 1127 1877 popularium,

116 1881 172 1960 qni
189 1879 275 1940 fidem
292 1895 350 1939 non
366 1887 555 1959 mutaverant,
571 1899 691 1958 venere,
708 1880 802 1942 addita
816 1881 964 1960 praesenti
981 1881 1067 1958 copia
1089 1879 1127 1940 ad

122 1965 238 2026 bostem
260 1964 356 2042 pergit
377 1966 568 2044 compositum
588 1967 715 2045 iamper
735 1965 884 2044 angustias
904 1964 1035 2026 saltuum
1063 1966 1150 2043 qui-⁵

122 2047 187 2110 dam
207 2045 357 2109 audentius
379 2049 486 2127 apertis
506 2050 536 2110 in
558 2048 682 2110 collibus
698 2049 881 2126 uisebantur,
903 2066 977 2129 quos
992 2048 1051 2109 dux
1064 2049 1125 2109 llo·

121 2149 222 2194 manus
238 2129 303 2194 acie
317 2147 495 2209 suggressus
515 2133 591 2194 haud
606 2151 698 2212 aegre
715 2134 843 2213 pepulit,
865 2133 1007 2211 sanguine
1022 2131 1125 2192 barba-

122 2234 219 2280 rorum
238 2215 355 2277 modico
379 2215 417 2276 ob
441 2218 604 2297 propinqua
624 2216 757 2294 suffugia.
786 2233 855 2278 mox
877 2217 982 2277 castris
1003 2217 1033 2276 in
1054 2215 1124 2276 loco

17 2307 24 2323 “
122 2295 407 2364 communitisralida
417 2318 501 2362 manu
517 2310 645 2361 montem
656 2309 791 2380 occupat,
808 2308 959 2380 angustum
971 2308 999 2359 et
1009 2298 1124 2378 aequali

119 2387 212 2448 dorso
229 2383 392 2446 continuum
406 2403 499 2464 usque
516 2385 552 2446 ad
567 2387 728 2468 proximum
743 2385 908 2462 castellum,
925 2382 1002 2464 qnod
1019 2395 1162 2460 magnam

121 2472 166 2532 vis
182 2477 289 2532 armata
304 2477 352 2529 aut
366 2468 512 2530 incondita
528 2468 670 2530 tuebatur.
703 2469 786 2530 simul
804 2471 832 2530 in
846 2468 1059 2545 ferocissimos,
1075 2465 1126 2545 qni

120 2565 188 2618 ante
204 2553 312 2616 vallum
326 2571 408 2615 more
429 2554 525 2631 gentis
542 2571 607 2614 cunr
622 2553 794 2614 carminibus
817 2561 846 2613 et
862 2552 995 2632 tripudiis
1010 2549 1124 2632 persul-

119 2641 236 2719 tabant,
257 2637 341 2698 mittit
356 2637 489 2700 delectos
510 2639 731 2716 sagittariorum.
763 2639 783 2698 ii
801 2635 864 2698 dum
883 2637 994 2698 eminus
1009 2650 1126 2714 grassa

121 2726 241 2800 bantur,
263 2719 367 2784 crebra
385 2731 415 2782 et
434 2722 522 2782 inulta
538 2723 659 2784 vulnera
679 2724 796 2783 fecere:
815 2721 940 2801 propius
954 2718 1125 2782 incedentes

119 2811 277 2888 eruptione
293 2806 398 2869 subita
426 2805 530 2867 turbati
557 2815 623 2868 sunt
648 2808 820 2886 receptique
847 2804 976 2866 subsidio
1005 2804 1164 2881 sugam-ss

120 2894 194 2954 brae
210 2892 355 2970 cohortis,
373 2909 457 2971 quam
470 2892 617 2952 Romanus
634 2899 796 2971 promptam
811 2889 847 2950 ad
862 2888 991 2970 pericula
1006 2906 1061 2954 nee¹
1074 2887 1125 2946 ml·

118 2995 175 3038 nus
202 2985 332 3036 cantuum
353 2985 381 3036 et
409 2992 550 3038 armorum
576 2975 694 3036 tumultu
718 2983 829 3035 trucem
852 2973 929 3034 baud
951 2971 1056 3053 procul
1081 2971 1124 3030 iu-

117 3069 277 3122 strnxerat.
1112 3079 1117 3089 ·

161 3145 235 3208 ·48.
265 3142 414 3206 Translata
440 3142 543 3205 dehinc
577 3152 673 3204 castra
699 3141 814 3202 bostem
841 3151 980 3221 propter,
1014 3139 1127 3200 relictis

120 3227 201 3308 apud
215 3229 314 3308 priora
328 3228 500 3289 munimenta
516 3227 713 3304 Thraecibus,
736 3243 810 3304 quos
824 3225 909 3286 nobis
924 3224 1052 3286 adfuisse
1066 3239 1127 3280 me·

119 3312 244 3374 moravi.
275 3313 368 3391 iisqne
388 3312 559 3392 permissum
575 3319 710 3387 vastare,
732 3328 833 3387 urere,
857 3308 973 3368 trabere
990 3301 1128 3383 praedas,

120 3397 191 3458 dum
213 3396 365 3477 populatio
391 3396 486 3457 lucem
506 3396 579 3456 intra
601 3396 752 3456 sisteretur
771 3400 945 3469 noctemque
967 3389 996 3446 in
1021 3387 1127 3476 castriq

120 3489 211 3542 tutam
227 3479 387 3560 strigilem
405 3488 605 3560 capesserent.
635 3477 663 3538 id
679 3478 771 3560 primo
789 3481 947 3536 servatum:
963 3485 1032 3528 mox
1046 3482 1155 3527 versus
