2568 3870
185 167 244 228 llll
406 179 572 227 conuunrr
586 178 704 226 ramur
720 177 961 226 msuonranuu

162 351 296 415 auosque
311 334 502 410 distingueret
519 341 605 412 atquo
620 332 683 411 ipsa
700 331 886 392 contentione
904 331 1021 390 decoris
1037 329 1172 390 accende·

182 427 289 479 rentur.
313 418 444 495 proxima
456 416 643 474 Bedriacensi
661 416 725 474 riae
740 415 854 473 tertiani
875 415 1086 491 septimanique
1106 429 1174 472 sum·

182 519 290 581 psere,
312 499 478 559 dexteriora
499 496 568 557 valli
586 506 690 556 octava
706 514 741 558 ao
755 497 878 573 septima
892 495 1062 565 Claudiana3
1083 497 1176 555 tertia·

183 585 360 646 decumanos
378 581 413 642 ad
429 581 591 642 Brixianam
609 590 721 659 portam
737 581 861 657 impetus
877 580 950 641 tulit.
987 578 1101 658 paulurn
1116 577 1178 637 iude

183 685 298 744 morae,
328 665 393 726 dum
415 683 452 725 ex
474 664 613 744 proximis
635 664 713 741 agris
737 663 869 740 ligones,
894 661 1049 738 dolabras,
1078 670 1108 721 et
1134 661 1179 722 alii

147 752 280 812 roialces
294 749 449 828 scalasque
466 755 654 809 convectant:
684 755 743 807 tutu
763 746 848 807 elatis
865 765 955 827 super
977 749 1074 826 capita
1094 746 1181 806 scutis

185 836 275 896 densa
284 832 428 894 testudine
443 830 610 893 succedunt.
631 831 779 892 Romanae
791 832 934 910 utrimque
944 839 1037 891 artes:
1053 830 1180 909 pondera

186 936 320 979 saxorum
341 915 489 978 Vitelliani
515 914 705 994 prorolrunt,
733 915 882 975 disiectam
903 914 1118 994 fluitantemque
1140 922 1180 973 te-

184 1001 325 1061 studinem
339 999 449 1060 lanceis
464 998 617 1076 contisque
630 1007 808 1080 scrutantur,
822 998 917 1059 donec
927 998 1022 1058 soluta
1039 1013 1180 1076 compage

185 1093 332 1145 scutorum
354 1098 520 1159 exsangues
546 1089 594 1142 eut
617 1080 734 1142 laceros
760 1089 980 1160 prosternerent
1004 1080 1093 1142 muita
1122 1096 1181 1145 cunr

151 1190 175 1231 rs
185 1177 294 1244 strage.
331 1167 494 1224 incesserat
516 1165 673 1240 cunetatio,
695 1166 723 1224 ni
744 1164 834 1225 duces
855 1166 937 1225 fesso
959 1165 1041 1225 militi
1063 1173 1092 1224 et
1106 1163 1181 1223 velut

184 1251 284 1312 inritas
300 1249 518 1310 exhortationes
536 1247 670 1308 abnuenti
688 1247 861 1309 Cremonam
877 1257 1101 1309 monstrassent.

246 1331 296 1396 28.
318 1332 456 1393 llorrnlue
475 1333 503 1392 id
524 1333 687 1410 ingenium,
709 1341 740 1393 ut
753 1331 890 1392 liesseila
910 1332 1012 1407 tradit,
1037 1349 1076 1394 an
1090 1331 1180 1410 potior

184 1427 286 1478 auctor
305 1419 343 1478 sit
358 1415 391 1477 G.
407 1417 531 1493 Plinius,
547 1416 595 1495 qul
612 1414 767 1476 Antonium
780 1417 908 1494 incusat,
933 1415 1009 1476 baud
1023 1415 1112 1476 iaciie
1128 1413 1180 1473 dis·

185 1503 344 1577 creverim,
366 1501 420 1559 nisi
440 1499 517 1578 quod
538 1517 634 1577 neque
654 1498 798 1559 Antonius
817 1515 914 1579 neque
935 1498 1060 1559 Hormus
1078 1517 1095 1559 a
1112 1499 1180 1559 iana

184 1585 300 1662 rituque
316 1601 367 1655 sua
382 1584 511 1661 quamvis
528 1585 656 1659 pessimo
672 1582 781 1659 flagitio
797 1580 1031 1660 degeneravere.
1056 1598 1114 1642 non
1130 1581 1179 1640 ianr

161 1667 303 1742 ssanguis
322 1681 419 1742 neque
438 1665 561 1725 volnera
584 1665 769 1726 morabantur
789 1665 857 1742 quin
887 1665 1063 1726 subruerent
1080 1663 1180 1725 vallum

185 1755 395 1828 quaterentque
411 1756 528 1825 portas,
553 1747 642 1807 innixi
663 1749 772 1809 umeris
797 1756 827 1808 et
841 1767 931 1827 super
946 1748 1080 1810 iteratanr
1096 1755 1180 1807 testu·

186 1831 280 1892 dinem
300 1828 474 1890 scandentes
490 1840 663 1907 prensarent
681 1832 805 1893 bostium
819 1831 878 1892 teia
894 1832 1083 1911 brachiaque.
1112 1833 1178 1891 inte·
1251 1839 1252 1916 q

183 1914 229 1990 gri
245 1931 308 1972 cum
323 1914 443 1988 sauciis,
460 1913 623 1974 semineces
640 1932 704 1975 cum
720 1916 932 1994 exspirantibus
947 1915 1118 1992 rolruntnr,
1134 1931 1178 1973 ra·

183 1998 227 2056 ria
242 1998 422 2076 pereuntium
438 1997 530 2058 forma
545 2005 575 2057 et
591 2000 667 2058 omni
684 2001 808 2077 imagine
823 2001 964 2060 mortium.

245 2079 296 2141 29.
321 2078 502 2142 Acerrimum
518 2083 621 2142 tertiae
637 2084 841 2162 septimaeque
858 2084 1006 2162 legionum
1021 2091 1176 2147 certamen:

184 2172 215 2224 et
227 2163 285 2223 dux
298 2162 442 2224 Antonius
459 2181 523 2224 cum
538 2165 661 2226 deiectis
676 2165 864 2226 auxiliaribus
885 2168 988 2228 eodem
1004 2167 1176 2228 incubuerat.
1248 2189 1249 2200 ι

185 2245 346 2307 obstinatos
367 2249 443 2307 inter
459 2264 492 2306 se
510 2265 574 2307 cnm
596 2249 740 2308 sustinere
755 2249 905 2311 Vitelliani
921 2252 1076 2330 nequirent
1092 2258 1121 2310 ot
1134 2264 1176 2307 su·
1249 2249 1250 2264 ¹

183 2327 313 2409 perlaeta
321 2328 378 2389 tela
387 2328 423 2388 de
431 2330 870 2410 testudinelaberentur,.ipsam
883 2333 1176 2410 postremoballistan

161 2415 213 2473 sin
227 2411 384 2474 subeuntes
400 2412 575 2492 propulere,
595 2430 670 2491 quae
687 2424 717 2475 ut
733 2416 769 2475 ud
789 2433 930 2496 praesens
945 2417 1060 2478 disiecit
1076 2415 1174 2479 obruit·

184 2514 241 2575 que
257 2513 332 2575 quos
353 2495 510 2572 inciderat,
531 2497 570 2555 ita
586 2497 687 2574 pinnas
707 2515 743 2557 ac
758 2517 865 2560 surnrna
880 2501 951 2562 valli
966 2502 1046 2562 ruina
1061 2519 1112 2562 sua
1125 2507 1175 2558 tra·

183 2581 237 2647 xit:
255 2580 336 2640 simui
352 2581 449 2640 iuncta
463 2578 549 2638 turris
563 2579 668 2640 ictibus
684 2599 820 2642 saxorum
836 2585 940 2660 cessit,
957 2602 1012 2663 qua
1030 2578 1175 2664 septimani
1247 2567 1249 2596 ¹

184 2663 250 2722 dum
271 2665 397 2722 nituntur
414 2665 529 2739 cuneis,
547 2664 687 2724 tertianus
710 2666 862 2727 securibus
884 2667 1048 2746 gladiisque
1070 2673 1173 2746 portam
1248 2653 1249 2688 ³

182 2744 337 2842 perfregit.
361 2747 483 2825 primum
496 2747 641 2826 inrupisse
658 2745 691 2808 0.
707 2749 857 2810 Volusium
872 2752 976 2811 tertiae
990 2751 1114 2828 legionis
1129 2744 1172 2805 mi·

149 2827 264 2888 ¹alutem
281 2829 357 2888 iuter
377 2845 477 2889 omnes
499 2839 635 2891 auctores
659 2840 782 2894 constat.
813 2835 838 2892 is
860 2833 889 2892 in
904 2833 1011 2894 raliunr
1029 2846 1171 2911 egressus,

184 2911 345 2972 deturbatis
367 2913 415 2990 qui
436 2913 618 2991 restiterant,
642 2916 817 2996 conspicuus
837 2934 920 2978 manu
942 2935 978 2978 ac
1001 2933 1076 2978 rooe
1096 2918 1171 2992 capta
1247 2945 1248 2962 ι

186 2995 510 3066 castra·conciamarit;
533 3001 624 3058 ceteri
642 3001 764 3080 trepidis
785 3003 840 3063 iam
860 3000 1022 3062 Vitellianis
1051 3015 1136 3078 seque
1156 3009 1171 3050 e

184 3079 263 3142 valio
279 3079 536 3159 praecipitantibus
552 3099 722 3162 perrupere.
757 3084 919 3165 completur
941 3085 1031 3146 caede
1047 3089 1171 3164 quantun

184 3165 260 3226 inter
277 3172 372 3226 castra
388 3181 544 3244 murosque
563 3169 646 3228 vacui
664 3168 726 3228 luit.

245 3247 296 3313 30.
319 3248 365 3310 Ac
386 3266 486 3308 rursus
506 3264 583 3310 nora
605 3251 737 3312 laborum
758 3253 864 3313 iacies:
890 3252 978 3312 ardua
1002 3250 1079 3311 urbis
1097 3260 1158 3306 mot

183 3332 247 3406 nia,
263 3350 372 3392 saxeae
387 3341 499 3409 turres,
514 3333 615 3395 ierrati
630 3345 778 3415 portarum
793 3335 911 3412 obices,
925 3334 1043 3396 vibrans
1057 3332 1112 3394 teia
1124 3325 1167 3386 nui·

184 3409 244 3488 ies,
259 3413 398 3492 irequens
415 3413 631 3496 obstrictusque
646 3420 810 3481 Vitellianis
825 3419 956 3499 partibus
975 3407 1169 3480 Cremonensis
1237 3455 1246 3839 q
