2440 3886
361 167 501 214 nunnuu.
520 165 729 222 cnm-32.
1011 159 1049 218 17

70 316 190 378 imbribus
208 320 346 381 coutinuis
367 320 500 400 adeoque
523 323 635 403 suevis,
659 332 768 384 utnon
790 323 892 402 egredi
914 325 1076 406 tentoriae

70 404 224 480 congregari
238 405 312 465 iuter
328 423 379 482 se,
398 407 449 465 viru
468 407 555 467 tutari
576 407 659 486 signa
679 416 821 487 possent,
845 425 920 488 quae
938 409 1051 470 turbine

69 495 142 564 atque
155 487 225 549 unda
248 489 443 569 raptabantur.
480 490 602 552 durabat
622 501 652 552 et
672 492 796 554 formido
817 492 954 553 caelestis
978 495 1050 571 irae,

69 587 114 630 uec
125 571 223 634 lruttra
239 574 380 635 adversus
394 576 498 654 impios
514 575 678 637 hebescere
695 578 810 653 sidera,
834 593 919 638 ruere
941 587 1051 658 tempe·

70 663 157 716 satas:
181 675 236 718 non
258 659 335 719 alind
358 660 496 721 malorum
517 660 710 727 levamentum
731 679 815 742 quatu
836 664 861 722 sl
889 662 1053 740 linquerent

70 748 147 801 castra
167 741 288 802 inlausta
310 752 509 822 temerataque
530 753 561 806 et
586 745 673 806 soluti
698 746 814 825 maculo
840 747 902 806 suis
929 748 1051 827 quisque
1061 767 1087 809 ro

67 822 176 886 hibernis
195 827 397 889 redderentur.
436 829 557 908 primurn
579 838 699 908 octava,
728 829 795 890 dein
815 826 913 910 quinta
932 831 1052 892 decuma

66 905 131 984 legio
141 907 269 972 rediero:
288 929 418 974 nonanus
434 913 631 992 opperiendas
644 912 752 974 'liberii
767 915 907 993 epistulas
926 915 1051 976 clamita·

67 1001 142 1070 verat,
157 1011 222 1056 nox
236 996 388 1057 desolatus
404 997 524 1057 aliorum
541 998 723 1058 distensione
745 1000 926 1059 inminentem
948 1015 1051 1061 neces·

65 1076 161 1138 sitalem
174 1090 278 1158 sponte
294 1081 454 1160 praevenit.
488 1090 517 1141 et
530 1081 643 1142 Drusus
665 1099 722 1142 non
743 1093 917 1162 exspectato
939 1083 1051 1162 legato·

65 1177 115 1306 ruqo
130 1181 279 1243 regressu,
305 1167 371 1244 quia
392 1166 558 1244 praesentia
582 1167 651 1227 satis
674 1168 876 1246 considerant,
900 1169 927 1227 in
950 1169 1086 1233 urbemn

65 1262 91 1304 re
108 1247 143 1307 iit.

115 1332 160 1393 31.
182 1332 280 1395 lsdem
295 1334 388 1395 lernae
407 1336 510 1397 diebus
527 1335 619 1420 isdem
636 1338 732 1396 causis
751 1333 941 1397 Germanicae
957 1337 1051 1416 legio·

68 1432 107 1473 nes
118 1417 255 1496 turbatae,
274 1427 382 1497 quanto
398 1421 515 1500 plures,
537 1428 616 1479 tauto
639 1419 814 1498 violentius,
835 1428 864 1480 et
879 1435 981 1498 inagna
998 1439 1059 1501 spe.
1082 1477 1090 1490 ,

71 1497 118 1558 lore
132 1511 157 1560 ut
178 1503 368 1564 Germanicus
390 1501 500 1566 Caesar
523 1505 674 1582 imperium
695 1504 898 1583 alteriuspati
920 1506 1054 1584 nequiret

73 1581 182 1666 daretque
205 1605 239 1648 se
265 1587 431 1666 legionibus
453 1590 481 1648 vi
504 1605 555 1648 sua
578 1596 681 1648 cuncta
706 1588 851 1647 iuncturis.
894 1588 951 1649 duo
977 1589 1052 1667 apud
1097 1651 1106 1667 ,

69 1666 139 1745 rlpun
156 1671 249 1732 llbeni
272 1673 422 1733 exercitus
444 1667 608 1733 erantz‘cui
630 1687 736 1731 nomen
758 1673 920 1750 superiori,
944 1673 998 1733 snb
1017 1669 1076 1733 ds

67 1751 123 1813 stlta
137 1755 252 1835 legato,
270 1756 439 1817 inferiorem
455 1757 492 1817 Α.
512 1755 639 1817 Caecina
661 1755 788 1816 curabat.
820 1759 956 1835 regimen
978 1775 1052 1817 sum-

65 1853 116 1896 uae
129 1842 168 1900 rei
183 1859 279 1919 penes
297 1839 508 1918 Germanicum,
525 1840 641 1918 agendo
658 1839 813 1901 Galliarum
830 1843 930 1902 censui
945 1850 1001 1902 tum
1012 1844 1051 1901 in-

65 1928 163 1983 tentum.
196 1927 251 1987 sed
270 1925 376 2004 quibus
392 1926 480 1986 Silius
496 1924 716 2001 moderabatur,
733 1934 829 1984 mente
845 1926 978 2003 ambigua
993 1926 1052 1985 lor-

64 2013 141 2068 tunam
162 2011 317 2071 seditionis
339 2010 453 2070 alienae
474 2009 714 2089 speculabantur:
737 2007 883 2069 inferioris
906 2011 1053 2070 exercitus

62 2092 168 2152 milesio
182 2094 296 2155 rabiem
312 2095 468 2173 prolapsus
487 2105 543 2172 est,
561 2103 626 2154 orto
639 2092 960 2154 abunetvicensimanis
973 2095 1052 2171 quin·
1063 2099 1089 2140 ¹⁰

61 2179 175 2257 tanisque
189 2180 293 2254 initio,
316 2187 346 2239 et
360 2179 461 2239 tractis
477 2181 567 2258 prima
590 2195 708 2256 quoque
730 2194 764 2237 ao
784 2178 941 2238 vicensima
961 2177 1053 2256 legio·

62 2260 147 2323 nibus:
163 2281 229 2325 uam
246 2263 339 2323 isdem
354 2263 474 2324 aestivis
487 2262 515 2322 in
532 2261 635 2323 linibus
647 2261 788 2321 Ubiorum
804 2261 985 2322 labebantur
1000 2279 1054 2340 per

63 2345 134 2407 otium
152 2357 200 2409 aut
215 2348 294 2418 leuia
309 2348 412 2408 rnuuia.
449 2348 536 2425 igitur
556 2346 653 2406 audito
675 2346 732 2405 line
757 2344 878 2423 Augusti
897 2347 1055 2406 vernacula

63 2431 196 2494 multitudo
211 2449 310 2510 nuper
326 2440 392 2492 acto
405 2433 433 2491 iu
449 2430 522 2491 urhe
538 2431 663 2507 dilectu,
688 2429 828 2490 lasciviae
850 2438 931 2490 sueta
939 2477 948 2510 ,
973 2429 1054 2490 labo·

63 2531 110 2575 rum
128 2517 306 2592 intolerans,
334 2516 458 2595 implere
481 2524 645 2576 ceterorum
672 2514 761 2575 rudes
787 2514 912 2574 animos:
938 2515 1090 2575 venissen

63 2606 159 2680 tenpus
180 2594 240 2682 quo
263 2602 394 2662 veterani
414 2609 552 2660 maturam
579 2599 760 2675 missionem,
784 2599 904 2658 iuvenes
929 2598 1056 2676 largiora

63 2685 200 2764 stipendia,
215 2687 312 2747 cuncti
323 2685 438 2745 modum
450 2685 629 2754 miseriarum
639 2691 836 2761 exposcerent
847 2683 1055 2762 saevitiamque

64 2772 247 2831 centurionum
271 2770 492 2829 ulciscerentur.
529 2785 585 2829 non
612 2784 684 2826 unus
706 2767 798 2844 haec,
826 2776 857 2827 ut
878 2768 1056 2846 Pannonicas

63 2851 124 2913 inter
140 2855 277 2934 legiones
292 2853 485 2929 Percennius,
507 2870 564 2913 nec
580 2851 654 2936 apud
676 2850 805 2929 trepidas
825 2852 942 2912 militum
960 2868 1055 2930 aures,

63 2935 124 2999 alios
143 2939 305 3001 validiores
322 2939 469 2999 exercitus
485 2936 712 3016 respicientium,
731 2934 782 2995 sed
794 2935 881 2996 multa
904 2935 1093 2998 seditionisau

65 3037 105 3082 ora
116 3039 285 3103 vocesque:
301 3039 352 3083 sua
368 3023 396 3082 iu
413 3039 496 3082 manu
512 3024 595 3080 sitam
612 3037 674 3080 rem
693 3018 867 3097 Romanam,
890 3021 949 3081 suis
964 3023 1055 3081 victo·

67 3105 103 3165 n'is
118 3109 221 3186 augeri
236 3123 297 3167 rem
313 3106 468 3187 publicani,
485 3107 513 3166 in
529 3123 608 3166 suum
627 3113 849 3180 cognomentum
865 3106 990 3165 adscisci
1005 3106 1054 3164 im·

72 3201 219 3262 penatores.

116 3275 165 3337 32.
188 3275 252 3336 Nec
266 3277 381 3354 legatus
397 3276 511 3337 obviarn
526 3274 601 3334 ibat:
629 3274 737 3353 quippe
763 3274 886 3353 plurium
901 3269 1058 3332 vaecordia

68 3361 241 3422 constentiam
258 3371 418 3422 exemerat.
448 3367 571 3438 repente
591 3358 730 3438 lymphati
746 3358 893 3418 destrictis
908 3352 1013 3432 gladiis
1030 3354 1058 3411 in

67 3447 238 3505 remuneres
255 3446 406 3506 invadunt:
429 3461 463 3505 es
483 3443 679 3511 vetustissima
694 3441 863 3502 militaribus
880 3437 954 3497 odiis
969 3443 1060 3494 mate-

97 3545 283 3591 rnorururasr
886 3519 906 3580 2
