2536 3870
170 170 231 234 218
416 173 931 232 eouuuurruucmrsnnreousrr

170 339 257 400 rearis
276 336 384 397 tardius
404 332 571 414 impellitur.
611 340 738 392 naturam
760 329 869 391 Oceani
892 339 978 408 atque
1005 337 1103 390 aestus
1125 347 1177 388 ne·

171 441 228 501 que
245 437 389 501 quaerere
403 419 486 480 huius
502 418 601 496 operis
618 425 681 492 est,
698 431 735 475 ao
750 411 829 474 multi
844 415 1000 476 rettulere:
1024 429 1111 472 unum
1126 411 1178 472 ad·

171 507 302 582 diderim,
318 521 458 583 nusquam
470 502 555 562 latius
570 499 708 562 dominari
725 515 815 574 mare,
830 497 949 558 multum
964 497 1110 558 fluminum
1120 496 1179 556 buc

132 601 258 671 suntque
273 589 344 648 illuc
359 588 447 664 ierre,
473 603 529 645 nec
550 585 637 644 litore
656 593 741 643 tenus
758 581 933 643 adcrescere
954 590 1002 642 aut
1015 579 1178 657 resorberi,

172 674 224 735 sed
239 673 360 733 inlluere
375 673 490 751 penitus
504 678 590 748 atque
606 666 730 742 ambire,
746 673 776 726 et
789 667 866 745 iugis
879 667 964 727 etiam
977 683 1013 726 ac
1029 663 1179 728 montibus

172 758 260 818 inseri
278 755 401 816 velutin
419 772 482 814 suo.
615 750 618 758 '
955 797 959 806 ,

236 841 286 900 11.
308 838 444 899 Ceterum
458 837 631 897 Britanniam
646 835 694 915 qui
711 834 851 895 mortales
867 833 947 894 initio
964 833 1119 910 coluerint,
1138 833 1179 891 in·

172 926 296 1002 digeuae
312 941 347 983 an
363 921 494 998 advecti,
509 929 539 979 ut
555 921 629 980 inter
643 917 785 979 barbaros
799 935 899 996 purum
915 925 1103 996 compertum.
1129 915 1178 976 ba-

171 1009 247 1068 bitus
263 1023 418 1085 corporum
432 1004 505 1065 varii
527 1013 613 1082 atque
637 1021 674 1063 er
691 1019 727 1062 eo
748 1012 928 1079 argumenta.
963 1017 1087 1079 namque
1110 1001 1178 1060 ruti·

171 1091 218 1150 lae
234 1089 420 1150 Caledoniam
436 1086 623 1148 habitantium
638 1103 754 1163 comae,
765 1087 867 1164 magni
883 1094 962 1146 artus
978 1085 1176 1146 Germanicam
1244 1111 1252 1129 ‚

145 1175 316 1250 sorigiuem
336 1172 528 1250 adseverant3
566 1171 690 1231 Silurum
708 1170 831 1231 colorati
846 1169 952 1246 vultus,
967 1169 1036 1228 torti
1053 1167 1174 1245 plerum·

172 1276 229 1336 que
250 1256 346 1316 crines
363 1263 392 1316 et
409 1255 503 1334 posita
526 1263 627 1315 contra
649 1253 788 1333 Hispania
804 1252 930 1314 Hiberos
952 1261 1071 1312 veteres
1094 1252 1167 1309 treie-

172 1345 250 1402 eisse
267 1357 376 1418 easque
396 1338 483 1400 seder
502 1355 667 1418 occupasse
689 1337 776 1398 iidem
795 1337 919 1416 iaciunt3
943 1336 1067 1416 proximi
1090 1332 1169 1396 Gallis

173 1433 202 1485 et
219 1424 328 1484 similes
342 1432 422 1500 sunt,
446 1440 498 1483 seu
519 1422 639 1484 durante
660 1422 781 1497 originis
801 1421 845 1499 vi,
869 1439 921 1481 seu
939 1417 1174 1499 procurrentibus

171 1511 201 1568 iu
217 1508 331 1569 diuersa
351 1509 439 1568 terris
460 1506 568 1585 positio
594 1505 669 1565 caeli
692 1504 866 1584 corporibus
885 1503 1010 1566 babituru
1030 1502 1120 1564 dedit.
1151 1502 1176 1560 in

135 1595 335 1652 rouuiuersum
361 1601 456 1651 tamen
483 1591 641 1652 aestimanti
671 1587 772 1650 Gallos
797 1589 920 1649 vicinam
947 1586 1068 1648 insulam
1093 1602 1177 1646 occu·

172 1693 260 1755 passe
278 1673 419 1735 credibile
435 1681 489 1732 est.
511 1691 611 1734 eorum
626 1689 708 1732 secra
723 1671 927 1749 deprehendas
943 1671 1179 1750 superstitionum

171 1758 378 1840 persuasione;
404 1773 501 1817 sermo
523 1755 599 1816 baud
620 1755 738 1816 multum
760 1755 910 1832 diuersus,
932 1755 960 1814 iu
981 1751 1179 1834 deposcendis

171 1838 311 1920 periculis
333 1838 434 1900 eadem
455 1838 574 1899 audacia
599 1847 644 1915 et,
674 1837 722 1898 ubi
743 1838 903 1916 advenere,
924 1839 958 1897 in
981 1835 1179 1898 detrectandis

172 1923 274 1986 eadem
292 1922 427 1984 formido.
460 1921 527 2000 plus
541 1931 636 1982 tamen
650 1921 781 1983 ierociae
798 1922 927 1984 Britanni
942 1923 1129 1999 praeierunt,
1149 1927 1181 1980 ut
1245 1951 1253 1963 ·

134 2022 247 2088 aequos
268 2006 392 2067 noudum
417 2007 505 2082 longa
529 2024 587 2086 pax
610 2006 774 2066 emollierit.
805 2025 870 2067 uam
888 2004 988 2067 Gallos
1011 2021 1129 2084 quoque
1151 2005 1180 2062 in

170 2091 257 2152 bellis
280 2091 414 2152 floruisse
436 2093 617 2170 accepimus;
641 2107 711 2149 mox
733 2091 856 2166 segnitia
883 2108 946 2149 cum
969 2091 1027 2150 otio
1050 2088 1180 2164 intravit,

172 2177 276 2236 amissa
300 2177 405 2236 virtute
426 2175 537 2254 periter
556 2192 592 2236 ac
614 2173 760 2234 libertate.
791 2174 869 2253 quod
890 2174 1089 2234 Britannorum
1111 2171 1179 2232 oliru

171 2259 257 2318 victis
274 2259 385 2318 evenit:
403 2256 494 2318 ceteri
508 2266 625 2318 manent
639 2257 742 2336 quales
758 2256 833 2319 Galli
847 2258 972 2318 luerunt.

237 2340 285 2400 12.
315 2339 348 2400 ln
369 2340 468 2420 pedite
490 2341 595 2410 rob'ur;
619 2341 761 2421 quaedam
781 2343 914 2402 nationes
934 2350 963 2401 et
984 2357 1068 2399 curru
1091 2355 1178 2418 proe-

170 2424 285 2484 liantur.
314 2423 467 2484 honestior
481 2427 592 2502 auriga,
610 2426 733 2486 clientes
751 2433 948 2505 propugnant.
972 2424 1041 2485 olim
1057 2421 1178 2500 regibus

172 2507 323 2587 parebant,
339 2525 414 2567 nuuc
430 2525 484 2587 per
502 2510 651 2589 principes
666 2509 841 2570 iactionibus
856 2517 886 2569 et
901 2506 1177 2569 studiisdistrabun·
1256 2519 1257 2582 ζ

171 2601 226 2652 tur.
257 2609 314 2651 neo
327 2591 405 2652 allud
426 2591 566 2654 adversus
583 2591 776 2653 validissimas
791 2592 889 2672 gentis
908 2609 963 2673 pro
979 2590 1064 2652 nobis
1080 2590 1178 2650 utilius
1256 2589 1257 2620 ³

146 2691 255 2753 squam
281 2675 360 2753 quod
381 2678 409 2734 iu
430 2693 579 2736 commuue
604 2695 663 2737 uon
690 2675 854 2738 consulunt.
887 2693 971 2738 rurus
993 2674 1104 2736 duabus
1130 2673 1178 2732 tri·
1256 2669 1257 2752 ᾗ

171 2757 264 2817 busve
285 2759 448 2820 civitatibus
464 2760 500 2820 ad
521 2761 747 2839 propulsandum
766 2777 915 2822 commune
932 2758 1094 2840 periculum
1110 2775 1178 2820 con·
1256 2765 1257 2790 ³

170 2849 290 2901 ventus:
312 2843 351 2901 ita
367 2844 473 2920 singuli
488 2853 633 2924 pugnant,
649 2845 777 2905 universi
792 2844 953 2905 vincuntur.
986 2842 1098 2904 caelum
1117 2859 1178 2901 cre·
1256 2845 1257 2924 ]

171 2924 231 2984 bris
252 2924 392 2987 imbribus
412 2945 447 2986 ae
468 2927 582 2988 nebulis
598 2928 731 2999 foedum:
756 2929 900 3008 asperitas
920 2928 1063 3006 frigorum
1083 2925 1176 2987 abest.

172 3009 284 3070 dierum
300 3013 395 3089 spatia
413 3011 486 3072 ultra
506 3012 599 3072 nostri
618 3010 698 3072 orbis
712 3023 891 3083 mensuram
913 3027 973 3072 nox
988 3011 1067 3072 clara
1081 3016 1114 3070 'et
1129 3027 1176 3068 ex·

133 3098 263 3154 aotrema
285 3093 447 3156 Britanniae
469 3104 551 3175 parte
572 3095 688 3171 brevis,
711 3104 741 3155 ut
762 3097 848 3156 linem
870 3105 957 3175 atque
975 3096 1083 3160 initium
1104 3093 1178 3154 lucis

172 3177 279 3254 exigno
297 3177 462 3238 discrimine
483 3181 675 3241 internosces.
710 3179 788 3260 quod
810 3179 941 3240 siuubes
959 3179 1176 3250 ueneficium,
1256 3231 1257 3234 ,

171 3261 264 3336 aspici
282 3278 338 3344 per
351 3271 466 3322 noctem
481 3263 553 3323 solis
567 3263 729 3341 fulgorem,
746 3282 802 3325 uec
818 3264 956 3325 occidere
969 3271 999 3322 et
1013 3277 1176 3338 exsurgere
1256 3281 1257 3334 3

171 3341 224 3399 sed
246 3346 368 3403 transire
391 3345 547 3408 adfirmant.
584 3347 700 3407 scilicet
720 3357 850 3408 extrema
873 3355 903 3408 et
928 3347 1013 3426 plana
1034 3355 1175 3406 terrarum
1256 3337 1257 3354 ¹

170 3419 276 3523 humill
290 3425 389 3488 umbra
409 3445 467 3487 uon
487 3431 602 3506 erigunt
623 3429 775 3510 tenebras,
797 3431 930 3512 infraque
954 3429 1064 3491 caelum
1086 3437 1116 3488 et
1139 3427 1175 3486 si·
