2510 3864
438 179 513 227 cue.
529 177 660 234 oo—es.
987 173 1048 234 267

42 333 174 393 lustrem
192 334 353 394 orationem
374 334 494 394 efficere
510 342 609 412 potest
625 335 679 394 nisi
697 336 745 413 qui
762 353 875 396 causam
894 355 992 415 parem
1007 339 1049 398 in-

42 416 140 476 venit.
159 432 233 492 non,
251 417 371 494 opinor,
386 416 612 476 Demosthenem
631 420 780 480 orationes
803 419 956 479 inlustrant
978 439 1083 499 quassa

41 499 192 560 adversus
214 507 328 560 tutores
349 518 419 559 suos
443 501 622 578 composuit,
643 518 699 562 nec
721 499 894 562 Ciceronem
917 520 1049 580 magnum

43 590 200 643 oratorem
215 582 245 642 P.
269 583 404 656 Quintius
430 583 568 643 defensus
584 592 632 641 aut
647 583 772 645 Licinius
785 584 907 645 Archias
923 587 1048 646 iaciunt:

44 663 175 726 Catilina
192 675 221 727 et
234 664 305 726 ittlo
325 675 355 727 et
376 667 488 728 Verres
511 674 541 726 et
560 665 705 727 Antonius
721 667 793 728 bane
814 667 857 728 iiii
878 669 980 729 iamam
994 671 1050 728 cir-

42 749 273 818 cumdederunt;
290 766 348 809 non
365 750 430 826 qnia
448 748 516 808 tanti
532 748 620 808 inerit
639 751 682 810 rei
701 750 835 829 publicae
855 752 947 813 maios
969 752 1049 812 ferre

40 834 149 911 cives,
169 840 202 894 ut
225 834 346 893 uberem
363 833 398 892 ad
416 832 565 892 dicendum
581 833 729 894 materiam
745 843 879 895 oratores
894 834 1083 913 haberentet

41 915 120 991 sed,
147 924 179 974 nt
200 914 323 976 subinde
343 915 502 992 admoneo,
530 917 709 995 quaestionis
733 919 946 978 meminerimus
974 920 1048 978 scia·

40 1014 172 1075 musque
187 1015 242 1058 nos
255 999 290 1059 de
307 1015 342 1058 ea
357 1017 389 1058 re
403 999 482 1078 ioqui
491 1041 501 1076 ‚
518 1018 591 1079 quae
602 999 715 1060 ieciiius
731 1001 854 1061 turbidis
867 1010 897 1062 et
909 1002 1047 1080 inquietis

43 1080 232 1158 temporibus
249 1082 358 1142 existit.
397 1084 460 1161 quis
482 1083 598 1160 ignorat
615 1082 714 1144 utilius
731 1102 765 1144 nc
784 1085 887 1145 meiius
906 1104 975 1150 esse
989 1085 1046 1144 frui

43 1181 123 1243 pace
140 1181 223 1244 qnam
241 1165 323 1226 bello
343 1163 466 1226 vexarit
496 1166 595 1244 piures
615 1176 710 1227 tamen
727 1168 824 1228 bonos
847 1168 1045 1246 proeliatores

42 1245 128 1308 beiia
151 1264 233 1327 ιιιιιιιιι
258 1266 315 1327 pax
340 1250 444 1310 ierunt.
477 1250 578 1310 similis
602 1249 789 1328 eloquentiae
808 1252 949 1312 condicio.
983 1265 1080 1310 names

44 1333 247 1472 muttit?
264 1333 944 1492 :itiit.t.i‘¹'¹³tittitubetis?
955 1333 1047 1475 :tit

45 1432 1048 1659 ca:izcccmcitintaminati

901 1623 911 1658 t

47 1680 84 1722 ea
101 1671 201 1722 natura
217 1671 280 1741 est,
295 1671 325 1722 ut
356 1670 491 1732 secura†
516 1662 614 1724 veiint.
1055 1683 1081 1726 to

113 1746 162 1809 38.
187 1745 317 1807 Transeo
340 1747 375 1808 ad
397 1747 516 1807 formam
538 1755 568 1806 et
588 1747 827 1808 consuetudinem
850 1755 984 1808 veterum
1005 1747 1048 1805 iu·

46 1828 198 1891 diciorum.
219 1847 293 1909 quae
308 1832 364 1892 etsi
380 1845 455 1890 nunc
470 1831 566 1910 aptior
586 1841 631 1890 est
645 1831 778 1907 veritati,
795 1831 991 1910 eloquentiam
1008 1839 1046 1889 ta·

47 1932 113 1975 men
129 1913 201 1974 iiiud
217 1915 310 1975 iorum
325 1915 416 1993 magis
431 1914 606 1991 exercebat,
623 1915 653 1974 in
669 1929 726 1992 quo
745 1931 830 1974 nemo
846 1916 921 1975 intra
936 1915 1048 1992 paucis-

47 2000 135 2059 simas
160 1995 248 2056 horas
268 2014 410 2075 perorare
431 1997 593 2074 cogebatur
620 2005 651 2057 et
674 1995 786 2057 liberae
810 1997 1047 2076 comperendina-

47 2083 146 2140 tiones
166 2087 249 2138 eraut
272 2088 303 2139 et
321 2079 435 2139 modum
456 2078 570 2139 dicendi
588 2079 643 2140 sibi
662 2080 787 2158 quisque
804 2079 937 2140 sumebat
954 2088 985 2138 et
999 2097 1071 2138 nus

49 2179 147 2222 merus
167 2179 263 2240 neque
284 2161 395 2222 dierum
417 2179 513 2240 neque
535 2169 722 2240 patronorum
743 2162 904 2223 finiebatur.
940 2163 1048 2240 primus

49 2246 124 2306 haec
144 2246 234 2305 tertio
248 2245 407 2305 consulatu
430 2242 481 2304 Gn.
504 2244 662 2322 Pompeius
680 2245 834 2304 adstrinxit
852 2245 1049 2322 imposuitque

50 2326 141 2388 veiuti
157 2328 258 2388 frenos
275 2327 479 2408 eloquentiae,
493 2329 533 2387 ita
547 2335 642 2388 tamen
656 2336 687 2386 ut
702 2330 796 2388 omnia
809 2330 839 2388 in
853 2329 938 2406 ioro,
955 2329 1049 2388 omma

51 2411 183 2488 iegibus,
196 2412 289 2472 omnia
301 2412 375 2490 apud
388 2420 543 2490 praetores
555 2417 747 2488 gererentur:
765 2411 839 2489 apud
852 2427 925 2489 quos
942 2419 1049 2490 quanto

51 2495 158 2556 maiora
179 2496 299 2572 negotia
325 2495 394 2555 oiim
411 2494 546 2556 exerceri
568 2492 747 2571 sciderint,
769 2494 847 2573 quod
862 2495 952 2554 muitm
966 2511 1050 2571 arqu-
1059 2512 1083 2554 ιι

51 2586 175 2640 mentum
202 2586 248 2639 est
272 2594 354 2657 quam
380 2577 457 2656 qnod
482 2594 588 2637 causae
609 2576 851 2655 centumvitales,
877 2595 952 2656 qnae
976 2593 1052 2636 nnuc

51 2664 171 2742 primum
187 2663 320 2740 optinent
336 2662 448 2736 locum,
471 2660 547 2721 adeo
562 2659 721 2738 splendore
738 2660 860 2722 aliorum
881 2660 1051 2721 iudiciorum

55 2745 268 2822 obruebantur,
281 2753 312 2804 ut
322 2763 418 2823 neque
434 2742 586 2804 Ciceronis
598 2761 695 2822 neque
708 2741 843 2806 Caesaris
859 2761 955 2822 neque
970 2743 1050 2804 Bruti

54 2846 147 2906 neque
164 2826 256 2889 Gaeiii
271 2846 367 2908 neque
383 2826 482 2904 (inivi,
498 2845 556 2888 non
571 2827 697 2906 denique
708 2828 795 2888 uilius
812 2829 907 2906 magui
924 2828 1055 2888 oratoris-

54 2913 128 2973 iiber
141 2912 424 2991 apud'eenturnviros
448 2911 541 2972 dictus
560 2910 694 2988 legatur,
715 2913 849 2991 exceptis
868 2911 1084 2973 orationibusu

56 2995 146 3054 Asinii
167 3014 242 3073 quae
262 3014 317 3075 pro
340 2997 498 3056 heredibus
520 2992 661 3054 Urbiniae
685 2995 897 3072 inscribuntur,
923 2995 959 3055 ab
984 2996 1050 3071 ipso

57 3086 147 3137 tamen
159 3077 294 3140 Poiiione
308 3079 410 3139 mediis
422 3080 480 3138 divi
490 3078 616 3155 Augusti
631 3080 812 3156 temporibus
828 3078 956 3155 habitae,
972 3083 1051 3155 post-

58 3177 136 3238 quam
158 3157 247 3238 ionga
262 3169 423 3240 temporum
446 3161 530 3238 quies
551 3168 582 3220 et
603 3162 769 3221 continuum
785 3159 884 3241 popuii
908 3162 998 3220 otium
1022 3164 1053 3216 et

58 3242 168 3303 assidua
192 3251 309 3304 senatus
333 3243 523 3322 tranquillitas
555 3251 585 3303 et
597 3244 720 3304 maxime
738 3244 878 3322 principis
899 3241 1052 3319 disciplina

59 3328 146 3406 ipsam
160 3343 276 3405 quoqne
294 3327 490 3407 eloquentiam
506 3326 582 3386 sient
602 3327 695 3387 omnia
717 3327 773 3386 alia
791 3334 958 3405 pacaverat.
1060 3339 1086 3380 ιι

115 3410 162 3473 39.
186 3410 309 3472 Parrum
331 3421 361 3474 et
381 3409 531 3474 ridiculum
554 3410 682 3470 fortusse
708 3409 855 3470 videbitur
871 3406 948 3486 quod
963 3405 1094 3474 dictu„

1104 3474 1149 3508 η,
