2568 3870
174 185 234 245 114
418 193 583 243 cornuum
603 191 720 242 unerur
738 191 977 244 niseomnttutl

174 348 294 411 (ilnuarn
307 357 463 428 pugnatum
481 357 543 423 est,
555 345 749 425 Pompeianus
760 346 845 408 miles
858 346 978 408 fratrem
992 364 1090 421 suurn,
1107 345 1177 406 dein

31 443 37 504 ³,
137 435 293 512 rooopnito
317 431 449 492 iaoinors
481 447 514 491 se
535 430 602 507 ipse
622 427 787 505 interieoit,
813 437 845 488 ut
871 430 995 492 Siseuua
1014 439 1173 491 memorat:

30 509 32 514 ’
174 525 253 579 tanto
265 515 362 577 aerior
376 514 453 594 apud
466 516 606 592 maiores,
621 515 697 574 sinet
710 512 863 576 vtrmobes
877 513 990 591 gloria,
1005 514 1043 574 ita
1057 514 1180 590 flagitiis

175 601 350 681 paenitentia
365 598 428 658 iuit.
462 599 515 658 sed
534 597 609 658 lusae
624 597 738 676 aliaque
754 613 792 658 en
804 605 908 658 vetere
920 598 1059 658 memoria
1074 598 1178 676 petita,

175 685 311 764 quotiens
325 701 375 744 res
390 682 531 762 loousque
546 681 682 761 exempla
696 682 770 742 recti
785 689 833 744 aut
849 681 961 743 solaoia
973 681 1039 744 mali
1057 689 1177 761 poseat,

174 767 249 830 baud
265 765 390 828 absurde
406 765 638 828 memorabimus.
1081 821 1083 824 .

237 850 286 913 52.
303 850 430 911 Antonio
440 849 619 929 ducibusque
630 850 753 929 partium
764 849 1035 928 praemitti-equites
1047 865 1177 909 omnem·

173 952 230 1014 quo
239 933 385 996 Umbriam
396 934 545 1013 explorari
557 932 718 1012 plaooit,si
728 932 960 1012 quadppenniai
970 933 1038 1010 iupa
1046 931 1178 992 elemen-

172 1019 228 1078 tius
248 1017 408 1086 adiuratum
430 1019 519 1077 aooiri
541 1017 653 1095 aquilae
673 1017 814 1095 signaque
838 1023 867 1077 et
882 1015 1019 1096 quidquid
1034 1017 1178 1077 Veronae

172 1101 291 1161 militum
319 1100 414 1176 ieret,
443 1099 607 1178 Padumque
632 1107 661 1159 et
686 1115 768 1160 raare
791 1099 998 1165 commeatibus
1021 1098 1176 1178 compleri.

150 1192 256 1244 uernat
276 1183 351 1243 inter
372 1182 462 1244 duoes
483 1184 531 1262 qui
556 1191 708 1244 necterent
727 1199 840 1248 moret:
867 1185 976 1264 quippe
994 1183 1098 1246 nimius
1119 1183 1177 1244 iam

61 1294 64 1301 ·
172 1267 334 1344 Antonius,
354 1275 383 1326 et
399 1267 523 1328 oertiora
541 1285 579 1328 ex
593 1267 727 1328 lluoiauo
742 1267 945 1348 sperabantur.
973 1283 1098 1346 namque
1112 1265 1177 1328 llu-

174 1352 273 1412 oianus
288 1359 346 1412 tam
365 1349 457 1412 asieri
471 1351 594 1413 viatoria
617 1353 733 1428 auxius,
753 1359 782 1412 et
800 1351 829 1412 ui
844 1349 1073 1431 praemunire
1090 1359 1176 1428 pote-

172 1443 269 1511 retur,
280 1445 475 1514 expertem-se
487 1434 559 1496 belli
568 1435 742 1514 gloriaeque
752 1443 842 1512 ratus,
855 1434 1180 1498 albuinumetl'arum

172 1518 267 1579 media
289 1517 489 1599 scriptitabat,
512 1519 672 1580 instandum
694 1520 815 1598 coeptis
831 1529 880 1582 sut
900 1537 1002 1580 rursus
1021 1515 1177 1584 ounotandi

137 1618 162 1660 ro
173 1603 311 1664 utilitates
321 1601 505 1679 edisserens,
518 1603 856 1682 utqusitaoompositus,
868 1611 948 1664 utex
960 1610 1176 1666 ereaturarum

172 1685 297 1747 adversa
317 1685 458 1746 abnueret
480 1684 529 1746 vel
551 1701 693 1765 prospera
713 1685 918 1763 adpuoseeret.
962 1686 1085 1747 Plotium
1112 1684 1176 1746 Gri-

172 1769 276 1849 pburn‚
298 1787 390 1848 nuper
411 1786 428 1828 a
446 1767 631 1848 Vespasiano
652 1769 681 1828 in
703 1770 878 1832 musterium
896 1766 1178 1830 orlinsnolsoitum

172 1869 207 1912 ao
228 1851 339 1929 legioni
363 1853 575 1931 praepositum,
599 1860 776 1932 ceterosque
798 1853 853 1914 sibi
873 1853 947 1914 lidos
964 1853 1094 1931 apertius
1111 1869 1177 1910 mo-

172 1935 247 2010 nuit,
273 1933 361 2014 bique
384 1951 484 1996 ornnes
507 1935 545 1996 de
563 1936 750 1998 festinatione
765 1935 853 1998 Primi
872 1955 908 1999 ao
922 1937 993 1997 Vari
1009 1935 1126 1996 sinistre
1145 1944 1179 1994 et
1270 1969 1271 1972 =

137 2017 304 2092 stliuoiano
328 2018 456 2080 volentia
474 2021 667 2100 resonipsene.
709 2019 813 2099 quibus
834 2019 966 2100 epistulis
990 2019 1176 2096 Vespasiano

171 2102 267 2162 missis
291 2103 448 2180 olieoerat,
471 2113 502 2164 ut
521 2120 577 2164 uou
601 2121 655 2182 pro
676 2121 731 2183 spe
752 2101 870 2164 Antonii
898 2103 1020 2164 oonsilia
1038 2102 1178 2180 laetaque

172 2187 235 2246 eius
249 2187 480 2248 aestimarentur.

235 2268 287 2331 53.
310 2268 412 2347 Aegre
428 2271 456 2330 id
472 2272 531 2349 pati
547 2269 694 2330 Antonius
705 2278 735 2330 et
751 2269 865 2349 eulpam
880 2270 908 2329 iu
925 2270 1087 2332 bluoianum
1103 2287 1177 2330 oou·

170 2354 266 2428 ierre,
283 2355 364 2413 ouius
378 2353 620 2414 criminationibus
636 2352 807 2414 eviluissent
819 2354 948 2434 pericula
959 2371 1026 2424 sua;
1040 2371 1096 2414 neo
1111 2372 1177 2413 ser-

169 2435 303 2497 monibus
322 2435 517 2515 tempsrabat,
539 2435 698 2498 inmodicus
719 2437 818 2516 linqua
838 2447 867 2498 et
882 2437 1016 2516 obsequii
1031 2437 1176 2498 insolens.

170 2520 273 2580 literas
294 2519 331 2580 ad
346 2519 559 2600 Vespasianum
582 2521 748 2600 composuit
766 2522 919 2583 iaetautlus
938 2539 1022 2601 quam
1044 2519 1081 2581 ad
1095 2521 1176 2599 priu-

145 2605 283 2682 uoipem,
298 2621 355 2664 neo
372 2605 435 2664 sine
453 2606 570 2668 oouulta
590 2605 620 2665 iu
633 2605 795 2668 bluoianum
814 2605 1023 2666 insectatione:
1049 2623 1083 2664 se
1101 2604 1175 2666 Pau-

170 2688 291 2747 uonioas
306 2686 442 2764 legiones
464 2692 493 2748 iu
516 2706 594 2750 arnna
608 2690 722 2766 egisse:
747 2689 807 2750 suis
828 2688 949 2752 seruulis
963 2688 1077 2749 excitos
1093 2687 1172 2748 bloe-

170 2770 231 2830 siae
248 2769 354 2848 duoes,
376 2789 427 2831 sua
445 2774 605 2833 constantia
626 2782 780 2851 perruptas
796 2772 907 2852 Alpes,
932 2781 1102 2850 oooupatam
1117 2770 1175 2832 lta-

170 2853 252 2930 liam,
271 2854 448 2933 intersaepta
470 2855 676 2917 Germanorum
698 2856 915 2936 Raetorumque
935 2855 1049 2918 auxilia.
1094 2855 1174 2932 quod

170 2935 324 2996 discordes
346 2937 555 3018 dispersasque
576 2939 687 3000 Vitellii
716 2939 850 3018 legiones
874 2941 1002 3019 equestri
1031 2935 1175 3018 procella,

133 3037 238 3082 aornox
261 3019 388 3099 peditum
408 3024 436 3082 ri
457 3041 511 3101 per
533 3024 609 3084 diem
622 3032 798 3103 noetemque
814 3023 954 3100 fudisset,
969 3022 998 3083 id
1012 3021 1175 3101 pulcherri-

170 3122 245 3164 mum
262 3113 293 3164 et
307 3105 351 3163 soi
367 3106 478 3183 operis.
505 3125 603 3167 casum
619 3105 783 3168 Cremonae
803 3105 884 3168 bello
898 3104 1098 3187 inputandam:
1113 3122 1179 3166 ma-

170 3191 233 3248 iore
249 3187 367 3261 damno,
390 3189 513 3267 plurium
534 3191 645 3252 urbium
666 3190 789 3252 exoidiis
808 3199 927 3252 ueteres
943 3191 1048 3250 oivium
1062 3187 1175 3249 diseor·

171 3270 232 3331 dias
249 3273 292 3330 rei
311 3271 446 3351 publioae
460 3274 587 3334 stetisse.
610 3291 669 3335 nou
684 3293 718 3334 se
732 3276 836 3335 nuntiis
847 3293 943 3354 neque
958 3273 1090 3352 epistulis
1100 3317 1109 3348 ,
1119 3273 1177 3334 sed

170 3371 254 3412 manu
270 3363 300 3412 et
315 3356 401 3415 armis
414 3356 582 3434 imperatori
598 3375 652 3420 suo
663 3357 802 3426 militare;
814 3375 910 3437 neque
922 3358 1044 3419 oiiioare
1056 3356 1175 3433 ,gloriae

138 3451 272 3494 saeorum
285 3436 333 3510 qui
343 3433 580 3498 Daoiamioterim
593 3443 825 3520 oomposueriut:
842 3439 900 3502 illis
912 3440 1043 3504 bloeaiae
1059 3457 1177 3519 paoem,
