<?xml version="1.0" encoding="UTF-8"?>
<!DOCTYPE html PUBLIC "-//W3C//DTD XHTML 1.0 Transitional//EN"
    "http://www.w3.org/TR/xhtml1/DTD/xhtml1-transitional.dtd">
<html xmlns="http://www.w3.org/1999/xhtml" xml:lang="en" lang="en">
 <head>
  <title>
</title>
<meta http-equiv="Content-Type" content="text/html;charset=utf-8" />
  <meta name='ocr-system' content='tesseract 3.04.00' />
  <meta name='ocr-capabilities' content='ocr_page ocr_carea ocr_par ocr_line ocrx_word'/>
</head>
<body>
  <div class='ocr_page' id='page_1' title='image "./libriquisupersu02tacigoog/libriquisupersu02tacigoog_0303.png"; bbox 0 0 2596 3872; ppageno 0'>
   <div class='ocr_carea' id='block_1_1' title="bbox 151 110 899 171">
    <p class='ocr_par' dir='ltr' id='par_1_1' title="bbox 151 110 899 171">
     <span class='ocr_line' id='line_1_1' title="bbox 151 110 899 171; baseline -0.011 0"><span class='ocrx_word' id='word_1_1' title='bbox 151 110 215 170; x_wconf 78' lang='lat'><strong>244</strong></span> <span class='ocrx_word' id='word_1_2' title='bbox 403 122 568 171; x_wconf 84' lang='lat' dir='ltr'><strong>coanacrr</strong></span> <span class='ocrx_word' id='word_1_3' title='bbox 584 117 899 168; x_wconf 79' lang='lat' dir='ltr'><strong>uncrursrsusmmr</strong></span> 
     </span>
    </p>
   </div>
   <div class='ocr_carea' id='block_1_2' title="bbox 118 269 1158 1782">
    <p class='ocr_par' dir='ltr' id='par_1_2' title="bbox 152 269 1155 524">
     <span class='ocr_line' id='line_1_2' title="bbox 152 269 1155 354; baseline -0.003 -20"><span class='ocrx_word' id='word_1_4' title='bbox 152 283 214 352; x_wconf 90' lang='lat' dir='ltr'><strong>est,</strong></span> <span class='ocrx_word' id='word_1_5' title='bbox 235 283 267 334; x_wconf 92' lang='lat' dir='ltr'><strong>ut</strong></span> <span class='ocrx_word' id='word_1_6' title='bbox 289 277 371 354; x_wconf 80' lang='lat' dir='ltr'><strong>quasi</strong></span> <span class='ocrx_word' id='word_1_7' title='bbox 391 275 599 336; x_wconf 79' lang='lat' dir='ltr'><strong>infensantibus</strong></span> <span class='ocrx_word' id='word_1_8' title='bbox 618 271 681 333; x_wconf 90' lang='lat' dir='ltr'><strong>deis</strong></span> <span class='ocrx_word' id='word_1_9' title='bbox 701 273 791 332; x_wconf 86' lang='lat' dir='ltr'><strong>exitio</strong></span> <span class='ocrx_word' id='word_1_10' title='bbox 808 269 881 332; x_wconf 91' lang='lat' dir='ltr'><strong>tradi</strong></span> <span class='ocrx_word' id='word_1_11' title='bbox 904 270 1083 332; x_wconf 78' lang='lat' dir='ltr'><strong>crederetur.</strong></span> <span class='ocrx_word' id='word_1_12' title='bbox 1116 273 1155 332; x_wconf 88' lang='lat' dir='ltr'><strong>ob</strong></span> 
     </span>
     <span class='ocr_line' id='line_1_3' title="bbox 152 355 1155 438; baseline -0.003 -19"><span class='ocrx_word' id='word_1_13' title='bbox 152 359 228 419; x_wconf 84' lang='lat' dir='ltr'><strong>ltuec</strong></span> <span class='ocrx_word' id='word_1_14' title='bbox 245 360 442 420; x_wconf 76' lang='lat' dir='ltr'><strong>consalutatus</strong></span> <span class='ocrx_word' id='word_1_15' title='bbox 460 361 616 438; x_wconf 86' lang='lat' dir='ltr'><strong>imperator</strong></span> <span class='ocrx_word' id='word_1_16' title='bbox 631 356 728 433; x_wconf 93' lang='lat' dir='ltr'><strong>Nero,</strong></span> <span class='ocrx_word' id='word_1_17' title='bbox 753 364 781 414; x_wconf 90' lang='lat' dir='ltr'><strong>et</strong></span> <span class='ocrx_word' id='word_1_18' title='bbox 803 366 920 417; x_wconf 89' lang='lat' dir='ltr'><strong>senatus</strong></span> <span class='ocrx_word' id='word_1_19' title='bbox 939 355 1071 416; x_wconf 90' lang='lat' dir='ltr'><strong>consulto</strong></span> <span class='ocrx_word' id='word_1_20' title='bbox 1087 375 1155 436; x_wconf 91' lang='lat' dir='ltr'><strong>sup·</strong></span> 
     </span>
     <span class='ocr_line' id='line_1_4' title="bbox 153 441 1155 524; baseline -0.001 -22"><span class='ocrx_word' id='word_1_21' title='bbox 153 443 328 524; x_wconf 90' lang='lat' dir='ltr'><strong>plicationes</strong></span> <span class='ocrx_word' id='word_1_22' title='bbox 346 443 480 520; x_wconf 86' lang='lat' dir='ltr'><strong>habitae,</strong></span> <span class='ocrx_word' id='word_1_23' title='bbox 504 450 673 521; x_wconf 83' lang='lat' dir='ltr'><strong>statuaeque</strong></span> <span class='ocrx_word' id='word_1_24' title='bbox 689 448 718 499; x_wconf 93' lang='lat' dir='ltr'><strong>et</strong></span> <span class='ocrx_word' id='word_1_25' title='bbox 733 457 818 499; x_wconf 90' lang='lat' dir='ltr'><strong>arcus</strong></span> <span class='ocrx_word' id='word_1_26' title='bbox 835 448 864 499; x_wconf 89' lang='lat' dir='ltr'><strong>et</strong></span> <span class='ocrx_word' id='word_1_27' title='bbox 879 441 1007 501; x_wconf 78' lang='lat' dir='ltr'><strong>continui</strong></span> <span class='ocrx_word' id='word_1_28' title='bbox 1022 441 1155 501; x_wconf 86' lang='lat' dir='ltr'><strong>consula·</strong></span> 
     </span>
    </p>

    <p class='ocr_par' dir='ltr' id='par_1_3' title="bbox 119 523 1157 940">
     <span class='ocr_line' id='line_1_5' title="bbox 119 523 1157 608; baseline -0.001 -24"><span class='ocrx_word' id='word_1_29' title='bbox 119 537 199 589; x_wconf 77' lang='lat' dir='ltr'><strong>notura</strong></span> <span class='ocrx_word' id='word_1_30' title='bbox 217 528 360 608; x_wconf 83' lang='lat' dir='ltr'><strong>principi,</strong></span> <span class='ocrx_word' id='word_1_31' title='bbox 381 534 469 604; x_wconf 92' lang='lat' dir='ltr'><strong>utque</strong></span> <span class='ocrx_word' id='word_1_32' title='bbox 489 527 564 584; x_wconf 91' lang='lat' dir='ltr'><strong>inter</strong></span> <span class='ocrx_word' id='word_1_33' title='bbox 578 525 672 585; x_wconf 89' lang='lat' dir='ltr'><strong>iestos</strong></span> <span class='ocrx_word' id='word_1_34' title='bbox 688 524 848 584; x_wconf 79' lang='lat' dir='ltr'><strong>referretur</strong></span> <span class='ocrx_word' id='word_1_35' title='bbox 865 523 945 602; x_wconf 91' lang='lat' dir='ltr'><strong>dies,</strong></span> <span class='ocrx_word' id='word_1_36' title='bbox 969 541 1027 604; x_wconf 94' lang='lat' dir='ltr'><strong>quo</strong></span> <span class='ocrx_word' id='word_1_37' title='bbox 1043 533 1157 604; x_wconf 89' lang='lat' dir='ltr'><strong>patrata</strong></span> 
     </span>
     <span class='ocr_line' id='line_1_6' title="bbox 155 607 1156 689; baseline -0.006 -17"><span class='ocrx_word' id='word_1_38' title='bbox 155 614 292 689; x_wconf 85' lang='lat' dir='ltr'><strong>victoria,</strong></span> <span class='ocrx_word' id='word_1_39' title='bbox 315 627 372 689; x_wconf 94' lang='lat' dir='ltr'><strong>quo</strong></span> <span class='ocrx_word' id='word_1_40' title='bbox 393 611 536 686; x_wconf 91' lang='lat' dir='ltr'><strong>nuntiata,</strong></span> <span class='ocrx_word' id='word_1_41' title='bbox 560 626 617 687; x_wconf 92' lang='lat' dir='ltr'><strong>quo</strong></span> <span class='ocrx_word' id='word_1_42' title='bbox 632 608 752 669; x_wconf 91' lang='lat' dir='ltr'><strong>relatum</strong></span> <span class='ocrx_word' id='word_1_43' title='bbox 769 607 805 668; x_wconf 95' lang='lat' dir='ltr'><strong>de</strong></span> <span class='ocrx_word' id='word_1_44' title='bbox 827 626 860 668; x_wconf 90' lang='lat' dir='ltr'><strong>ea</strong></span> <span class='ocrx_word' id='word_1_45' title='bbox 878 617 975 686; x_wconf 91' lang='lat' dir='ltr'><strong>esset,</strong></span> <span class='ocrx_word' id='word_1_46' title='bbox 997 607 1111 688; x_wconf 87' lang='lat' dir='ltr'><strong>aliaque</strong></span> <span class='ocrx_word' id='word_1_47' title='bbox 1126 608 1156 667; x_wconf 90' lang='lat' dir='ltr'><strong>in</strong></span> 
     </span>
     <span class='ocr_line' id='line_1_7' title="bbox 154 691 1155 770; baseline -0.007 -14"><span class='ocrx_word' id='word_1_48' title='bbox 154 694 273 756; x_wconf 89' lang='lat' dir='ltr'><strong>eandem</strong></span> <span class='ocrx_word' id='word_1_49' title='bbox 294 693 414 755; x_wconf 79' lang='lat' dir='ltr'><strong>formam</strong></span> <span class='ocrx_word' id='word_1_50' title='bbox 436 693 644 770; x_wconf 89' lang='lat' dir='ltr'><strong>decernuntur,</strong></span> <span class='ocrx_word' id='word_1_51' title='bbox 672 692 747 752; x_wconf 92' lang='lat' dir='ltr'><strong>adeo</strong></span> <span class='ocrx_word' id='word_1_52' title='bbox 766 692 881 752; x_wconf 93' lang='lat' dir='ltr'><strong>modum</strong></span> <span class='ocrx_word' id='word_1_53' title='bbox 904 710 1044 770; x_wconf 75' lang='lat' dir='ltr'><strong>egressa,</strong></span> <span class='ocrx_word' id='word_1_54' title='bbox 1068 702 1097 752; x_wconf 96' lang='lat' dir='ltr'><strong>ut</strong></span> <span class='ocrx_word' id='word_1_55' title='bbox 1121 691 1155 752; x_wconf 87' lang='lat' dir='ltr'><strong>G.</strong></span> 
     </span>
     <span class='ocr_line' id='line_1_8' title="bbox 154 776 1157 856; baseline -0.004 -16"><span class='ocrx_word' id='word_1_56' title='bbox 154 778 272 840; x_wconf 82' lang='lat' dir='ltr'><strong>Cassius</strong></span> <span class='ocrx_word' id='word_1_57' title='bbox 294 776 330 836; x_wconf 88' lang='lat' dir='ltr'><strong>de</strong></span> <span class='ocrx_word' id='word_1_58' title='bbox 352 777 459 836; x_wconf 91' lang='lat' dir='ltr'><strong>ceteris</strong></span> <span class='ocrx_word' id='word_1_59' title='bbox 483 777 642 836; x_wconf 90' lang='lat' dir='ltr'><strong>honoribus</strong></span> <span class='ocrx_word' id='word_1_60' title='bbox 663 776 822 854; x_wconf 81' lang='lat' dir='ltr'><strong>adsensus,</strong></span> <span class='ocrx_word' id='word_1_61' title='bbox 849 779 873 836; x_wconf 90' lang='lat' dir='ltr'><strong>si</strong></span> <span class='ocrx_word' id='word_1_62' title='bbox 896 793 950 856; x_wconf 93' lang='lat' dir='ltr'><strong>pro</strong></span> <span class='ocrx_word' id='word_1_63' title='bbox 975 776 1157 853; x_wconf 80' lang='lat' dir='ltr'><strong>benignitate</strong></span> 
     </span>
     <span class='ocr_line' id='line_1_9' title="bbox 152 859 1156 940; baseline -0.003 -18"><span class='ocrx_word' id='word_1_64' title='bbox 152 863 285 922; x_wconf 82' lang='lat' dir='ltr'><strong>fortunae</strong></span> <span class='ocrx_word' id='word_1_65' title='bbox 302 859 346 920; x_wconf 92' lang='lat' dir='ltr'><strong>dis</strong></span> <span class='ocrx_word' id='word_1_66' title='bbox 360 869 461 938; x_wconf 76' lang='lat' dir='ltr'><strong>grates</strong></span> <span class='ocrx_word' id='word_1_67' title='bbox 473 870 638 938; x_wconf 78' lang='lat' dir='ltr'><strong>agerentur,</strong></span> <span class='ocrx_word' id='word_1_68' title='bbox 652 879 688 920; x_wconf 93' lang='lat' dir='ltr'><strong>ne</strong></span> <span class='ocrx_word' id='word_1_69' title='bbox 702 868 793 920; x_wconf 92' lang='lat' dir='ltr'><strong>totum</strong></span> <span class='ocrx_word' id='word_1_70' title='bbox 804 861 919 940; x_wconf 91' lang='lat' dir='ltr'><strong>quidem</strong></span> <span class='ocrx_word' id='word_1_71' title='bbox 933 877 1035 920; x_wconf 89' lang='lat' dir='ltr'><strong>annum</strong></span> <span class='ocrx_word' id='word_1_72' title='bbox 1046 860 1156 940; x_wconf 91' lang='lat' dir='ltr'><strong>suppli·</strong></span> 
     </span>
    </p>

    <p class='ocr_par' dir='ltr' id='par_1_4' title="bbox 118 943 1158 1193">
     <span class='ocr_line' id='line_1_10' title="bbox 118 943 1158 1024; baseline -0.002 -19"><span class='ocrx_word' id='word_1_73' title='bbox 118 961 143 999; x_wconf 70' lang='grc' dir='ltr'>π</span> <span class='ocrx_word' id='word_1_74' title='bbox 154 943 313 1006; x_wconf 89' lang='lat' dir='ltr'><strong>cationibus</strong></span> <span class='ocrx_word' id='word_1_75' title='bbox 329 945 466 1004; x_wconf 85' lang='lat' dir='ltr'><strong>suiticere</strong></span> <span class='ocrx_word' id='word_1_76' title='bbox 482 945 665 1022; x_wconf 86' lang='lat' dir='ltr'><strong>disseruerit,</strong></span> <span class='ocrx_word' id='word_1_77' title='bbox 682 961 777 1023; x_wconf 90' lang='lat' dir='ltr'><strong>eoque</strong></span> <span class='ocrx_word' id='word_1_78' title='bbox 792 953 933 1024; x_wconf 87' lang='lat' dir='ltr'><strong>oportere</strong></span> <span class='ocrx_word' id='word_1_79' title='bbox 948 943 1035 1004; x_wconf 90' lang='lat' dir='ltr'><strong>dividi</strong></span> <span class='ocrx_word' id='word_1_80' title='bbox 1054 961 1158 1005; x_wconf 85' lang='lat' dir='ltr'><strong>sacros</strong></span> 
     </span>
     <span class='ocr_line' id='line_1_11' title="bbox 152 1027 1156 1108; baseline -0.002 -20"><span class='ocrx_word' id='word_1_81' title='bbox 152 1039 180 1088; x_wconf 93' lang='lat' dir='ltr'><strong>et</strong></span> <span class='ocrx_word' id='word_1_82' title='bbox 195 1030 367 1106; x_wconf 80' lang='lat' dir='ltr'><strong>negotiosos</strong></span> <span class='ocrx_word' id='word_1_83' title='bbox 382 1027 465 1108; x_wconf 90' lang='lat' dir='ltr'><strong>dies,</strong></span> <span class='ocrx_word' id='word_1_84' title='bbox 487 1029 550 1107; x_wconf 90' lang='lat' dir='ltr'><strong>quis</strong></span> <span class='ocrx_word' id='word_1_85' title='bbox 571 1027 666 1088; x_wconf 89' lang='lat' dir='ltr'><strong>divina</strong></span> <span class='ocrx_word' id='word_1_86' title='bbox 687 1027 819 1088; x_wconf 90' lang='lat' dir='ltr'><strong>colerent</strong></span> <span class='ocrx_word' id='word_1_87' title='bbox 840 1036 870 1088; x_wconf 88' lang='lat' dir='ltr'><strong>et</strong></span> <span class='ocrx_word' id='word_1_88' title='bbox 887 1028 1008 1088; x_wconf 86' lang='lat' dir='ltr'><strong>bumana</strong></span> <span class='ocrx_word' id='word_1_89' title='bbox 1030 1046 1088 1088; x_wconf 93' lang='lat' dir='ltr'><strong>non</strong></span> <span class='ocrx_word' id='word_1_90' title='bbox 1105 1029 1156 1087; x_wconf 93' lang='lat' dir='ltr'><strong>im-</strong></span> 
     </span>
     <span class='ocr_line' id='line_1_12' title="bbox 152 1110 295 1193; baseline -0.014 -19"><span class='ocrx_word' id='word_1_91' title='bbox 152 1110 295 1193; x_wconf 90' lang='lat' dir='ltr'><strong>pedirent.</strong></span> 
     </span>
    </p>

    <p class='ocr_par' dir='ltr' id='par_1_5' title="bbox 151 1195 1157 1528">
     <span class='ocr_line' id='line_1_13' title="bbox 221 1195 1157 1258; baseline -0.002 -2"><span class='ocrx_word' id='word_1_92' title='bbox 221 1196 273 1257; x_wconf 81' lang='lat'><strong>42.</strong></span> <span class='ocrx_word' id='word_1_93' title='bbox 300 1197 398 1256; x_wconf 85' lang='lat' dir='ltr'><strong>Variis</strong></span> <span class='ocrx_word' id='word_1_94' title='bbox 423 1195 528 1255; x_wconf 91' lang='lat' dir='ltr'><strong>deinde</strong></span> <span class='ocrx_word' id='word_1_95' title='bbox 555 1195 670 1256; x_wconf 88' lang='lat' dir='ltr'><strong>casibus</strong></span> <span class='ocrx_word' id='word_1_96' title='bbox 704 1197 825 1258; x_wconf 88' lang='lat' dir='ltr'><strong>iactatus</strong></span> <span class='ocrx_word' id='word_1_97' title='bbox 854 1205 884 1257; x_wconf 92' lang='lat' dir='ltr'><strong>et</strong></span> <span class='ocrx_word' id='word_1_98' title='bbox 913 1196 1064 1256; x_wconf 90' lang='lat' dir='ltr'><strong>multorum</strong></span> <span class='ocrx_word' id='word_1_99' title='bbox 1090 1195 1157 1256; x_wconf 92' lang='lat' dir='ltr'><strong>odia</strong></span> 
     </span>
     <span class='ocr_line' id='line_1_14' title="bbox 151 1278 1157 1358; baseline -0.003 -16"><span class='ocrx_word' id='word_1_100' title='bbox 151 1281 271 1342; x_wconf 89' lang='lat' dir='ltr'><strong>meritus</strong></span> <span class='ocrx_word' id='word_1_101' title='bbox 295 1297 378 1358; x_wconf 93' lang='lat' dir='ltr'><strong>reus,</strong></span> <span class='ocrx_word' id='word_1_102' title='bbox 405 1279 480 1340; x_wconf 89' lang='lat' dir='ltr'><strong>haud</strong></span> <span class='ocrx_word' id='word_1_103' title='bbox 506 1288 601 1340; x_wconf 89' lang='lat' dir='ltr'><strong>tamen</strong></span> <span class='ocrx_word' id='word_1_104' title='bbox 623 1281 685 1340; x_wconf 87' lang='lat' dir='ltr'><strong>sine</strong></span> <span class='ocrx_word' id='word_1_105' title='bbox 710 1278 817 1342; x_wconf 81' lang='lat' dir='ltr'><strong>invidia</strong></span> <span class='ocrx_word' id='word_1_106' title='bbox 839 1282 972 1341; x_wconf 79' lang='lat' dir='ltr'><strong>Senecae</strong></span> <span class='ocrx_word' id='word_1_107' title='bbox 997 1280 1157 1340; x_wconf 87' lang='lat' dir='ltr'><strong>damnatur.</strong></span> 
     </span>
     <span class='ocr_line' id='line_1_15' title="bbox 152 1363 1156 1444; baseline 0 -20"><span class='ocrx_word' id='word_1_108' title='bbox 152 1368 177 1425; x_wconf 88' lang='lat' dir='ltr'><strong>is</strong></span> <span class='ocrx_word' id='word_1_109' title='bbox 197 1365 250 1425; x_wconf 84' lang='lat' dir='ltr'><strong>tuit</strong></span> <span class='ocrx_word' id='word_1_110' title='bbox 269 1364 301 1424; x_wconf 88' lang='grc' dir='ltr'><strong>Ρ.</strong></span> <span class='ocrx_word' id='word_1_111' title='bbox 318 1363 452 1443; x_wconf 89' lang='lat' dir='ltr'><strong>Suillius,</strong></span> <span class='ocrx_word' id='word_1_112' title='bbox 474 1365 656 1444; x_wconf 85' lang='lat' dir='ltr'><strong>imperitante</strong></span> <span class='ocrx_word' id='word_1_113' title='bbox 678 1363 799 1426; x_wconf 85' lang='lat' dir='ltr'><strong>Claudio</strong></span> <span class='ocrx_word' id='word_1_114' title='bbox 821 1364 961 1425; x_wconf 89' lang='lat' dir='ltr'><strong>terribilis</strong></span> <span class='ocrx_word' id='word_1_115' title='bbox 984 1382 1019 1424; x_wconf 91' lang='lat' dir='ltr'><strong>ac</strong></span> <span class='ocrx_word' id='word_1_116' title='bbox 1043 1363 1156 1424; x_wconf 88' lang='lat' dir='ltr'><strong>venalis</strong></span> 
     </span>
     <span class='ocr_line' id='line_1_16' title="bbox 154 1447 1157 1528; baseline -0.005 -16"><span class='ocrx_word' id='word_1_117' title='bbox 154 1458 182 1512; x_wconf 88' lang='lat' dir='ltr'><strong>et</strong></span> <span class='ocrx_word' id='word_1_118' title='bbox 204 1448 360 1510; x_wconf 88' lang='lat' dir='ltr'><strong>mutatione</strong></span> <span class='ocrx_word' id='word_1_119' title='bbox 385 1457 547 1528; x_wconf 90' lang='lat' dir='ltr'><strong>temporum</strong></span> <span class='ocrx_word' id='word_1_120' title='bbox 575 1464 634 1508; x_wconf 93' lang='lat' dir='ltr'><strong>non</strong></span> <span class='ocrx_word' id='word_1_121' title='bbox 654 1457 789 1528; x_wconf 90' lang='lat' dir='ltr'><strong>quantum</strong></span> <span class='ocrx_word' id='word_1_122' title='bbox 813 1448 921 1509; x_wconf 89' lang='lat' dir='ltr'><strong>inimici</strong></span> <span class='ocrx_word' id='word_1_123' title='bbox 945 1456 1086 1526; x_wconf 88' lang='lat' dir='ltr'><strong>cuperent</strong></span> <span class='ocrx_word' id='word_1_124' title='bbox 1106 1447 1157 1508; x_wconf 93' lang='lat' dir='ltr'><strong>de-</strong></span> 
     </span>
    </p>

    <p class='ocr_par' dir='ltr' id='par_1_6' title="bbox 130 1531 1158 1782">
     <span class='ocr_line' id='line_1_17' title="bbox 130 1531 1158 1614; baseline -0.004 -20"><span class='ocrx_word' id='word_1_125' title='bbox 130 1538 257 1596; x_wconf 86' lang='lat' dir='ltr'><strong>smissus</strong></span> <span class='ocrx_word' id='word_1_126' title='bbox 280 1532 386 1612; x_wconf 91' lang='lat' dir='ltr'><strong>quique</strong></span> <span class='ocrx_word' id='word_1_127' title='bbox 408 1551 440 1593; x_wconf 90' lang='lat' dir='ltr'><strong>se</strong></span> <span class='ocrx_word' id='word_1_128' title='bbox 462 1541 614 1593; x_wconf 89' lang='lat' dir='ltr'><strong>nocentem</strong></span> <span class='ocrx_word' id='word_1_129' title='bbox 635 1532 728 1593; x_wconf 89' lang='lat' dir='ltr'><strong>videri</strong></span> <span class='ocrx_word' id='word_1_130' title='bbox 755 1549 838 1612; x_wconf 89' lang='lat' dir='ltr'><strong>quam</strong></span> <span class='ocrx_word' id='word_1_131' title='bbox 864 1533 1025 1614; x_wconf 87' lang='lat' dir='ltr'><strong>supplicem</strong></span> <span class='ocrx_word' id='word_1_132' title='bbox 1047 1531 1158 1592; x_wconf 91' lang='lat' dir='ltr'><strong>mallet.</strong></span> 
     </span>
     <span class='ocr_line' id='line_1_18' title="bbox 154 1607 1157 1698; baseline -0.005 -18"><span class='ocrx_word' id='word_1_133' title='bbox 154 1621 216 1680; x_wconf 88' lang='lat' dir='ltr'><strong>eius</strong></span> <span class='ocrx_word' id='word_1_134' title='bbox 235 1616 417 1698; x_wconf 91' lang='lat' dir='ltr'><strong>opprimendi</strong></span> <span class='ocrx_word' id='word_1_135' title='bbox 437 1618 531 1694; x_wconf 73' lang='lat' dir='ltr'><strong>gratia</strong></span> <span class='ocrx_word' id='word_1_136' title='bbox 547 1617 702 1694; x_wconf 92' lang='lat' dir='ltr'><strong>repetitum</strong></span> <span class='ocrx_word' id='word_1_137' title='bbox 719 1615 892 1677; x_wconf 89' lang='lat' dir='ltr'><strong>credebatur</strong></span> <span class='ocrx_word' id='word_1_138' title='bbox 909 1625 1026 1677; x_wconf 87' lang='lat' dir='ltr'><strong>senatus</strong></span> <span class='ocrx_word' id='word_1_139' title='bbox 1042 1607 1157 1676; x_wconf 80' lang='lat' dir='ltr'><strong>c&#39;onsul·</strong></span> 
     </span>
     <span class='ocr_line' id='line_1_19' title="bbox 153 1699 1158 1782; baseline -0.004 -19"><span class='ocrx_word' id='word_1_140' title='bbox 153 1715 210 1763; x_wconf 91' lang='lat' dir='ltr'><strong>tum</strong></span> <span class='ocrx_word' id='word_1_141' title='bbox 227 1719 380 1782; x_wconf 90' lang='lat' dir='ltr'><strong>poenaque</strong></span> <span class='ocrx_word' id='word_1_142' title='bbox 397 1699 516 1760; x_wconf 87' lang='lat' dir='ltr'><strong>Cinciae</strong></span> <span class='ocrx_word' id='word_1_143' title='bbox 531 1700 608 1777; x_wconf 79' lang='lat' dir='ltr'><strong>legis</strong></span> <span class='ocrx_word' id='word_1_144' title='bbox 623 1699 775 1761; x_wconf 85' lang='lat' dir='ltr'><strong>adversum</strong></span> <span class='ocrx_word' id='word_1_145' title='bbox 797 1718 849 1760; x_wconf 91' lang='lat' dir='ltr'><strong>eos</strong></span> <span class='ocrx_word' id='word_1_146' title='bbox 871 1701 919 1780; x_wconf 94' lang='lat' dir='ltr'><strong>qui</strong></span> <span class='ocrx_word' id='word_1_147' title='bbox 938 1700 1032 1780; x_wconf 91' lang='lat' dir='ltr'><strong>pretio</strong></span> <span class='ocrx_word' id='word_1_148' title='bbox 1054 1717 1158 1760; x_wconf 87' lang='lat' dir='ltr'><strong>causas</strong></span> 
     </span>
    </p>
   </div>
   <div class='ocr_carea' id='block_1_3' title="bbox 154 1773 1296 1866">
    <p class='ocr_par' dir='ltr' id='par_1_7' title="bbox 154 1773 1296 1866">
     <span class='ocr_line' id='line_1_20' title="bbox 154 1773 1296 1866; baseline -0.006 -18"><span class='ocrx_word' id='word_1_149' title='bbox 154 1788 326 1848; x_wconf 82' lang='lat' dir='ltr'><strong>oravissent.</strong></span> <span class='ocrx_word' id='word_1_150' title='bbox 356 1803 412 1845; x_wconf 87' lang='lat' dir='ltr'><strong>nec</strong></span> <span class='ocrx_word' id='word_1_151' title='bbox 427 1783 544 1845; x_wconf 90' lang='lat' dir='ltr'><strong>Suillius</strong></span> <span class='ocrx_word' id='word_1_152' title='bbox 561 1792 664 1862; x_wconf 90' lang='lat' dir='ltr'><strong>questu</strong></span> <span class='ocrx_word' id='word_1_153' title='bbox 679 1793 727 1844; x_wconf 90' lang='lat' dir='ltr'><strong>aut</strong></span> <span class='ocrx_word' id='word_1_154' title='bbox 741 1783 970 1866; x_wconf 84' lang='lat' dir='ltr'><strong>exprobratione</strong></span> <span class='ocrx_word' id='word_1_155' title='bbox 985 1782 1158 1860; x_wconf 88' lang='lat' dir='ltr'><strong>abstinebat,</strong></span> <span class='ocrx_word' id='word_1_156' title='bbox 1237 1843 1238 1846; x_wconf 65' lang='grc'>,</span> <span class='ocrx_word' id='word_1_157' title='bbox 1295 1773 1296 1824; x_wconf 72' lang='grc' dir='ltr'><strong>ἓ</strong></span> 
     </span>
    </p>
   </div>
   <div class='ocr_carea' id='block_1_4' title="bbox 51 1867 1164 2957">
    <p class='ocr_par' dir='ltr' id='par_1_8' title="bbox 51 1867 1164 2957">
     <span class='ocr_line' id='line_1_21' title="bbox 154 1867 1158 1950; baseline -0.005 -19"><span class='ocrx_word' id='word_1_158' title='bbox 154 1880 271 1950; x_wconf 88' lang='lat' dir='ltr'><strong>praeter</strong></span> <span class='ocrx_word' id='word_1_159' title='bbox 291 1869 430 1929; x_wconf 85' lang='lat' dir='ltr'><strong>ierocia&#39;m</strong></span> <span class='ocrx_word' id='word_1_160' title='bbox 456 1867 540 1927; x_wconf 92' lang='lat' dir='ltr'><strong>animi</strong></span> <span class='ocrx_word' id='word_1_161' title='bbox 569 1875 698 1928; x_wconf 85' lang='lat' dir='ltr'><strong>extrema</strong></span> <span class='ocrx_word' id='word_1_162' title='bbox 725 1878 845 1929; x_wconf 83' lang='lat' dir='ltr'><strong>senecta</strong></span> <span class='ocrx_word' id='word_1_163' title='bbox 866 1867 941 1928; x_wconf 91' lang='lat' dir='ltr'><strong>liber</strong></span> <span class='ocrx_word' id='word_1_164' title='bbox 965 1876 995 1928; x_wconf 92' lang='lat' dir='ltr'><strong>et</strong></span> <span class='ocrx_word' id='word_1_165' title='bbox 1015 1869 1158 1928; x_wconf 89' lang='lat' dir='ltr'><strong>Senecam</strong></span> 
     </span>
     <span class='ocr_line' id='line_1_22' title="bbox 120 1950 1157 2033; baseline -0.003 -19"><span class='ocrx_word' id='word_1_166' title='bbox 120 1973 145 2014; x_wconf 94' lang='lat' dir='ltr'><strong>1o</strong></span> <span class='ocrx_word' id='word_1_167' title='bbox 154 1958 310 2033; x_wconf 88' lang='lat' dir='ltr'><strong>increpans</strong></span> <span class='ocrx_word' id='word_1_168' title='bbox 324 1952 464 2012; x_wconf 81' lang='lat' dir='ltr'><strong>infensum</strong></span> <span class='ocrx_word' id='word_1_169' title='bbox 480 1951 579 2011; x_wconf 88' lang='lat' dir='ltr'><strong>amicis</strong></span> <span class='ocrx_word' id='word_1_170' title='bbox 596 1950 724 2031; x_wconf 86' lang='lat' dir='ltr'><strong>Claudii,</strong></span> <span class='ocrx_word' id='word_1_171' title='bbox 744 1952 797 2012; x_wconf 92' lang='lat' dir='ltr'><strong>sub</strong></span> <span class='ocrx_word' id='word_1_172' title='bbox 817 1968 875 2031; x_wconf 94' lang='lat' dir='ltr'><strong>quo</strong></span> <span class='ocrx_word' id='word_1_173' title='bbox 897 1952 1080 2013; x_wconf 90' lang='lat' dir='ltr'><strong>iustissimum</strong></span> <span class='ocrx_word' id='word_1_174' title='bbox 1097 1953 1157 2012; x_wconf 85' lang='lat' dir='ltr'><strong>exi·</strong></span> 
     </span>
     <span class='ocr_line' id='line_1_23' title="bbox 152 2034 1159 2119; baseline -0.003 -21"><span class='ocrx_word' id='word_1_175' title='bbox 152 2039 219 2099; x_wconf 93' lang='lat' dir='ltr'><strong>lium</strong></span> <span class='ocrx_word' id='word_1_176' title='bbox 237 2037 416 2119; x_wconf 85' lang='lat' dir='ltr'><strong>pertulisset.</strong></span> <span class='ocrx_word' id='word_1_177' title='bbox 449 2035 531 2095; x_wconf 87' lang='lat' dir='ltr'><strong>simul</strong></span> <span class='ocrx_word' id='word_1_178' title='bbox 548 2034 647 2095; x_wconf 91' lang='lat' dir='ltr'><strong>studiis</strong></span> <span class='ocrx_word' id='word_1_179' title='bbox 661 2036 801 2096; x_wconf 90' lang='lat' dir='ltr'><strong>inertibus</strong></span> <span class='ocrx_word' id='word_1_180' title='bbox 817 2044 847 2095; x_wconf 91' lang='lat' dir='ltr'><strong>et</strong></span> <span class='ocrx_word' id='word_1_181' title='bbox 859 2037 990 2097; x_wconf 85' lang='lat' dir='ltr'><strong>iuvenum</strong></span> <span class='ocrx_word' id='word_1_182' title='bbox 1005 2037 1159 2116; x_wconf 87' lang='lat' dir='ltr'><strong>inperitiae</strong></span> 
     </span>
     <span class='ocr_line' id='line_1_24' title="bbox 153 2115 1158 2200; baseline -0.006 -16"><span class='ocrx_word' id='word_1_183' title='bbox 153 2131 263 2184; x_wconf 90' lang='lat' dir='ltr'><strong>suetum</strong></span> <span class='ocrx_word' id='word_1_184' title='bbox 287 2121 380 2181; x_wconf 87' lang='lat' dir='ltr'><strong>livere</strong></span> <span class='ocrx_word' id='word_1_185' title='bbox 402 2121 455 2198; x_wconf 88' lang='lat' dir='ltr'><strong>iis,</strong></span> <span class='ocrx_word' id='word_1_186' title='bbox 482 2121 530 2199; x_wconf 95' lang='lat' dir='ltr'><strong>qui</strong></span> <span class='ocrx_word' id='word_1_187' title='bbox 551 2115 675 2179; x_wconf 82' lang='lat' dir='ltr'><strong>vividam</strong></span> <span class='ocrx_word' id='word_1_188' title='bbox 697 2128 726 2179; x_wconf 94' lang='lat' dir='ltr'><strong>et</strong></span> <span class='ocrx_word' id='word_1_189' title='bbox 746 2122 942 2199; x_wconf 86' lang='lat' dir='ltr'><strong>incorruptam</strong></span> <span class='ocrx_word' id='word_1_190' title='bbox 963 2119 1158 2200; x_wconf 89' lang='lat' dir='ltr'><strong>eloquentiam</strong></span> 
     </span>
     <span class='ocr_line' id='line_1_25' title="bbox 152 2203 1157 2283; baseline -0.002 -18"><span class='ocrx_word' id='word_1_191' title='bbox 152 2207 265 2267; x_wconf 90' lang='lat' dir='ltr'><strong>tuendis</strong></span> <span class='ocrx_word' id='word_1_192' title='bbox 284 2205 397 2265; x_wconf 87' lang='lat' dir='ltr'><strong>civibus</strong></span> <span class='ocrx_word' id='word_1_193' title='bbox 413 2212 597 2264; x_wconf 85' lang='lat' dir='ltr'><strong>exercerent.</strong></span> <span class='ocrx_word' id='word_1_194' title='bbox 633 2221 666 2264; x_wconf 90' lang='lat' dir='ltr'><strong>se</strong></span> <span class='ocrx_word' id='word_1_195' title='bbox 681 2213 868 2282; x_wconf 87' lang='lat' dir='ltr'><strong>quaestorem</strong></span> <span class='ocrx_word' id='word_1_196' title='bbox 884 2203 1063 2283; x_wconf 85' lang='lat' dir='ltr'><strong>Germanici,</strong></span> <span class='ocrx_word' id='word_1_197' title='bbox 1078 2203 1157 2264; x_wconf 94' lang='lat' dir='ltr'><strong>illum</strong></span> 
     </span>
     <span class='ocr_line' id='line_1_26' title="bbox 153 2288 1159 2368; baseline -0.004 -17"><span class='ocrx_word' id='word_1_198' title='bbox 153 2293 253 2352; x_wconf 87' lang='lat' dir='ltr'><strong>domus</strong></span> <span class='ocrx_word' id='word_1_199' title='bbox 269 2290 330 2350; x_wconf 92' lang='lat' dir='ltr'><strong>eius</strong></span> <span class='ocrx_word' id='word_1_200' title='bbox 347 2288 506 2348; x_wconf 87' lang='lat' dir='ltr'><strong>adulterum</strong></span> <span class='ocrx_word' id='word_1_201' title='bbox 519 2288 620 2347; x_wconf 88' lang='lat' dir='ltr'><strong>luisse.</strong></span> <span class='ocrx_word' id='word_1_202' title='bbox 650 2304 684 2346; x_wconf 89' lang='lat' dir='ltr'><strong>an</strong></span> <span class='ocrx_word' id='word_1_203' title='bbox 699 2289 816 2364; x_wconf 83' lang='lat' dir='ltr'><strong>gravius</strong></span> <span class='ocrx_word' id='word_1_204' title='bbox 833 2288 1036 2349; x_wconf 87' lang='lat' dir='ltr'><strong>aestimandum</strong></span> <span class='ocrx_word' id='word_1_205' title='bbox 1052 2297 1159 2368; x_wconf 93' lang='lat' dir='ltr'><strong>sponte</strong></span> 
     </span>
     <span class='ocr_line' id='line_1_27' title="bbox 121 2369 1158 2454; baseline -0.007 -16"><span class='ocrx_word' id='word_1_206' title='bbox 121 2399 143 2439; x_wconf 81' lang='lat' dir='ltr'><strong>ru</strong></span> <span class='ocrx_word' id='word_1_207' title='bbox 153 2375 309 2452; x_wconf 85' lang='lat' dir='ltr'><strong>litigatoris</strong></span> <span class='ocrx_word' id='word_1_208' title='bbox 326 2373 482 2454; x_wconf 92' lang='lat' dir='ltr'><strong>praemium</strong></span> <span class='ocrx_word' id='word_1_209' title='bbox 496 2369 638 2431; x_wconf 89' lang='lat' dir='ltr'><strong>honestae</strong></span> <span class='ocrx_word' id='word_1_210' title='bbox 654 2389 764 2450; x_wconf 89' lang='lat' dir='ltr'><strong>operae</strong></span> <span class='ocrx_word' id='word_1_211' title='bbox 780 2372 914 2452; x_wconf 88' lang='lat' dir='ltr'><strong>adsequi,</strong></span> <span class='ocrx_word' id='word_1_212' title='bbox 930 2391 1014 2452; x_wconf 91' lang='lat' dir='ltr'><strong>quam</strong></span> <span class='ocrx_word' id='word_1_213' title='bbox 1031 2391 1158 2432; x_wconf 89' lang='lat' dir='ltr'><strong>corrum-</strong></span> 
     </span>
     <span class='ocr_line' id='line_1_28' title="bbox 154 2453 1158 2540; baseline -0.004 -21"><span class='ocrx_word' id='word_1_214' title='bbox 154 2477 226 2540; x_wconf 90' lang='lat' dir='ltr'><strong>pere</strong></span> <span class='ocrx_word' id='word_1_215' title='bbox 248 2456 379 2518; x_wconf 89' lang='lat' dir='ltr'><strong>cubicula</strong></span> <span class='ocrx_word' id='word_1_216' title='bbox 401 2455 561 2536; x_wconf 91' lang='lat' dir='ltr'><strong>principum</strong></span> <span class='ocrx_word' id='word_1_217' title='bbox 581 2453 770 2516; x_wconf 76' lang='lat' dir='ltr'><strong>feminarum?</strong></span> <span class='ocrx_word' id='word_1_218' title='bbox 800 2475 855 2535; x_wconf 93' lang='lat' dir='ltr'><strong>qua</strong></span> <span class='ocrx_word' id='word_1_219' title='bbox 879 2458 1037 2538; x_wconf 89' lang='lat' dir='ltr'><strong>sapientia,</strong></span> <span class='ocrx_word' id='word_1_220' title='bbox 1055 2456 1158 2537; x_wconf 89' lang='lat' dir='ltr'><strong>quibus</strong></span> 
     </span>
     <span class='ocr_line' id='line_1_29' title="bbox 154 2539 1158 2624; baseline -0.004 -22"><span class='ocrx_word' id='word_1_221' title='bbox 154 2541 395 2624; x_wconf 88' lang='lat' dir='ltr'><strong>philosophorum</strong></span> <span class='ocrx_word' id='word_1_222' title='bbox 418 2541 586 2618; x_wconf 86' lang='lat' dir='ltr'><strong>praeceptis</strong></span> <span class='ocrx_word' id='word_1_223' title='bbox 606 2541 679 2600; x_wconf 89' lang='lat' dir='ltr'><strong>intra</strong></span> <span class='ocrx_word' id='word_1_224' title='bbox 703 2539 918 2619; x_wconf 90' lang='lat' dir='ltr'><strong>quadriennium</strong></span> <span class='ocrx_word' id='word_1_225' title='bbox 937 2542 1039 2619; x_wconf 74' lang='lat' dir='ltr'><strong>regiae</strong></span> <span class='ocrx_word' id='word_1_226' title='bbox 1061 2541 1158 2601; x_wconf 89' lang='lat' dir='ltr'><strong>amici-</strong></span> 
     </span>
     <span class='ocr_line' id='line_1_30' title="bbox 51 2621 1159 2704; baseline -0.002 -19"><span class='ocrx_word' id='word_1_227' title='bbox 51 2635 53 2640; x_wconf 84' lang='grc'><strong>“</strong></span> <span class='ocrx_word' id='word_1_228' title='bbox 153 2629 210 2686; x_wconf 89' lang='lat' dir='ltr'><strong>tiae</strong></span> <span class='ocrx_word' id='word_1_229' title='bbox 233 2635 278 2684; x_wconf 88' lang='lat' dir='ltr'><strong>tar</strong></span> <span class='ocrx_word' id='word_1_230' title='bbox 297 2624 409 2684; x_wconf 91' lang='lat' dir='ltr'><strong>miliens</strong></span> <span class='ocrx_word' id='word_1_231' title='bbox 430 2625 593 2684; x_wconf 90' lang='lat' dir='ltr'><strong>sestertium</strong></span> <span class='ocrx_word' id='word_1_232' title='bbox 610 2621 794 2704; x_wconf 82' lang='lat' dir='ltr'><strong>paravisset?</strong></span> <span class='ocrx_word' id='word_1_233' title='bbox 815 2625 927 2687; x_wconf 87' lang='lat' dir='ltr'><strong>Romae</strong></span> <span class='ocrx_word' id='word_1_234' title='bbox 944 2633 1113 2686; x_wconf 86' lang='lat' dir='ltr'><strong>testamenta</strong></span> <span class='ocrx_word' id='word_1_235' title='bbox 1129 2633 1159 2684; x_wconf 91' lang='lat' dir='ltr'><strong>et</strong></span> 
     </span>
     <span class='ocr_line' id='line_1_31' title="bbox 154 2707 1158 2788; baseline -0.003 -18"><span class='ocrx_word' id='word_1_236' title='bbox 154 2709 243 2771; x_wconf 91' lang='lat' dir='ltr'><strong>orbos</strong></span> <span class='ocrx_word' id='word_1_237' title='bbox 257 2708 336 2768; x_wconf 86' lang='lat' dir='ltr'><strong>velut</strong></span> <span class='ocrx_word' id='word_1_238' title='bbox 347 2707 485 2786; x_wconf 79' lang='lat' dir='ltr'><strong>indagine</strong></span> <span class='ocrx_word' id='word_1_239' title='bbox 503 2708 565 2768; x_wconf 91' lang='lat' dir='ltr'><strong>eius</strong></span> <span class='ocrx_word' id='word_1_240' title='bbox 581 2709 662 2788; x_wconf 91' lang='lat' dir='ltr'><strong>capi,</strong></span> <span class='ocrx_word' id='word_1_241' title='bbox 678 2707 788 2768; x_wconf 87' lang='lat' dir='ltr'><strong>ltaliam</strong></span> <span class='ocrx_word' id='word_1_242' title='bbox 804 2718 833 2769; x_wconf 91' lang='lat' dir='ltr'><strong>et</strong></span> <span class='ocrx_word' id='word_1_243' title='bbox 847 2711 1012 2788; x_wconf 87' lang='lat' dir='ltr'><strong>provincias</strong></span> <span class='ocrx_word' id='word_1_244' title='bbox 1027 2711 1158 2770; x_wconf 91' lang='lat' dir='ltr'><strong>inmenso</strong></span> 
     </span>
     <span class='ocr_line' id='line_1_32' title="bbox 121 2789 1164 2876; baseline -0.005 -19"><span class='ocrx_word' id='word_1_245' title='bbox 121 2794 276 2858; x_wconf 80' lang='lat' dir='ltr'><strong>rofaenore</strong></span> <span class='ocrx_word' id='word_1_246' title='bbox 291 2791 414 2852; x_wconf 89' lang='lat' dir='ltr'><strong>hauriri:</strong></span> <span class='ocrx_word' id='word_1_247' title='bbox 439 2799 468 2850; x_wconf 87' lang='lat' dir='ltr'><strong>at</strong></span> <span class='ocrx_word' id='word_1_248' title='bbox 491 2791 545 2850; x_wconf 92' lang='lat' dir='ltr'><strong>sibi</strong></span> <span class='ocrx_word' id='word_1_249' title='bbox 569 2791 671 2852; x_wconf 89' lang='lat' dir='ltr'><strong>labore</strong></span> <span class='ocrx_word' id='word_1_250' title='bbox 693 2794 852 2871; x_wconf 88' lang='lat' dir='ltr'><strong>quaesitam</strong></span> <span class='ocrx_word' id='word_1_251' title='bbox 870 2803 899 2855; x_wconf 91' lang='lat' dir='ltr'><strong>et</strong></span> <span class='ocrx_word' id='word_1_252' title='bbox 910 2794 1053 2876; x_wconf 83' lang='lat' dir='ltr'><strong>modicam</strong></span> <span class='ocrx_word' id='word_1_253' title='bbox 1070 2789 1164 2873; x_wconf 72' lang='lat' dir='ltr'><strong>pecu·v</strong></span> 
     </span>
     <span class='ocr_line' id='line_1_33' title="bbox 153 2875 1157 2957; baseline -0.002 -20"><span class='ocrx_word' id='word_1_254' title='bbox 153 2880 228 2938; x_wconf 88' lang='lat' dir='ltr'><strong>niam</strong></span> <span class='ocrx_word' id='word_1_255' title='bbox 240 2895 317 2936; x_wconf 89' lang='lat' dir='ltr'><strong>esse.</strong></span> <span class='ocrx_word' id='word_1_256' title='bbox 345 2876 464 2952; x_wconf 88' lang='lat' dir='ltr'><strong>crimen,</strong></span> <span class='ocrx_word' id='word_1_257' title='bbox 477 2875 647 2955; x_wconf 89' lang='lat' dir='ltr'><strong>periculum,</strong></span> <span class='ocrx_word' id='word_1_258' title='bbox 663 2878 755 2936; x_wconf 87' lang='lat' dir='ltr'><strong>omnia</strong></span> <span class='ocrx_word' id='word_1_259' title='bbox 767 2879 864 2955; x_wconf 90' lang='lat' dir='ltr'><strong>potius</strong></span> <span class='ocrx_word' id='word_1_260' title='bbox 876 2879 1062 2939; x_wconf 90' lang='lat' dir='ltr'><strong>toleraturum</strong></span> <span class='ocrx_word' id='word_1_261' title='bbox 1074 2895 1157 2957; x_wconf 91' lang='lat' dir='ltr'><strong>quam</strong></span> 
     </span>
    </p>
   </div>
   <div class='ocr_carea' id='block_1_5' title="bbox 152 2959 1296 3037">
    <p class='ocr_par' dir='ltr' id='par_1_9' title="bbox 152 2959 1296 3037">
     <span class='ocr_line' id='line_1_34' title="bbox 152 2959 1296 3037; baseline 0.001 -18"><span class='ocrx_word' id='word_1_262' title='bbox 152 2963 281 3021; x_wconf 84' lang='lat' dir='ltr'><strong>ueterem</strong></span> <span class='ocrx_word' id='word_1_263' title='bbox 327 2959 440 3034; x_wconf 82' lang='lat' dir='ltr'><strong>agendo</strong></span> <span class='ocrx_word' id='word_1_264' title='bbox 467 2968 578 3037; x_wconf 91' lang='lat' dir='ltr'><strong>partam</strong></span> <span class='ocrx_word' id='word_1_265' title='bbox 614 2959 808 3036; x_wconf 80' lang='lat' dir='ltr'><strong>dignationem</strong></span> <span class='ocrx_word' id='word_1_266' title='bbox 824 2962 935 3022; x_wconf 91' lang='lat' dir='ltr'><strong>subitae</strong></span> <span class='ocrx_word' id='word_1_267' title='bbox 949 2962 1079 3023; x_wconf 82' lang='lat' dir='ltr'><strong>felicitati</strong></span> <span class='ocrx_word' id='word_1_268' title='bbox 1092 2960 1158 3021; x_wconf 90' lang='lat' dir='ltr'><strong>sub·</strong></span> <span class='ocrx_word' id='word_1_269' title='bbox 1260 2981 1263 2986; x_wconf 92' lang='lat'>·</span> <span class='ocrx_word' id='word_1_270' title='bbox 1295 3009 1296 3020; x_wconf 67' lang='grc'>,</span> 
     </span>
    </p>
   </div>
   <div class='ocr_carea' id='block_1_6' title="bbox 152 3046 1158 3463">
    <p class='ocr_par' dir='ltr' id='par_1_10' title="bbox 152 3046 288 3106">
     <span class='ocr_line' id='line_1_35' title="bbox 152 3046 288 3106; baseline -0.007 -2"><span class='ocrx_word' id='word_1_271' title='bbox 152 3046 288 3106; x_wconf 87' lang='lat' dir='ltr'><strong>mitteret.</strong></span> 
     </span>
    </p>

    <p class='ocr_par' dir='ltr' id='par_1_11' title="bbox 154 3125 1158 3463">
     <span class='ocr_line' id='line_1_36' title="bbox 215 3125 1157 3207; baseline 0.002 -19"><span class='ocrx_word' id='word_1_272' title='bbox 215 3129 267 3190; x_wconf 87' lang='grc'><strong>43.</strong></span> <span class='ocrx_word' id='word_1_273' title='bbox 292 3125 356 3186; x_wconf 88' lang='lat' dir='ltr'><strong>Nec</strong></span> <span class='ocrx_word' id='word_1_274' title='bbox 382 3125 503 3186; x_wconf 89' lang='lat' dir='ltr'><strong>deerant</strong></span> <span class='ocrx_word' id='word_1_275' title='bbox 528 3129 575 3207; x_wconf 90' lang='lat' dir='ltr'><strong>qui</strong></span> <span class='ocrx_word' id='word_1_276' title='bbox 601 3127 675 3188; x_wconf 86' lang='lat' dir='ltr'><strong>baec</strong></span> <span class='ocrx_word' id='word_1_277' title='bbox 701 3129 792 3190; x_wconf 85' lang='lat' dir='ltr'><strong>isdem</strong></span> <span class='ocrx_word' id='word_1_278' title='bbox 819 3129 916 3190; x_wconf 87' lang='lat' dir='ltr'><strong>verbis</strong></span> <span class='ocrx_word' id='word_1_279' title='bbox 944 3139 992 3191; x_wconf 90' lang='lat' dir='ltr'><strong>aut</strong></span> <span class='ocrx_word' id='word_1_280' title='bbox 1013 3148 1100 3191; x_wconf 81' lang='lat' dir='ltr'><strong>versa</strong></span> <span class='ocrx_word' id='word_1_281' title='bbox 1129 3131 1157 3190; x_wconf 91' lang='lat' dir='ltr'><strong>in</strong></span> 
     </span>
     <span class='ocr_line' id='line_1_37' title="bbox 154 3208 1158 3293; baseline 0 -21"><span class='ocrx_word' id='word_1_282' title='bbox 154 3213 282 3272; x_wconf 89' lang='lat' dir='ltr'><strong>deterius</strong></span> <span class='ocrx_word' id='word_1_283' title='bbox 299 3211 431 3271; x_wconf 87' lang='lat' dir='ltr'><strong>Senecae</strong></span> <span class='ocrx_word' id='word_1_284' title='bbox 450 3208 606 3273; x_wconf 82' lang='lat' dir='ltr'><strong>deferrent.</strong></span> <span class='ocrx_word' id='word_1_285' title='bbox 638 3215 807 3293; x_wconf 88' lang='lat' dir='ltr'><strong>repertique</strong></span> <span class='ocrx_word' id='word_1_286' title='bbox 823 3223 1011 3275; x_wconf 89' lang='lat' dir='ltr'><strong>accusatores</strong></span> <span class='ocrx_word' id='word_1_287' title='bbox 1025 3214 1158 3292; x_wconf 86' lang='lat' dir='ltr'><strong>direptos</strong></span> 
     </span>
     <span class='ocr_line' id='line_1_38' title="bbox 155 3293 1158 3380; baseline 0.004 -26"><span class='ocrx_word' id='word_1_288' title='bbox 155 3295 272 3373; x_wconf 87' lang='lat' dir='ltr'><strong>socios,</strong></span> <span class='ocrx_word' id='word_1_289' title='bbox 297 3313 360 3355; x_wconf 90' lang='lat' dir='ltr'><strong>cum</strong></span> <span class='ocrx_word' id='word_1_290' title='bbox 375 3293 686 3375; x_wconf 85' lang='lat' dir='ltr'><strong>Suillius-prouinciam</strong></span> <span class='ocrx_word' id='word_1_291' title='bbox 701 3297 801 3359; x_wconf 80' lang='lat' dir='ltr'><strong>Asiam</strong></span> <span class='ocrx_word' id='word_1_292' title='bbox 815 3308 948 3378; x_wconf 87' lang='lat' dir='ltr'><strong>regeret,</strong></span> <span class='ocrx_word' id='word_1_293' title='bbox 973 3317 1007 3360; x_wconf 86' lang='lat' dir='ltr'><strong>ac</strong></span> <span class='ocrx_word' id='word_1_294' title='bbox 1022 3297 1158 3380; x_wconf 84' lang='lat' dir='ltr'><strong>publicae</strong></span> 
     </span>
     <span class='ocr_line' id='line_1_39' title="bbox 156 3378 1157 3463; baseline 0.003 -26"><span class='ocrx_word' id='word_1_295' title='bbox 156 3379 297 3455; x_wconf 85' lang='lat' dir='ltr'><strong>pecuniae</strong></span> <span class='ocrx_word' id='word_1_296' title='bbox 319 3378 482 3457; x_wconf 90' lang='lat' dir='ltr'><strong>peculatum</strong></span> <span class='ocrx_word' id='word_1_297' title='bbox 501 3379 674 3442; x_wconf 91' lang='lat' dir='ltr'><strong>detulerunt.</strong></span> <span class='ocrx_word' id='word_1_298' title='bbox 706 3399 774 3444; x_wconf 85' lang='lat' dir='ltr'><strong>mox</strong></span> <span class='ocrx_word' id='word_1_299' title='bbox 797 3385 862 3463; x_wconf 89' lang='lat' dir='ltr'><strong>quia</strong></span> <span class='ocrx_word' id='word_1_300' title='bbox 881 3385 1092 3462; x_wconf 90' lang='lat' dir='ltr'><strong>inquisitionem</strong></span> <span class='ocrx_word' id='word_1_301' title='bbox 1107 3398 1157 3440; x_wconf 86' lang='lat' dir='ltr'><strong>an·</strong></span> 
     </span>
    </p>
   </div>
   <div class='ocr_carea' id='block_1_7' title="bbox 0 0 1304 3872">
    <p class='ocr_par' dir='ltr' id='par_1_12' title="bbox 0 0 1304 3872">
     <span class='ocr_line' id='line_1_40' title="bbox 0 0 1304 3872; baseline 0 0"><span class='ocrx_word' id='word_1_302' title='bbox 0 0 1304 3872; x_wconf 95' lang='lat' dir='ltr'><strong> </strong></span> 
     </span>
    </p>
   </div>
  </div>
 </body>
</html>
