<?xml version="1.0" encoding="UTF-8"?>
<!DOCTYPE html PUBLIC "-//W3C//DTD XHTML 1.0 Transitional//EN"
    "http://www.w3.org/TR/xhtml1/DTD/xhtml1-transitional.dtd">
<html xmlns="http://www.w3.org/1999/xhtml" xml:lang="en" lang="en">
 <head>
  <title>
</title>
<meta http-equiv="Content-Type" content="text/html;charset=utf-8" />
  <meta name='ocr-system' content='tesseract 3.04.00' />
  <meta name='ocr-capabilities' content='ocr_page ocr_carea ocr_par ocr_line ocrx_word'/>
</head>
<body>
  <div class='ocr_page' id='page_1' title='image "./libriquisupersu02tacigoog/libriquisupersu02tacigoog_0658.png"; bbox 0 0 2536 3870; ppageno 0'>
   <div class='ocr_carea' id='block_1_1' title="bbox 137 175 1089 252">
    <p class='ocr_par' dir='ltr' id='par_1_1' title="bbox 137 175 1089 252">
     <span class='ocr_line' id='line_1_1' title="bbox 137 175 1089 252; baseline 0.003 -18"><span class='ocrx_word' id='word_1_1' title='bbox 137 247 140 252; x_wconf 12' lang='grc' dir='ltr'><strong>Α</strong></span> <span class='ocrx_word' id='word_1_2' title='bbox 219 187 387 236; x_wconf 79' lang='lat' dir='ltr'><strong>conruunt</strong></span> <span class='ocrx_word' id='word_1_3' title='bbox 407 182 941 242; x_wconf 76' lang='lat' dir='ltr'><strong>nacturaomoounncar.1-t.</strong></span> <span class='ocrx_word' id='word_1_4' title='bbox 1027 175 1089 238; x_wconf 78' lang='lat'><strong>213</strong></span> 
     </span>
    </p>
   </div>
   <div class='ocr_carea' id='block_1_2' title="bbox 120 341 1090 889">
    <p class='ocr_par' dir='ltr' id='par_1_2' title="bbox 120 341 1090 889">
     <span class='ocr_line' id='line_1_2' title="bbox 173 341 1090 409; baseline 0 -14"><span class='ocrx_word' id='word_1_5' title='bbox 173 343 216 395; x_wconf 77' lang='lat'><strong>39.</strong></span> <span class='ocrx_word' id='word_1_6' title='bbox 236 341 403 403; x_wconf 77' lang='lat' dir='ltr'><strong>Domitianus,</strong></span> <span class='ocrx_word' id='word_1_7' title='bbox 420 342 503 392; x_wconf 86' lang='lat' dir='ltr'><strong>ironte</strong></span> <span class='ocrx_word' id='word_1_8' title='bbox 512 341 603 403; x_wconf 91' lang='lat' dir='ltr'><strong>laetus,</strong></span> <span class='ocrx_word' id='word_1_9' title='bbox 618 351 720 409; x_wconf 87' lang='lat' dir='ltr'><strong>pectore</strong></span> <span class='ocrx_word' id='word_1_10' title='bbox 729 343 830 404; x_wconf 70' lang='lat' dir='ltr'><strong>ausina</strong></span> <span class='ocrx_word' id='word_1_11' title='bbox 846 345 962 394; x_wconf 74' lang='lat' dir='ltr'><strong>nunbnm</strong></span> <span class='ocrx_word' id='word_1_12' title='bbox 970 344 1090 395; x_wconf 72' lang='lat' dir='ltr'><strong>victumae</strong></span> 
     </span>
     <span class='ocr_line' id='line_1_3' title="bbox 122 407 1089 479; baseline 0.001 -18"><span class='ocrx_word' id='word_1_13' title='bbox 122 410 225 479; x_wconf 80' lang='lat' dir='ltr'><strong>excipit.</strong></span> <span class='ocrx_word' id='word_1_14' title='bbox 260 407 305 462; x_wconf 79' lang='lat'><strong>40.</strong></span> <span class='ocrx_word' id='word_1_15' title='bbox 325 409 434 461; x_wconf 86' lang='lat' dir='ltr'><strong>honores</strong></span> <span class='ocrx_word' id='word_1_16' title='bbox 448 418 532 461; x_wconf 90' lang='lat' dir='ltr'><strong>tamen</strong></span> <span class='ocrx_word' id='word_1_17' title='bbox 548 411 684 476; x_wconf 77' lang='lat' dir='ltr'>Agricolae</span> <span class='ocrx_word' id='word_1_18' title='bbox 697 411 799 461; x_wconf 87' lang='lat' dir='ltr'><strong>decerni</strong></span> <span class='ocrx_word' id='word_1_19' title='bbox 813 412 890 474; x_wconf 89' lang='lat' dir='ltr'><strong>iubet,</strong></span> <span class='ocrx_word' id='word_1_20' title='bbox 906 413 1007 464; x_wconf 83' lang='lat' dir='ltr'><strong>condito</strong></span> <span class='ocrx_word' id='word_1_21' title='bbox 1022 411 1089 474; x_wconf 78' lang='lat' dir='ltr'><strong>odio,</strong></span> 
     </span>
     <span class='ocr_line' id='line_1_4' title="bbox 122 478 1089 548; baseline -0.001 -17"><span class='ocrx_word' id='word_1_22' title='bbox 122 481 203 531; x_wconf 86' lang='lat' dir='ltr'><strong>donec</strong></span> <span class='ocrx_word' id='word_1_23' title='bbox 212 479 343 544; x_wconf 78' lang='lat' dir='ltr'><strong>provincia</strong></span> <span class='ocrx_word' id='word_1_24' title='bbox 358 479 463 530; x_wconf 83' lang='lat' dir='ltr'><strong>decedat</strong></span> <span class='ocrx_word' id='word_1_25' title='bbox 472 478 601 546; x_wconf 77' lang='lat' dir='ltr'><strong>Agricola.</strong></span> <span class='ocrx_word' id='word_1_26' title='bbox 627 479 742 529; x_wconf 86' lang='lat' dir='ltr'><strong>isredux</strong></span> <span class='ocrx_word' id='word_1_27' title='bbox 757 479 872 530; x_wconf 84' lang='lat' dir='ltr'><strong>modeste</strong></span> <span class='ocrx_word' id='word_1_28' title='bbox 883 481 946 548; x_wconf 73' lang='lat' dir='ltr'><strong>agit.</strong></span> <span class='ocrx_word' id='word_1_29' title='bbox 982 480 1024 530; x_wconf 85' lang='lat'><strong>41.</strong></span> <span class='ocrx_word' id='word_1_30' title='bbox 1044 495 1089 546; x_wconf 84' lang='lat' dir='ltr'><strong>pe·</strong></span> 
     </span>
     <span class='ocr_line' id='line_1_5' title="bbox 121 545 1090 614; baseline 0 -16"><span class='ocrx_word' id='word_1_31' title='bbox 121 547 228 598; x_wconf 89' lang='lat' dir='ltr'><strong>riculnru</strong></span> <span class='ocrx_word' id='word_1_32' title='bbox 236 547 268 597; x_wconf 90' lang='lat' dir='ltr'><strong>ab</strong></span> <span class='ocrx_word' id='word_1_33' title='bbox 282 545 471 598; x_wconf 86' lang='lat' dir='ltr'><strong>accusatoribus</strong></span> <span class='ocrx_word' id='word_1_34' title='bbox 489 555 514 596; x_wconf 90' lang='lat' dir='ltr'><strong>et</strong></span> <span class='ocrx_word' id='word_1_35' title='bbox 527 547 708 598; x_wconf 73' lang='lat' dir='ltr'><strong>laudatoribus.</strong></span> <span class='ocrx_word' id='word_1_36' title='bbox 745 547 788 598; x_wconf 78' lang='lat'><strong>42.</strong></span> <span class='ocrx_word' id='word_1_37' title='bbox 810 559 966 610; x_wconf 83' lang='lat' dir='ltr'><strong>excusasse,</strong></span> <span class='ocrx_word' id='word_1_38' title='bbox 985 562 1016 597; x_wconf 87' lang='lat' dir='ltr'><strong>ne</strong></span> <span class='ocrx_word' id='word_1_39' title='bbox 1030 562 1090 614; x_wconf 90' lang='lat' dir='ltr'><strong>pro·</strong></span> 
     </span>
     <span class='ocr_line' id='line_1_6' title="bbox 120 613 1090 683; baseline -0.001 -16"><span class='ocrx_word' id='word_1_40' title='bbox 120 617 230 667; x_wconf 74' lang='lat' dir='ltr'><strong>vinoim</strong></span> <span class='ocrx_word' id='word_1_41' title='bbox 239 616 358 666; x_wconf 85' lang='lat' dir='ltr'><strong>sortiatur</strong></span> <span class='ocrx_word' id='word_1_42' title='bbox 370 629 417 682; x_wconf 89' lang='lat' dir='ltr'><strong>pro</strong></span> <span class='ocrx_word' id='word_1_43' title='bbox 426 615 539 666; x_wconf 85' lang='lat' dir='ltr'><strong>consule.</strong></span> <span class='ocrx_word' id='word_1_44' title='bbox 575 613 618 666; x_wconf 69' lang='lat'><strong>43.</strong></span> <span class='ocrx_word' id='word_1_45' title='bbox 636 613 687 665; x_wconf 88' lang='lat' dir='ltr'><strong>obit</strong></span> <span class='ocrx_word' id='word_1_46' title='bbox 703 629 754 664; x_wconf 87' lang='lat' dir='ltr'><strong>non</strong></span> <span class='ocrx_word' id='word_1_47' title='bbox 769 616 824 666; x_wconf 87' lang='lat' dir='ltr'><strong>sine</strong></span> <span class='ocrx_word' id='word_1_48' title='bbox 836 618 926 666; x_wconf 84' lang='lat' dir='ltr'><strong>veneni</strong></span> <span class='ocrx_word' id='word_1_49' title='bbox 935 618 1090 683; x_wconf 74' lang='lat' dir='ltr'><strong>suspicione,</strong></span> 
     </span>
     <span class='ocr_line' id='line_1_7' title="bbox 120 683 1090 750; baseline -0.001 -15"><span class='ocrx_word' id='word_1_50' title='bbox 120 684 287 736; x_wconf 85' lang='lat' dir='ltr'><strong>aDomitiano</strong></span> <span class='ocrx_word' id='word_1_51' title='bbox 297 684 360 736; x_wconf 82' lang='lat' dir='ltr'><strong>(lati.</strong></span> <span class='ocrx_word' id='word_1_52' title='bbox 385 685 429 734; x_wconf 84' lang='lat'><strong>44.</strong></span> <span class='ocrx_word' id='word_1_53' title='bbox 446 684 590 744; x_wconf 84' lang='lat' dir='ltr'><strong>cinsoetaa,</strong></span> <span class='ocrx_word' id='word_1_54' title='bbox 606 683 715 745; x_wconf 83' lang='lat' dir='ltr'><strong>babitus,</strong></span> <span class='ocrx_word' id='word_1_55' title='bbox 731 683 849 746; x_wconf 84' lang='lat' dir='ltr'><strong>honores,</strong></span> <span class='ocrx_word' id='word_1_56' title='bbox 865 699 936 750; x_wconf 83' lang='lat' dir='ltr'><strong>opes.</strong></span> <span class='ocrx_word' id='word_1_57' title='bbox 964 687 1007 736; x_wconf 77' lang='lat'><strong>45.</strong></span> <span class='ocrx_word' id='word_1_58' title='bbox 1022 699 1090 734; x_wconf 89' lang='lat' dir='ltr'><strong>mor·</strong></span> 
     </span>
     <span class='ocr_line' id='line_1_8' title="bbox 120 751 1089 820; baseline -0.002 -16"><span class='ocrx_word' id='word_1_59' title='bbox 120 755 153 804; x_wconf 86' lang='lat' dir='ltr'><strong>tis</strong></span> <span class='ocrx_word' id='word_1_60' title='bbox 171 753 346 820; x_wconf 70' lang='lat' dir='ltr'><strong>opportunitas</strong></span> <span class='ocrx_word' id='word_1_61' title='bbox 362 761 420 802; x_wconf 90' lang='lat' dir='ltr'><strong>ante</strong></span> <span class='ocrx_word' id='word_1_62' title='bbox 435 752 572 802; x_wconf 85' lang='lat' dir='ltr'><strong>Domitiani</strong></span> <span class='ocrx_word' id='word_1_63' title='bbox 586 753 737 802; x_wconf 77' lang='lat' dir='ltr'><strong>atrocitates.</strong></span> <span class='ocrx_word' id='word_1_64' title='bbox 772 751 815 802; x_wconf 79' lang='lat'><strong>46.</strong></span> <span class='ocrx_word' id='word_1_65' title='bbox 833 761 941 816; x_wconf 82' lang='lat' dir='ltr'><strong>questus</strong></span> <span class='ocrx_word' id='word_1_66' title='bbox 957 753 1089 819; x_wconf 85' lang='lat' dir='ltr'><strong>scriptoris</strong></span> 
     </span>
     <span class='ocr_line' id='line_1_9' title="bbox 120 819 1012 889; baseline -0.004 -17"><span class='ocrx_word' id='word_1_67' title='bbox 120 829 190 872; x_wconf 86' lang='lat' dir='ltr'><strong>etex</strong></span> <span class='ocrx_word' id='word_1_68' title='bbox 206 821 298 872; x_wconf 82' lang='lat' dir='ltr'><strong>virtute</strong></span> <span class='ocrx_word' id='word_1_69' title='bbox 313 821 419 889; x_wconf 57' lang='lat' dir='ltr'><strong>solacia,</strong></span> <span class='ocrx_word' id='word_1_70' title='bbox 445 819 514 870; x_wconf 82' lang='lat' dir='ltr'><strong>lama</strong></span> <span class='ocrx_word' id='word_1_71' title='bbox 529 819 664 886; x_wconf 74' lang='lat' dir='ltr'><strong>Agricolae</strong></span> <span class='ocrx_word' id='word_1_72' title='bbox 681 821 714 869; x_wconf 88' lang='lat' dir='ltr'><strong>ad</strong></span> <span class='ocrx_word' id='word_1_73' title='bbox 728 829 845 885; x_wconf 87' lang='lat' dir='ltr'><strong>posteros</strong></span> <span class='ocrx_word' id='word_1_74' title='bbox 854 823 1012 873; x_wconf 85' lang='lat' dir='ltr'><strong>transmissa.</strong></span> 
     </span>
    </p>
   </div>
   <div class='ocr_carea' id='block_1_3' title="bbox 1 954 1115 1538">
    <p class='ocr_par' dir='ltr' id='par_1_3' title="bbox 1 954 1115 1538">
     <span class='ocr_line' id='line_1_10' title="bbox 150 954 1089 1037; baseline 0.002 -21"><span class='ocrx_word' id='word_1_75' title='bbox 150 959 177 1017; x_wconf 91' lang='lat'><strong>1.</strong></span> <span class='ocrx_word' id='word_1_76' title='bbox 210 955 361 1016; x_wconf 80' lang='lat' dir='ltr'><strong>Clarorum</strong></span> <span class='ocrx_word' id='word_1_77' title='bbox 382 954 508 1016; x_wconf 84' lang='lat' dir='ltr'><strong>virorum</strong></span> <span class='ocrx_word' id='word_1_78' title='bbox 529 956 606 1016; x_wconf 81' lang='lat' dir='ltr'><strong>fucta</strong></span> <span class='ocrx_word' id='word_1_79' title='bbox 630 973 787 1037; x_wconf 91' lang='lat' dir='ltr'><strong>moresque</strong></span> <span class='ocrx_word' id='word_1_80' title='bbox 811 957 938 1037; x_wconf 82' lang='lat' dir='ltr'><strong>posteris</strong></span> <span class='ocrx_word' id='word_1_81' title='bbox 960 957 1089 1034; x_wconf 83' lang='lat' dir='ltr'><strong>tradere,</strong></span> 
     </span>
     <span class='ocr_line' id='line_1_11' title="bbox 85 1039 1089 1122; baseline -0.003 -19"><span class='ocrx_word' id='word_1_82' title='bbox 85 1041 241 1119; x_wconf 88' lang='lat' dir='ltr'><strong>antiquitus</strong></span> <span class='ocrx_word' id='word_1_83' title='bbox 256 1039 405 1116; x_wconf 84' lang='lat' dir='ltr'><strong>usitatum,</strong></span> <span class='ocrx_word' id='word_1_84' title='bbox 420 1056 457 1100; x_wconf 84' lang='lat' dir='ltr'><strong>ne</strong></span> <span class='ocrx_word' id='word_1_85' title='bbox 471 1041 579 1101; x_wconf 86' lang='lat' dir='ltr'><strong>nostris</strong></span> <span class='ocrx_word' id='word_1_86' title='bbox 594 1039 710 1120; x_wconf 86' lang='lat' dir='ltr'><strong>quidem</strong></span> <span class='ocrx_word' id='word_1_87' title='bbox 724 1039 904 1118; x_wconf 78' lang='lat' dir='ltr'><strong>temporibus</strong></span> <span class='ocrx_word' id='word_1_88' title='bbox 919 1058 1089 1122; x_wconf 89' lang='lat' dir='ltr'><strong>quamquam</strong></span> 
     </span>
     <span class='ocr_line' id='line_1_12' title="bbox 84 1123 1089 1204; baseline -0.001 -18"><span class='ocrx_word' id='word_1_89' title='bbox 84 1125 231 1186; x_wconf 90' lang='lat' dir='ltr'><strong>incuriosa</strong></span> <span class='ocrx_word' id='word_1_90' title='bbox 245 1140 362 1185; x_wconf 92' lang='lat' dir='ltr'><strong>sucrum</strong></span> <span class='ocrx_word' id='word_1_91' title='bbox 377 1132 457 1185; x_wconf 86' lang='lat' dir='ltr'><strong>aetas</strong></span> <span class='ocrx_word' id='word_1_92' title='bbox 473 1125 584 1204; x_wconf 87' lang='lat' dir='ltr'><strong>omisit,</strong></span> <span class='ocrx_word' id='word_1_93' title='bbox 602 1125 739 1204; x_wconf 89' lang='lat' dir='ltr'><strong>quotiens</strong></span> <span class='ocrx_word' id='word_1_94' title='bbox 754 1143 858 1204; x_wconf 77' lang='lat' dir='ltr'><strong>magna</strong></span> <span class='ocrx_word' id='word_1_95' title='bbox 877 1123 974 1204; x_wconf 88' lang='lat' dir='ltr'><strong>aliqua</strong></span> <span class='ocrx_word' id='word_1_96' title='bbox 989 1143 1024 1188; x_wconf 91' lang='lat' dir='ltr'><strong>ac</strong></span> <span class='ocrx_word' id='word_1_97' title='bbox 1038 1143 1089 1185; x_wconf 90' lang='lat' dir='ltr'><strong>uo·</strong></span> 
     </span>
     <span class='ocr_line' id='line_1_13' title="bbox 85 1208 1089 1290; baseline -0.002 -20"><span class='ocrx_word' id='word_1_98' title='bbox 85 1209 154 1270; x_wconf 87' lang='lat' dir='ltr'><strong>bilis</strong></span> <span class='ocrx_word' id='word_1_99' title='bbox 166 1210 257 1268; x_wconf 83' lang='lat' dir='ltr'><strong>virtus</strong></span> <span class='ocrx_word' id='word_1_100' title='bbox 268 1208 340 1268; x_wconf 80' lang='lat' dir='ltr'><strong>vicit</strong></span> <span class='ocrx_word' id='word_1_101' title='bbox 353 1225 390 1269; x_wconf 87' lang='lat' dir='ltr'><strong>ac</strong></span> <span class='ocrx_word' id='word_1_102' title='bbox 406 1227 602 1288; x_wconf 76' lang='lat' dir='ltr'><strong>supergressa</strong></span> <span class='ocrx_word' id='word_1_103' title='bbox 623 1217 668 1269; x_wconf 93' lang='lat' dir='ltr'><strong>cst</strong></span> <span class='ocrx_word' id='word_1_104' title='bbox 689 1210 788 1270; x_wconf 83' lang='lat' dir='ltr'><strong>vitium</strong></span> <span class='ocrx_word' id='word_1_105' title='bbox 802 1210 902 1288; x_wconf 84' lang='lat' dir='ltr'><strong>parvis</strong></span> <span class='ocrx_word' id='word_1_106' title='bbox 918 1211 1089 1290; x_wconf 73' lang='lat' dir='ltr'><strong>magnisque</strong></span> 
     </span>
     <span class='ocr_line' id='line_1_14' title="bbox 85 1291 1115 1370; baseline -0.002 -16"><span class='ocrx_word' id='word_1_107' title='bbox 85 1291 250 1354; x_wconf 83' lang='lat' dir='ltr'><strong>civitatibus</strong></span> <span class='ocrx_word' id='word_1_108' title='bbox 266 1309 432 1368; x_wconf 86' lang='lat' dir='ltr'><strong>commune,</strong></span> <span class='ocrx_word' id='word_1_109' title='bbox 448 1293 639 1370; x_wconf 79' lang='lat' dir='ltr'><strong>ignorantiam</strong></span> <span class='ocrx_word' id='word_1_110' title='bbox 653 1293 727 1352; x_wconf 89' lang='lat' dir='ltr'><strong>recti</strong></span> <span class='ocrx_word' id='word_1_111' title='bbox 742 1301 772 1352; x_wconf 91' lang='lat' dir='ltr'><strong>et</strong></span> <span class='ocrx_word' id='word_1_112' title='bbox 784 1291 930 1352; x_wconf 80' lang='lat' dir='ltr'><strong>inuidiam.</strong></span> <span class='ocrx_word' id='word_1_113' title='bbox 946 1291 999 1352; x_wconf 91' lang='lat' dir='ltr'><strong>scd</strong></span> <span class='ocrx_word' id='word_1_114' title='bbox 1014 1294 1115 1370; x_wconf 78' lang='lat' dir='ltr'><strong>apuria</strong></span> 
     </span>
     <span class='ocr_line' id='line_1_15' title="bbox 1 1374 1090 1456; baseline -0.006 -16"><span class='ocrx_word' id='word_1_115' title='bbox 1 1435 2 1440; x_wconf 73' lang='grc'>,</span> <span class='ocrx_word' id='word_1_116' title='bbox 85 1379 201 1456; x_wconf 81' lang='lat' dir='ltr'><strong>priores</strong></span> <span class='ocrx_word' id='word_1_117' title='bbox 217 1383 248 1435; x_wconf 88' lang='lat' dir='ltr'><strong>ut</strong></span> <span class='ocrx_word' id='word_1_118' title='bbox 261 1392 353 1452; x_wconf 76' lang='lat' dir='ltr'><strong>agere</strong></span> <span class='ocrx_word' id='word_1_119' title='bbox 369 1374 456 1452; x_wconf 75' lang='lat' dir='ltr'><strong>(ligna</strong></span> <span class='ocrx_word' id='word_1_120' title='bbox 469 1383 627 1435; x_wconf 87' lang='lat' dir='ltr'><strong>memoratu</strong></span> <span class='ocrx_word' id='word_1_121' title='bbox 640 1392 762 1452; x_wconf 90' lang='lat' dir='ltr'><strong>pronum</strong></span> <span class='ocrx_word' id='word_1_122' title='bbox 779 1377 929 1455; x_wconf 79' lang='lat' dir='ltr'><strong>magisque</strong></span> <span class='ocrx_word' id='word_1_123' title='bbox 945 1377 974 1435; x_wconf 89' lang='lat' dir='ltr'><strong>in</strong></span> <span class='ocrx_word' id='word_1_124' title='bbox 987 1384 1090 1453; x_wconf 88' lang='lat' dir='ltr'><strong>aperto</strong></span> 
     </span>
     <span class='ocr_line' id='line_1_16' title="bbox 1 1456 1091 1538; baseline -0.003 -18"><span class='ocrx_word' id='word_1_125' title='bbox 1 1459 2 1528; x_wconf 75' lang='lat' dir='ltr'>J</span> <span class='ocrx_word' id='word_1_126' title='bbox 85 1456 163 1538; x_wconf 74' lang='lat' dir='ltr'><strong>e&#39;rat,</strong></span> <span class='ocrx_word' id='word_1_127' title='bbox 180 1461 221 1520; x_wconf 91' lang='lat' dir='ltr'><strong>ita</strong></span> <span class='ocrx_word' id='word_1_128' title='bbox 239 1456 448 1518; x_wconf 88' lang='lat' dir='ltr'><strong>celeberrimus</strong></span> <span class='ocrx_word' id='word_1_129' title='bbox 465 1459 589 1538; x_wconf 90' lang='lat' dir='ltr'><strong>quisque</strong></span> <span class='ocrx_word' id='word_1_130' title='bbox 602 1459 721 1535; x_wconf 72' lang='lat' dir='ltr'><strong>ingenio</strong></span> <span class='ocrx_word' id='word_1_131' title='bbox 736 1457 773 1519; x_wconf 86' lang='lat' dir='ltr'><strong>ad</strong></span> <span class='ocrx_word' id='word_1_132' title='bbox 788 1457 966 1536; x_wconf 88' lang='lat' dir='ltr'><strong>prodendam</strong></span> <span class='ocrx_word' id='word_1_133' title='bbox 980 1459 1091 1518; x_wconf 79' lang='lat' dir='ltr'><strong>virtutis</strong></span> 
     </span>
    </p>
   </div>
   <div class='ocr_carea' id='block_1_4' title="bbox 1 1540 1090 1619">
    <p class='ocr_par' dir='ltr' id='par_1_4' title="bbox 1 1540 1090 1619">
     <span class='ocr_line' id='line_1_17' title="bbox 1 1540 1090 1619; baseline 0 -19"><span class='ocrx_word' id='word_1_134' title='bbox 1 1569 3 1600; x_wconf 70' lang='lat' dir='ltr'><strong>t</strong></span> <span class='ocrx_word' id='word_1_135' title='bbox 83 1543 253 1614; x_wconf 89' lang='lat' dir='ltr'><strong>memoriam</strong></span> <span class='ocrx_word' id='word_1_136' title='bbox 270 1542 333 1600; x_wconf 89' lang='lat' dir='ltr'><strong>sine</strong></span> <span class='ocrx_word' id='word_1_137' title='bbox 348 1543 442 1619; x_wconf 77' lang='lat' dir='ltr'><strong>gratia</strong></span> <span class='ocrx_word' id='word_1_138' title='bbox 457 1551 505 1603; x_wconf 87' lang='lat' dir='ltr'><strong>aut</strong></span> <span class='ocrx_word' id='word_1_139' title='bbox 522 1540 678 1602; x_wconf 79' lang='lat' dir='ltr'><strong>ambitione</strong></span> <span class='ocrx_word' id='word_1_140' title='bbox 697 1540 791 1602; x_wconf 91' lang='lat' dir='ltr'><strong>bonae</strong></span> <span class='ocrx_word' id='word_1_141' title='bbox 811 1549 918 1602; x_wconf 90' lang='lat' dir='ltr'><strong>tantum</strong></span> <span class='ocrx_word' id='word_1_142' title='bbox 938 1543 1090 1603; x_wconf 88' lang='lat' dir='ltr'><strong>conscien-</strong></span> 
     </span>
    </p>
   </div>
   <div class='ocr_carea' id='block_1_5' title="bbox 1 1623 1125 2038">
    <p class='ocr_par' dir='ltr' id='par_1_5' title="bbox 1 1623 1125 2038">
     <span class='ocr_line' id='line_1_18' title="bbox 1 1623 1091 1705; baseline -0.003 -18"><span class='ocrx_word' id='word_1_143' title='bbox 1 1637 2 1665; x_wconf 79' lang='lat'>³</span> <span class='ocrx_word' id='word_1_144' title='bbox 85 1628 144 1687; x_wconf 92' lang='lat' dir='ltr'><strong>tiae</strong></span> <span class='ocrx_word' id='word_1_145' title='bbox 168 1627 262 1705; x_wconf 89' lang='lat' dir='ltr'><strong>pretio</strong></span> <span class='ocrx_word' id='word_1_146' title='bbox 282 1623 452 1686; x_wconf 85' lang='lat' dir='ltr'><strong>ducebatur.</strong></span> <span class='ocrx_word' id='word_1_147' title='bbox 483 1643 519 1686; x_wconf 88' lang='lat' dir='ltr'><strong>ac</strong></span> <span class='ocrx_word' id='word_1_148' title='bbox 538 1625 673 1705; x_wconf 88' lang='lat' dir='ltr'><strong>plerique</strong></span> <span class='ocrx_word' id='word_1_149' title='bbox 694 1641 773 1686; x_wconf 90' lang='lat' dir='ltr'><strong>suam</strong></span> <span class='ocrx_word' id='word_1_150' title='bbox 788 1626 845 1704; x_wconf 89' lang='lat' dir='ltr'><strong>ipsi</strong></span> <span class='ocrx_word' id='word_1_151' title='bbox 866 1625 954 1685; x_wconf 83' lang='lat' dir='ltr'><strong>vitam</strong></span> <span class='ocrx_word' id='word_1_152' title='bbox 973 1642 1091 1685; x_wconf 87' lang='lat' dir='ltr'><strong>narrare</strong></span> 
     </span>
     <span class='ocr_line' id='line_1_19' title="bbox 1 1707 1125 1789; baseline -0.004 -17"><span class='ocrx_word' id='word_1_153' title='bbox 1 1707 3 1749; x_wconf 61' lang='lat'><strong>=‘</strong></span> <span class='ocrx_word' id='word_1_154' title='bbox 84 1711 218 1772; x_wconf 85' lang='lat' dir='ltr'><strong>fiduciam</strong></span> <span class='ocrx_word' id='word_1_155' title='bbox 234 1711 331 1789; x_wconf 91' lang='lat' dir='ltr'><strong>potins</strong></span> <span class='ocrx_word' id='word_1_156' title='bbox 344 1727 454 1770; x_wconf 88' lang='lat' dir='ltr'><strong>morum</strong></span> <span class='ocrx_word' id='word_1_157' title='bbox 474 1728 558 1788; x_wconf 90' lang='lat' dir='ltr'><strong>quam</strong></span> <span class='ocrx_word' id='word_1_158' title='bbox 572 1709 772 1787; x_wconf 67' lang='lat' dir='ltr'><strong>adrogantiam</strong></span> <span class='ocrx_word' id='word_1_159' title='bbox 789 1708 919 1770; x_wconf 88' lang='lat' dir='ltr'><strong>arbitrati</strong></span> <span class='ocrx_word' id='word_1_160' title='bbox 934 1715 1015 1778; x_wconf 88' lang='lat' dir='ltr'><strong>sunt,</strong></span> <span class='ocrx_word' id='word_1_161' title='bbox 1033 1726 1089 1777; x_wconf 86' lang='lat' dir='ltr'><strong>nec</strong></span> <span class='ocrx_word' id='word_1_162' title='bbox 1100 1734 1125 1776; x_wconf 65' lang='grc' dir='ltr'><strong>ιη</strong></span> 
     </span>
     <span class='ocr_line' id='line_1_20' title="bbox 1 1791 1090 1872; baseline -0.003 -17"><span class='ocrx_word' id='word_1_163' title='bbox 1 1845 2 1872; x_wconf 62' lang='lat'><strong>,</strong></span> <span class='ocrx_word' id='word_1_164' title='bbox 84 1794 113 1855; x_wconf 90' lang='lat' dir='ltr'><strong>id</strong></span> <span class='ocrx_word' id='word_1_165' title='bbox 126 1793 235 1856; x_wconf 84' lang='lat' dir='ltr'><strong>Rutilio</strong></span> <span class='ocrx_word' id='word_1_166' title='bbox 255 1803 285 1854; x_wconf 92' lang='lat' dir='ltr'><strong>et</strong></span> <span class='ocrx_word' id='word_1_167' title='bbox 304 1793 416 1854; x_wconf 87' lang='lat' dir='ltr'><strong>Scauro</strong></span> <span class='ocrx_word' id='word_1_168' title='bbox 438 1794 510 1854; x_wconf 89' lang='lat' dir='ltr'><strong>citra</strong></span> <span class='ocrx_word' id='word_1_169' title='bbox 530 1793 617 1854; x_wconf 86' lang='lat' dir='ltr'><strong>iidem</strong></span> <span class='ocrx_word' id='word_1_170' title='bbox 633 1801 682 1855; x_wconf 90' lang='lat' dir='ltr'><strong>aut</strong></span> <span class='ocrx_word' id='word_1_171' title='bbox 699 1793 906 1854; x_wconf 78' lang='lat' dir='ltr'><strong>obtrectationi</strong></span> <span class='ocrx_word' id='word_1_172' title='bbox 926 1791 994 1854; x_wconf 82' lang='lat' dir='ltr'><strong>init:</strong></span> <span class='ocrx_word' id='word_1_173' title='bbox 1016 1791 1090 1852; x_wconf 85' lang='lat' dir='ltr'><strong>adeo</strong></span> 
     </span>
     <span class='ocr_line' id='line_1_21' title="bbox 83 1874 1090 1958; baseline -0.004 -20"><span class='ocrx_word' id='word_1_174' title='bbox 83 1881 205 1938; x_wconf 79' lang='lat' dir='ltr'><strong>virtutes</strong></span> <span class='ocrx_word' id='word_1_175' title='bbox 224 1877 316 1939; x_wconf 86' lang='lat' dir='ltr'><strong>isdem</strong></span> <span class='ocrx_word' id='word_1_176' title='bbox 331 1877 512 1956; x_wconf 87' lang='lat' dir='ltr'><strong>temporibus</strong></span> <span class='ocrx_word' id='word_1_177' title='bbox 530 1879 639 1958; x_wconf 88' lang='lat' dir='ltr'><strong>optime</strong></span> <span class='ocrx_word' id='word_1_178' title='bbox 661 1877 864 1954; x_wconf 89' lang='lat' dir='ltr'><strong>aestimantur,</strong></span> <span class='ocrx_word' id='word_1_179' title='bbox 885 1875 988 1955; x_wconf 90' lang='lat' dir='ltr'><strong>quibus</strong></span> <span class='ocrx_word' id='word_1_180' title='bbox 1001 1874 1090 1953; x_wconf 14' lang='lat' dir='ltr'><strong>*iacil-</strong></span> 
     </span>
     <span class='ocr_line' id='line_1_22' title="bbox 1 1959 1090 2038; baseline -0.003 -16"><span class='ocrx_word' id='word_1_181' title='bbox 1 2001 3 2008; x_wconf 61' lang='lat'>›</span> <span class='ocrx_word' id='word_1_182' title='bbox 83 1965 152 2022; x_wconf 89' lang='lat' dir='ltr'><strong>lime</strong></span> <span class='ocrx_word' id='word_1_183' title='bbox 166 1963 332 2038; x_wconf 77' lang='lat' dir='ltr'><strong>gignuntur.</strong></span> <span class='ocrx_word' id='word_1_184' title='bbox 363 1969 393 2020; x_wconf 90' lang='lat' dir='ltr'><strong>at</strong></span> <span class='ocrx_word' id='word_1_185' title='bbox 413 1977 488 2022; x_wconf 89' lang='lat' dir='ltr'><strong>nunc</strong></span> <span class='ocrx_word' id='word_1_186' title='bbox 502 1971 654 2022; x_wconf 88' lang='lat' dir='ltr'><strong>narraturo</strong></span> <span class='ocrx_word' id='word_1_187' title='bbox 669 1960 738 2021; x_wconf 86' lang='lat' dir='ltr'><strong>milti</strong></span> <span class='ocrx_word' id='word_1_188' title='bbox 753 1961 840 2020; x_wconf 85' lang='lat' dir='ltr'><strong>vitam</strong></span> <span class='ocrx_word' id='word_1_189' title='bbox 856 1960 984 2021; x_wconf 82' lang='lat' dir='ltr'><strong>defuncti</strong></span> <span class='ocrx_word' id='word_1_190' title='bbox 999 1959 1090 2020; x_wconf 88' lang='lat' dir='ltr'><strong>homi·</strong></span> 
     </span>
    </p>
   </div>
   <div class='ocr_carea' id='block_1_6' title="bbox 1 2043 1091 2123">
    <p class='ocr_par' dir='ltr' id='par_1_6' title="bbox 1 2043 1091 2123">
     <span class='ocr_line' id='line_1_23' title="bbox 1 2043 1091 2123; baseline -0.003 -19"><span class='ocrx_word' id='word_1_191' title='bbox 1 2048 2 2078; x_wconf 46' lang='lat' dir='ltr'><strong>l</strong></span> <span class='ocrx_word' id='word_1_192' title='bbox 84 2047 128 2105; x_wconf 89' lang='lat' dir='ltr'><strong>nis</strong></span> <span class='ocrx_word' id='word_1_193' title='bbox 154 2047 239 2105; x_wconf 84' lang='lat' dir='ltr'><strong>venia</strong></span> <span class='ocrx_word' id='word_1_194' title='bbox 263 2063 337 2123; x_wconf 91' lang='lat' dir='ltr'><strong>opus</strong></span> <span class='ocrx_word' id='word_1_195' title='bbox 363 2043 436 2120; x_wconf 81' lang='lat' dir='ltr'><strong>mit,</strong></span> <span class='ocrx_word' id='word_1_196' title='bbox 469 2062 554 2123; x_wconf 90' lang='lat' dir='ltr'><strong>quam</strong></span> <span class='ocrx_word' id='word_1_197' title='bbox 579 2062 637 2105; x_wconf 90' lang='lat' dir='ltr'><strong>non</strong></span> <span class='ocrx_word' id='word_1_198' title='bbox 662 2045 802 2123; x_wconf 87' lang='lat' dir='ltr'><strong>petissem</strong></span> <span class='ocrx_word' id='word_1_199' title='bbox 825 2045 1008 2104; x_wconf 87' lang='lat' dir='ltr'><strong>incusaturus</strong></span> <span class='ocrx_word' id='word_1_200' title='bbox 1035 2052 1091 2104; x_wconf 89' lang='lat' dir='ltr'><strong>tam</strong></span> 
     </span>
    </p>
   </div>
   <div class='ocr_carea' id='block_1_7' title="bbox 1 2127 1129 3563">
    <p class='ocr_par' dir='ltr' id='par_1_7' title="bbox 1 2127 1117 2370">
     <span class='ocr_line' id='line_1_24' title="bbox 1 2127 1117 2206; baseline -0.003 -18"><span class='ocrx_word' id='word_1_201' title='bbox 1 2171 3 2195; x_wconf 57' lang='lat'>2</span> <span class='ocrx_word' id='word_1_202' title='bbox 85 2145 174 2189; x_wconf 82' lang='lat' dir='ltr'><strong>saeva</strong></span> <span class='ocrx_word' id='word_1_203' title='bbox 197 2137 226 2187; x_wconf 93' lang='lat' dir='ltr'><strong>et</strong></span> <span class='ocrx_word' id='word_1_204' title='bbox 247 2127 353 2187; x_wconf 86' lang='lat' dir='ltr'><strong>infesta</strong></span> <span class='ocrx_word' id='word_1_205' title='bbox 374 2127 527 2188; x_wconf 86' lang='lat' dir='ltr'><strong>virtutibus</strong></span> <span class='ocrx_word' id='word_1_206' title='bbox 548 2137 690 2206; x_wconf 86' lang='lat' dir='ltr'><strong>tempora.</strong></span> <span class='ocrx_word' id='word_1_207' title='bbox 1005 2151 1006 2154; x_wconf 40' lang='lat'>¹</span> <span class='ocrx_word' id='word_1_208' title='bbox 1092 2158 1117 2198; x_wconf 66' lang='lat'><strong>1,</strong></span> 
     </span>
     <span class='ocr_line' id='line_1_25' title="bbox 1 2205 1089 2287; baseline -0.004 -15"><span class='ocrx_word' id='word_1_209' title='bbox 1 2205 2 2214; x_wconf 72' lang='grc'>’</span> <span class='ocrx_word' id='word_1_210' title='bbox 152 2211 183 2271; x_wconf 82' lang='grc'><strong>2.</strong></span> <span class='ocrx_word' id='word_1_211' title='bbox 214 2211 368 2287; x_wconf 75' lang='lat' dir='ltr'><strong>Legimus,</strong></span> <span class='ocrx_word' id='word_1_212' title='bbox 385 2227 449 2269; x_wconf 91' lang='lat' dir='ltr'><strong>cum</strong></span> <span class='ocrx_word' id='word_1_213' title='bbox 464 2210 595 2272; x_wconf 84' lang='lat' dir='ltr'><strong>Aruleno</strong></span> <span class='ocrx_word' id='word_1_214' title='bbox 611 2211 732 2271; x_wconf 80' lang='lat' dir='ltr'><strong>llustioo</strong></span> <span class='ocrx_word' id='word_1_215' title='bbox 747 2210 853 2270; x_wconf 86' lang='lat' dir='ltr'><strong>Paetus</strong></span> <span class='ocrx_word' id='word_1_216' title='bbox 870 2208 1016 2285; x_wconf 78' lang='lat' dir='ltr'><strong>Thrasea,</strong></span> <span class='ocrx_word' id='word_1_217' title='bbox 1033 2206 1089 2268; x_wconf 85' lang='lat' dir='ltr'><strong>lle·</strong></span> 
     </span>
     <span class='ocr_line' id='line_1_26' title="bbox 85 2291 1091 2370; baseline -0.005 -13"><span class='ocrx_word' id='word_1_218' title='bbox 85 2295 188 2357; x_wconf 88' lang='lat' dir='ltr'><strong>rennio</strong></span> <span class='ocrx_word' id='word_1_219' title='bbox 210 2293 368 2355; x_wconf 87' lang='lat' dir='ltr'><strong>Senecioni</strong></span> <span class='ocrx_word' id='word_1_220' title='bbox 389 2292 507 2353; x_wconf 86' lang='lat' dir='ltr'><strong>Priscus</strong></span> <span class='ocrx_word' id='word_1_221' title='bbox 526 2293 676 2354; x_wconf 80' lang='lat' dir='ltr'><strong>Helvidius</strong></span> <span class='ocrx_word' id='word_1_222' title='bbox 697 2293 803 2354; x_wconf 84' lang='lat' dir='ltr'><strong>laudati</strong></span> <span class='ocrx_word' id='word_1_223' title='bbox 824 2302 943 2369; x_wconf 91' lang='lat' dir='ltr'><strong>essent,</strong></span> <span class='ocrx_word' id='word_1_224' title='bbox 965 2291 1091 2370; x_wconf 89' lang='lat' dir='ltr'><strong>capitale</strong></span> 
     </span>
    </p>

    <p class='ocr_par' dir='ltr' id='par_1_8' title="bbox 1 2375 1126 3126">
     <span class='ocr_line' id='line_1_27' title="bbox 1 2375 1091 2458; baseline -0.006 -17"><span class='ocrx_word' id='word_1_225' title='bbox 1 2401 2 2450; x_wconf 63' lang='lat' dir='ltr'><strong>t</strong></span> <span class='ocrx_word' id='word_1_226' title='bbox 85 2379 194 2455; x_wconf 68' lang='lat' dir='ltr'><strong>subse,</strong></span> <span class='ocrx_word' id='word_1_227' title='bbox 221 2395 316 2458; x_wconf 88' lang='lat' dir='ltr'><strong>neque</strong></span> <span class='ocrx_word' id='word_1_228' title='bbox 338 2378 368 2436; x_wconf 91' lang='lat' dir='ltr'><strong>in</strong></span> <span class='ocrx_word' id='word_1_229' title='bbox 382 2377 465 2456; x_wconf 91' lang='lat' dir='ltr'><strong>ipsos</strong></span> <span class='ocrx_word' id='word_1_230' title='bbox 480 2378 568 2438; x_wconf 88' lang='lat' dir='ltr'><strong>modo</strong></span> <span class='ocrx_word' id='word_1_231' title='bbox 585 2387 721 2437; x_wconf 84' lang='lat' dir='ltr'><strong>auctores</strong></span> <span class='ocrx_word' id='word_1_232' title='bbox 744 2377 796 2437; x_wconf 86' lang='lat' dir='ltr'><strong>sed</strong></span> <span class='ocrx_word' id='word_1_233' title='bbox 817 2377 846 2436; x_wconf 89' lang='lat' dir='ltr'><strong>in</strong></span> <span class='ocrx_word' id='word_1_234' title='bbox 866 2375 957 2436; x_wconf 88' lang='lat' dir='ltr'><strong>libros</strong></span> <span class='ocrx_word' id='word_1_235' title='bbox 974 2392 1091 2454; x_wconf 87' lang='lat' dir='ltr'><strong>quoque</strong></span> 
     </span>
     <span class='ocr_line' id='line_1_28' title="bbox 86 2459 1091 2539; baseline -0.006 -15"><span class='ocrx_word' id='word_1_236' title='bbox 86 2480 187 2524; x_wconf 87' lang='lat' dir='ltr'><strong>corum</strong></span> <span class='ocrx_word' id='word_1_237' title='bbox 201 2462 359 2539; x_wconf 82' lang='lat' dir='ltr'><strong>saevitum,</strong></span> <span class='ocrx_word' id='word_1_238' title='bbox 374 2459 512 2538; x_wconf 74' lang='lat' dir='ltr'><strong>relegato</strong></span> <span class='ocrx_word' id='word_1_239' title='bbox 526 2462 681 2522; x_wconf 85' lang='lat' dir='ltr'><strong>triumviris</strong></span> <span class='ocrx_word' id='word_1_240' title='bbox 693 2461 854 2521; x_wconf 88' lang='lat' dir='ltr'><strong>ministerio</strong></span> <span class='ocrx_word' id='word_1_241' title='bbox 869 2468 900 2520; x_wconf 92' lang='lat' dir='ltr'><strong>nt</strong></span> <span class='ocrx_word' id='word_1_242' title='bbox 909 2466 1091 2520; x_wconf 88' lang='lat' dir='ltr'><strong>monumenta</strong></span> 
     </span>
     <span class='ocr_line' id='line_1_29' title="bbox 85 2543 1118 2623; baseline -0.004 -15"><span class='ocrx_word' id='word_1_243' title='bbox 85 2547 312 2608; x_wconf 87' lang='lat' dir='ltr'><strong>clarissimorum</strong></span> <span class='ocrx_word' id='word_1_244' title='bbox 327 2545 508 2623; x_wconf 77' lang='lat' dir='ltr'><strong>ingeniorum</strong></span> <span class='ocrx_word' id='word_1_245' title='bbox 528 2547 558 2605; x_wconf 91' lang='lat' dir='ltr'><strong>iu</strong></span> <span class='ocrx_word' id='word_1_246' title='bbox 573 2545 690 2606; x_wconf 89' lang='lat' dir='ltr'><strong>comitio</strong></span> <span class='ocrx_word' id='word_1_247' title='bbox 712 2561 748 2605; x_wconf 90' lang='lat' dir='ltr'><strong>ac</strong></span> <span class='ocrx_word' id='word_1_248' title='bbox 762 2544 828 2605; x_wconf 86' lang='lat' dir='ltr'><strong>loro</strong></span> <span class='ocrx_word' id='word_1_249' title='bbox 844 2547 1006 2605; x_wconf 87' lang='lat' dir='ltr'><strong>urerentur.</strong></span> <span class='ocrx_word' id='word_1_250' title='bbox 1036 2543 1118 2604; x_wconf 84' lang='lat' dir='ltr'><strong>sci-s</strong></span> 
     </span>
     <span class='ocr_line' id='line_1_30' title="bbox 1 2628 1092 2709; baseline -0.007 -16"><span class='ocrx_word' id='word_1_251' title='bbox 1 2655 2 2660; x_wconf 47' lang='lat'>¹</span> <span class='ocrx_word' id='word_1_252' title='bbox 84 2632 156 2693; x_wconf 88' lang='lat' dir='ltr'><strong>licet</strong></span> <span class='ocrx_word' id='word_1_253' title='bbox 172 2629 224 2690; x_wconf 91' lang='lat' dir='ltr'><strong>illc</strong></span> <span class='ocrx_word' id='word_1_254' title='bbox 238 2631 307 2707; x_wconf 76' lang='lat' dir='ltr'><strong>igue</strong></span> <span class='ocrx_word' id='word_1_255' title='bbox 323 2646 429 2690; x_wconf 83' lang='lat' dir='ltr'><strong>vocem</strong></span> <span class='ocrx_word' id='word_1_256' title='bbox 444 2631 545 2709; x_wconf 89' lang='lat' dir='ltr'><strong>populi</strong></span> <span class='ocrx_word' id='word_1_257' title='bbox 561 2628 682 2690; x_wconf 84' lang='lat' dir='ltr'><strong>Romani</strong></span> <span class='ocrx_word' id='word_1_258' title='bbox 704 2638 734 2689; x_wconf 91' lang='lat' dir='ltr'><strong>et</strong></span> <span class='ocrx_word' id='word_1_259' title='bbox 746 2628 912 2689; x_wconf 87' lang='lat' dir='ltr'><strong>libertatem</strong></span> <span class='ocrx_word' id='word_1_260' title='bbox 925 2635 1043 2688; x_wconf 88' lang='lat' dir='ltr'><strong>senatus</strong></span> <span class='ocrx_word' id='word_1_261' title='bbox 1062 2633 1092 2686; x_wconf 89' lang='lat' dir='ltr'><strong>et</strong></span> 
     </span>
     <span class='ocr_line' id='line_1_31' title="bbox 86 2710 1092 2791; baseline -0.006 -15"><span class='ocrx_word' id='word_1_262' title='bbox 86 2713 297 2776; x_wconf 88' lang='lat' dir='ltr'><strong>conscientiam</strong></span> <span class='ocrx_word' id='word_1_263' title='bbox 311 2713 431 2791; x_wconf 77' lang='lat' dir='ltr'><strong>generis</strong></span> <span class='ocrx_word' id='word_1_264' title='bbox 448 2712 562 2774; x_wconf 88' lang='lat' dir='ltr'><strong>humani</strong></span> <span class='ocrx_word' id='word_1_265' title='bbox 578 2713 691 2774; x_wconf 89' lang='lat' dir='ltr'><strong>aboleri</strong></span> <span class='ocrx_word' id='word_1_266' title='bbox 711 2711 940 2788; x_wconf 86' lang='lat' dir='ltr'><strong>arbitrabantur,</strong></span> <span class='ocrx_word' id='word_1_267' title='bbox 961 2710 1092 2791; x_wconf 83' lang='lat' dir='ltr'><strong>expulsis</strong></span> 
     </span>
     <span class='ocr_line' id='line_1_32' title="bbox 84 2796 1093 2878; baseline -0.007 -18"><span class='ocrx_word' id='word_1_268' title='bbox 84 2800 206 2877; x_wconf 90' lang='lat' dir='ltr'><strong>insuper</strong></span> <span class='ocrx_word' id='word_1_269' title='bbox 231 2797 393 2878; x_wconf 86' lang='lat' dir='ltr'><strong>sapientiae</strong></span> <span class='ocrx_word' id='word_1_270' title='bbox 419 2797 641 2877; x_wconf 88' lang='lat' dir='ltr'><strong>professoribus</strong></span> <span class='ocrx_word' id='word_1_271' title='bbox 666 2805 754 2876; x_wconf 90' lang='lat' dir='ltr'><strong>atque</strong></span> <span class='ocrx_word' id='word_1_272' title='bbox 777 2796 853 2856; x_wconf 90' lang='lat' dir='ltr'><strong>omni</strong></span> <span class='ocrx_word' id='word_1_273' title='bbox 877 2796 955 2857; x_wconf 88' lang='lat' dir='ltr'><strong>bona</strong></span> <span class='ocrx_word' id='word_1_274' title='bbox 980 2804 1042 2857; x_wconf 89' lang='lat' dir='ltr'><strong>arte</strong></span> <span class='ocrx_word' id='word_1_275' title='bbox 1063 2796 1093 2854; x_wconf 90' lang='lat' dir='ltr'><strong>in</strong></span> 
     </span>
     <span class='ocr_line' id='line_1_33' title="bbox 85 2879 1092 2962; baseline -0.006 -19"><span class='ocrx_word' id='word_1_276' title='bbox 85 2881 203 2944; x_wconf 85' lang='lat' dir='ltr'><strong>exilium</strong></span> <span class='ocrx_word' id='word_1_277' title='bbox 215 2888 293 2960; x_wconf 87' lang='lat' dir='ltr'><strong>acta,</strong></span> <span class='ocrx_word' id='word_1_278' title='bbox 314 2899 351 2942; x_wconf 90' lang='lat' dir='ltr'><strong>ne</strong></span> <span class='ocrx_word' id='word_1_279' title='bbox 367 2879 435 2960; x_wconf 78' lang='lat' dir='ltr'><strong>quid</strong></span> <span class='ocrx_word' id='word_1_280' title='bbox 449 2901 569 2962; x_wconf 87' lang='lat' dir='ltr'><strong>nsquam</strong></span> <span class='ocrx_word' id='word_1_281' title='bbox 583 2882 735 2943; x_wconf 88' lang='lat' dir='ltr'><strong>honestum</strong></span> <span class='ocrx_word' id='word_1_282' title='bbox 752 2888 933 2952; x_wconf 85' lang='lat' dir='ltr'><strong>occurreret.</strong></span> <span class='ocrx_word' id='word_1_283' title='bbox 962 2879 1092 2944; x_wconf 85' lang='lat' dir='ltr'><strong>dedimus</strong></span> 
     </span>
     <span class='ocr_line' id='line_1_34' title="bbox 85 2965 1126 3045; baseline -0.005 -20"><span class='ocrx_word' id='word_1_284' title='bbox 85 2967 223 3045; x_wconf 85' lang='lat' dir='ltr'><strong>prolecto</strong></span> <span class='ocrx_word' id='word_1_285' title='bbox 241 2965 353 3043; x_wconf 78' lang='lat' dir='ltr'><strong>grande</strong></span> <span class='ocrx_word' id='word_1_286' title='bbox 367 2967 524 3044; x_wconf 88' lang='lat' dir='ltr'><strong>patientiae</strong></span> <span class='ocrx_word' id='word_1_287' title='bbox 542 2967 760 3035; x_wconf 66' lang='lat' dir='ltr'><strong>documentum</strong></span> <span class='ocrx_word' id='word_1_288' title='bbox 778 2973 808 3024; x_wconf 89' lang='lat' dir='ltr'><strong>et</strong></span> <span class='ocrx_word' id='word_1_289' title='bbox 822 2966 898 3026; x_wconf 90' lang='lat' dir='ltr'><strong>sicut</strong></span> <span class='ocrx_word' id='word_1_290' title='bbox 911 2972 996 3024; x_wconf 84' lang='lat' dir='ltr'><strong>vetus</strong></span> <span class='ocrx_word' id='word_1_291' title='bbox 1011 2971 1126 3024; x_wconf 85' lang='lat' dir='ltr'><strong>aetasrc</strong></span> 
     </span>
     <span class='ocr_line' id='line_1_35' title="bbox 85 3045 1091 3126; baseline -0.002 -19"><span class='ocrx_word' id='word_1_292' title='bbox 85 3047 159 3108; x_wconf 84' lang='lat' dir='ltr'><strong>vidit</strong></span> <span class='ocrx_word' id='word_1_293' title='bbox 179 3049 247 3126; x_wconf 86' lang='lat' dir='ltr'><strong>quid</strong></span> <span class='ocrx_word' id='word_1_294' title='bbox 262 3049 389 3110; x_wconf 85' lang='lat' dir='ltr'><strong>ultimum</strong></span> <span class='ocrx_word' id='word_1_295' title='bbox 411 3051 439 3110; x_wconf 92' lang='lat' dir='ltr'><strong>in</strong></span> <span class='ocrx_word' id='word_1_296' title='bbox 454 3050 589 3111; x_wconf 88' lang='lat' dir='ltr'><strong>libertate</strong></span> <span class='ocrx_word' id='word_1_297' title='bbox 609 3059 708 3126; x_wconf 90' lang='lat' dir='ltr'><strong>esset,</strong></span> <span class='ocrx_word' id='word_1_298' title='bbox 726 3050 766 3108; x_wconf 88' lang='lat' dir='ltr'><strong>ita</strong></span> <span class='ocrx_word' id='word_1_299' title='bbox 785 3065 839 3108; x_wconf 87' lang='lat' dir='ltr'><strong>nos</strong></span> <span class='ocrx_word' id='word_1_300' title='bbox 862 3048 929 3126; x_wconf 88' lang='lat' dir='ltr'><strong>quid</strong></span> <span class='ocrx_word' id='word_1_301' title='bbox 950 3047 979 3106; x_wconf 85' lang='lat' dir='ltr'><strong>in</strong></span> <span class='ocrx_word' id='word_1_302' title='bbox 1000 3045 1091 3106; x_wconf 82' lang='lat' dir='ltr'><strong>servi·</strong></span> 
     </span>
    </p>

    <p class='ocr_par' dir='ltr' id='par_1_9' title="bbox 1 3130 1093 3297">
     <span class='ocr_line' id='line_1_36' title="bbox 1 3130 1093 3212; baseline -0.003 -21"><span class='ocrx_word' id='word_1_303' title='bbox 1 3199 2 3202; x_wconf 10' lang='lat'>¹</span> <span class='ocrx_word' id='word_1_304' title='bbox 86 3139 165 3207; x_wconf 85' lang='lat' dir='ltr'><strong>tute,</strong></span> <span class='ocrx_word' id='word_1_305' title='bbox 188 3131 324 3212; x_wconf 85' lang='lat' dir='ltr'><strong>adempto</strong></span> <span class='ocrx_word' id='word_1_306' title='bbox 341 3149 395 3210; x_wconf 88' lang='lat' dir='ltr'><strong>per</strong></span> <span class='ocrx_word' id='word_1_307' title='bbox 416 3133 618 3212; x_wconf 84' lang='lat' dir='ltr'><strong>inquisitiones</strong></span> <span class='ocrx_word' id='word_1_308' title='bbox 638 3133 724 3192; x_wconf 90' lang='lat' dir='ltr'><strong>etiam</strong></span> <span class='ocrx_word' id='word_1_309' title='bbox 737 3131 885 3211; x_wconf 79' lang='lat' dir='ltr'><strong>¹loquendi</strong></span> <span class='ocrx_word' id='word_1_310' title='bbox 900 3130 1093 3207; x_wconf 87' lang='lat' dir='ltr'><strong>audiendique</strong></span> 
     </span>
     <span class='ocr_line' id='line_1_37' title="bbox 88 3213 1092 3297; baseline -0.003 -23"><span class='ocrx_word' id='word_1_311' title='bbox 88 3215 277 3274; x_wconf 90' lang='lat' dir='ltr'><strong>commercio.</strong></span> <span class='ocrx_word' id='word_1_312' title='bbox 300 3215 469 3275; x_wconf 86' lang='lat' dir='ltr'><strong>memoriam</strong></span> <span class='ocrx_word' id='word_1_313' title='bbox 490 3234 608 3297; x_wconf 91' lang='lat' dir='ltr'><strong>quoque</strong></span> <span class='ocrx_word' id='word_1_314' title='bbox 627 3217 719 3297; x_wconf 90' lang='lat' dir='ltr'><strong>ipsam</strong></span> <span class='ocrx_word' id='word_1_315' title='bbox 738 3234 802 3276; x_wconf 88' lang='lat' dir='ltr'><strong>cnm</strong></span> <span class='ocrx_word' id='word_1_316' title='bbox 821 3232 897 3276; x_wconf 78' lang='lat' dir='ltr'><strong>uoce</strong></span> <span class='ocrx_word' id='word_1_317' title='bbox 915 3213 1092 3293; x_wconf 83' lang='lat' dir='ltr'><strong>perdidisse·</strong></span> 
     </span>
    </p>

    <p class='ocr_par' dir='ltr' id='par_1_10' title="bbox 1 3297 1129 3563">
     <span class='ocr_line' id='line_1_38' title="bbox 1 3297 1094 3381; baseline -0.005 -23"><span class='ocrx_word' id='word_1_318' title='bbox 1 3335 2 3348; x_wconf 64' lang='lat'>2</span> <span class='ocrx_word' id='word_1_319' title='bbox 87 3316 168 3374; x_wconf 89' lang='lat' dir='ltr'><strong>mus,</strong></span> <span class='ocrx_word' id='word_1_320' title='bbox 190 3297 286 3359; x_wconf 90' lang='lat' dir='ltr'><strong>sitam</strong></span> <span class='ocrx_word' id='word_1_321' title='bbox 303 3299 332 3357; x_wconf 89' lang='lat' dir='ltr'><strong>in</strong></span> <span class='ocrx_word' id='word_1_322' title='bbox 352 3307 451 3360; x_wconf 88' lang='lat' dir='ltr'><strong>nostra</strong></span> <span class='ocrx_word' id='word_1_323' title='bbox 467 3309 614 3381; x_wconf 85' lang='lat' dir='ltr'><strong>potestate</strong></span> <span class='ocrx_word' id='word_1_324' title='bbox 630 3308 709 3360; x_wconf 88' lang='lat' dir='ltr'><strong>osset</strong></span> <span class='ocrx_word' id='word_1_325' title='bbox 726 3299 863 3360; x_wconf 89' lang='lat' dir='ltr'><strong>oblivisci</strong></span> <span class='ocrx_word' id='word_1_326' title='bbox 878 3314 963 3376; x_wconf 89' lang='lat' dir='ltr'><strong>quam</strong></span> <span class='ocrx_word' id='word_1_327' title='bbox 982 3306 1094 3356; x_wconf 87' lang='lat' dir='ltr'><strong>tacere.</strong></span> 
     </span>
     <span class='ocr_line' id='line_1_39' title="bbox 152 3380 1129 3462; baseline -0.001 -19"><span class='ocrx_word' id='word_1_328' title='bbox 152 3382 182 3443; x_wconf 82' lang='grc'><strong>3.</strong></span> <span class='ocrx_word' id='word_1_329' title='bbox 211 3380 295 3444; x_wconf 84' lang='lat' dir='ltr'><strong>Nunc</strong></span> <span class='ocrx_word' id='word_1_330' title='bbox 310 3381 422 3442; x_wconf 85' lang='lat' dir='ltr'><strong>demum</strong></span> <span class='ocrx_word' id='word_1_331' title='bbox 440 3383 516 3444; x_wconf 83' lang='lat' dir='ltr'><strong>redit</strong></span> <span class='ocrx_word' id='word_1_332' title='bbox 537 3385 662 3453; x_wconf 85' lang='lat' dir='ltr'><strong>animus;</strong></span> <span class='ocrx_word' id='word_1_333' title='bbox 685 3391 731 3443; x_wconf 90' lang='lat' dir='ltr'><strong>set</strong></span> <span class='ocrx_word' id='word_1_334' title='bbox 746 3399 916 3462; x_wconf 89' lang='lat' dir='ltr'><strong>quamquam</strong></span> <span class='ocrx_word' id='word_1_335' title='bbox 931 3381 1024 3460; x_wconf 90' lang='lat' dir='ltr'><strong>primo</strong></span> <span class='ocrx_word' id='word_1_336' title='bbox 1035 3384 1092 3437; x_wconf 86' lang='lat' dir='ltr'><strong>sta·</strong></span> <span class='ocrx_word' id='word_1_337' title='bbox 1103 3401 1129 3442; x_wconf 82' lang='lat' dir='ltr'><strong>u</strong></span> 
     </span>
     <span class='ocr_line' id='line_1_40' title="bbox 1 3457 1094 3563; baseline -0.011 -35"><span class='ocrx_word' id='word_1_338' title='bbox 1 3537 2 3563; x_wconf 15' lang='grc' dir='ltr'><strong>χ</strong></span> <span class='ocrx_word' id='word_1_339' title='bbox 86 3467 137 3528; x_wconf 88' lang='lat' dir='ltr'><strong>tim</strong></span> <span class='ocrx_word' id='word_1_340' title='bbox 154 3465 314 3528; x_wconf 88' lang='lat' dir='ltr'><strong>beatissimi</strong></span> <span class='ocrx_word' id='word_1_341' title='bbox 330 3467 441 3528; x_wconf 87' lang='lat' dir='ltr'><strong>sacculi</strong></span> <span class='ocrx_word' id='word_1_342' title='bbox 458 3477 522 3530; x_wconf 89' lang='lat' dir='ltr'><strong>ortu</strong></span> <span class='ocrx_word' id='word_1_343' title='bbox 537 3465 635 3529; x_wconf 85' lang='lat' dir='ltr'><strong>Nerva</strong></span> <span class='ocrx_word' id='word_1_344' title='bbox 650 3465 760 3528; x_wconf 76' lang='lat' dir='ltr'><strong>caesar</strong></span> <span class='ocrx_word' id='word_1_345' title='bbox 774 3483 824 3526; x_wconf 92' lang='lat' dir='ltr'><strong>res</strong></span> <span class='ocrx_word' id='word_1_346' title='bbox 840 3464 909 3524; x_wconf 91' lang='lat' dir='ltr'><strong>olim</strong></span> <span class='ocrx_word' id='word_1_347' title='bbox 923 3457 1094 3523; x_wconf 80' lang='lat' dir='ltr'><strong>dissociabi-</strong></span> 
     </span>
    </p>
   </div>
   <div class='ocr_carea' id='block_1_8' title="bbox 0 0 1274 3870">
    <p class='ocr_par' dir='ltr' id='par_1_11' title="bbox 0 0 1274 3870">
     <span class='ocr_line' id='line_1_41' title="bbox 0 0 1274 3870; baseline 0 0"><span class='ocrx_word' id='word_1_348' title='bbox 0 0 1274 3870; x_wconf 95' lang='lat' dir='ltr'><strong> </strong></span> 
     </span>
    </p>
   </div>
  </div>
 </body>
</html>
