2540 3874
300 165 304 172 ·
408 163 827 220 nnnnn11.car.61-66.
969 219 972 224 ,
1082 153 1123 215 69

180 329 229 392 66
250 326 341 388 Simul
361 325 489 385 nuntiato
511 341 614 401 regem
641 322 780 382 Artaxian
805 322 950 384 Anneniis
972 341 988 383 a
1007 321 1122 384 Germa·

125 415 183 475 nico
211 411 322 488 datum,
345 409 506 470 decrevere
527 416 628 488 patres
650 415 681 467 ut
697 405 883 468 Germanicus
904 417 990 488 atquc
1013 407 1123 467 Drusus

125 505 238 558 orantes
256 494 357 557 urbem
375 492 536 553 introirent.
564 492 664 552 structi
684 500 714 550 et
731 509 815 551 arcus
834 492 941 554 circum
954 491 1045 552 latera
1052 500 1121 551 tem·

123 582 159 662 pli
176 581 275 642 blattis
296 578 408 640 Ultoris
432 594 495 636 cunr
517 575 616 652 effigie
643 573 815 655 Caesarum,
848 575 971 637 laetiore
992 574 1121 654 Tiberio,

121 665 181 744 qaia
202 681 306 744 pacem
324 661 466 741 sapientia
486 661 666 738 firmaverat,
693 677 777 738 quarn
798 662 824 720 si
844 659 951 722 bellurn
973 679 1026 740 per
1042 661 1145 732 aciesa

121 749 301 810 confecisset.
337 748 423 824 igitur
442 744 655 822 Rhescuporim
677 761 809 823 quoqne,
832 744 992 806 Thraeciae
1009 763 1122 824 regern,

119 843 176 893 astu
199 830 377 910 adgreditur.
409 845 522 888 omnem
539 845 603 887 eam
622 829 769 888 nationem
783 828 1008 892 Rhoemetalces
1022 837 1121 892 tenue·

117 926 172 986 rat;
196 933 254 996 qun
277 915 413 975 defuncto
429 912 578 990 Augustus
599 920 710 991 partem
727 911 887 974 Thraecum
905 913 1121 993 Rhescuporidi

115 1001 193 1061 fratri
209 1001 288 1077 eius,
309 1007 420 1078 partem
443 996 502 1056 filio
519 994 605 1071 Cotyi
621 996 760 1075 permisit.
796 998 826 1058 in
842 1016 877 1059 ea
892 997 1033 1059 divisione
1051 1009 1119 1060 aava

114 1093 145 1144 et
159 1083 246 1144 nrbes
259 1091 289 1143 et
303 1082 396 1142 vicina
412 1079 532 1141 Graecis
549 1079 650 1158 Cotyi,
677 1080 756 1158 quod
775 1081 926 1162 incultum,
948 1083 1047 1161 feror,
1069 1083 1116 1144 ad·
1128 1101 1153 1146 rc

114 1185 216 1228 nerum
230 1165 382 1244 hostibus,
404 1164 618 1245 Rhescuporidi
635 1165 737 1226 cessit:
760 1167 946 1246 ipsorumque
962 1184 1063 1245 regum
1078 1170 1117 1227 in-

112 1254 214 1330 gonia,
231 1251 273 1311 illi
287 1252 354 1310 mite
370 1259 399 1310 et
416 1265 583 1327 amoenum,
599 1249 665 1309 huic
678 1257 779 1328 atrox,
796 1251 909 1310 avidum
925 1260 954 1312 et
970 1252 1118 1312 societatis

112 1337 254 1416 inpatiens
278 1342 349 1396 erat.
395 1332 449 1394 sed
476 1335 568 1413 primo
586 1332 708 1396 subdola
731 1335 887 1396 concordia
916 1354 1021 1413 egere:
1050 1355 1118 1397 mox

110 1419 309 1498 Rhescuporis
323 1417 424 1496 egredi
436 1417 525 1496 fines,
538 1427 654 1478 vertere
667 1417 695 1477 in
706 1436 740 1478 se
753 1417 838 1494 Cotyi
853 1419 917 1480 data
933 1429 961 1480 et
970 1420 1117 1482 resistenti

111 1507 167 1564 rim
183 1505 301 1582 facere,
320 1511 492 1563 ‘cunctanter
506 1501 559 1562 sub
573 1501 724 1582 Augusto,
747 1521 832 1582 quem
849 1513 997 1564 auctorem
1013 1505 1151 1574 utrius-15

110 1606 167 1666 que
182 1589 284 1666 regni,
299 1587 324 1648 si
340 1595 544 1667 sperneretur,
559 1586 703 1647 vindicem
718 1586 873 1649 metuebat.
906 1590 1053 1650 enimvero
1068 1609 1115 1650 au·

109 1673 167 1733 dita
189 1673 347 1732 mutatione
371 1671 511 1750 principis
532 1670 674 1732 inmittere
700 1672 842 1735 latronum
862 1671 986 1753 globos,
1018 1676 1115 1734 excin-

106 1756 178 1817 dere
194 1757 330 1834 castella,
347 1773 449 1816 causas
464 1754 554 1814 bello.

171 1839 223 1902 65.
238 1839 316 1901 Nihil
331 1857 423 1919 aeque
440 1839 586 1900 'liberium
602 1841 715 1901 annium
730 1840 857 1903 habebat
879 1861 963 1922 quarn
988 1861 1025 1902 ne
1047 1861 1113 1903 con·

105 1926 203 2005 posita
215 1924 407 1985 turbarentur.
432 1923 533 2002 deligit
549 1925 762 2004 centurionem,
780 1929 828 2006 qni
839 1929 984 1988 nuntiaret
994 1927 1114 2007 regibus

28 2057 29 2062 ,
104 2028 143 2069 ne
159 2010 247 2070 armis
264 2009 476 2088 disceptarent;
499 2010 650 2089 statimque
667 2019 684 2071 a
702 2009 796 2087 Cotye
813 2012 930 2074 dimissa
951 2021 1016 2073 sunt
1039 2030 1113 2092 quae

28 2139 29 2164 ,
103 2102 262 2174 parauerat
283 2093 398 2154 auxilia.
435 2092 636 2174 Rhescuporis
657 2095 723 2156 licta
739 2097 881 2159 modestia
902 2096 1028 2176 postulat
1046 2115 1113 2156 ann-

103 2179 170 2238 dem
196 2177 226 2239 in
256 2178 353 2239 locum
375 2178 518 2239 coiretnr:
547 2196 637 2257 posse
666 2179 702 2240 de
725 2182 934 2243 controversiis
956 2181 1136 2260 conloquior

101 2264 236 2342 transigi.
274 2281 331 2323 nec
353 2262 402 2323 din
423 2262 578 2324 dubitatum
594 2263 630 2324 de
645 2274 796 2344 tempore,
817 2266 902 2344 loco,
928 2265 995 2326 dein
1014 2265 1112 2325 condi-

102 2347 253 2428 cionibus,
271 2366 335 2409 cum
346 2346 420 2409 alter
431 2347 586 2427 facilitate,
599 2347 673 2415 alter
683 2349 785 2410 fraude
799 2359 902 2411 cuncta
914 2351 987 2410 inter
999 2367 1031 2409 se
1044 2367 1111 2410 con·
1125 2383 1128 2390 ·

102 2433 246 2494 cederent
264 2433 501 2512 acciperentque.
534 2432 735 2512 Rhescuporis
756 2433 930 2512 sanciendo,
954 2442 984 2494 nt
1002 2433 1111 2495 dictita·

98 2517 168 2595 bat,
192 2513 308 2578 foederi
328 2517 490 2578 convivium
512 2515 614 2596 adicit,
636 2526 785 2598 tractaque
807 2522 836 2579 in
859 2520 975 2580 multam
995 2527 1111 2579 noctem

98 2601 211 2663 laetitia
229 2621 284 2681 per
305 2601 406 2681 epulas
430 2619 465 2662 ac
484 2601 669 2664 vinolentiam
689 2605 832 2664 incautum
850 2602 944 2680 Cotyn
961 2611 1006 2680 et,
1028 2611 1108 2681 post·
1120 2627 1146 2667 ro

99 2704 189 2766 quam
201 2684 297 2748 dolum
313 2685 515 2763 intellexerat,
531 2704 614 2746 sacra
628 2687 729 2766 regni,
746 2688 873 2768 eiusdem
891 2688 1017 2750 familiae
1038 2687 1109 2748 deos

98 2779 128 2831 et
147 2771 307 2854 hospitalis
331 2789 445 2832 mensas
465 2769 656 2832 obtestantem
678 2775 787 2832 catenis
806 2781 916 2835 onerat.
953 2772 1109 2834 Thraecia·

98 2873 157 2935 que
182 2856 259 2919 omni
281 2857 390 2936 potitus
413 2855 531 2934 scripsit
552 2854 587 2916 ad
603 2854 747 2918 Tiberium
768 2867 891 2919 structas
908 2857 963 2917 sibi
980 2859 1108 2937 insidias,

96 2949 293 3020 praeventum
313 2940 525 3011 insidiatorem
555 2941 639 3001 simul
662 2940 769 3002 bellum
791 2942 931 3004 adversus
952 2941 1109 3004 basternas

95 3027 287 3106 Scythasque
316 3024 511 3106 praetendens
539 3024 622 3085 novis
650 3026 776 3105 peditum
807 3036 835 3087 et
861 3027 987 3106 equitum
1015 3029 1108 3107 copiis
1118 3051 1143 3092 rs
1212 3099 1214 3104 ,

94 3129 165 3172 sese
186 3108 327 3174 firmabat.
364 3110 492 3172 molliter
506 3110 698 3190 rescriptum,
719 3112 743 3170 si
764 3111 844 3172 fraus
865 3110 996 3190 abesset,
1018 3129 1108 3191 posse

95 3214 161 3257 enm
179 3195 366 3258 innocentiae
385 3195 493 3266 6dere;
514 3203 642 3256 ceterum
653 3213 748 3275 neque
759 3213 791 3256 se
807 3214 903 3275 neque
916 3196 1108 3256 senatumnisi

95 3283 218 3360 cognita
245 3298 334 3343 causa
359 3280 404 3341 ins
432 3288 462 3340 et
484 3279 612 3340 iniuriam
633 3279 828 3342 discreturus:
858 3278 980 3360 proinde
1003 3276 1107 3338 tradito

94 3361 194 3445 Cotye
210 3367 327 3430 reniret
339 3363 569 3443 transferretque
587 3365 721 3426 invidiam
738 3365 872 3426 criminis.

157 3453 212 3520 66.
236 3450 298 3514 Eas
321 3449 422 3511 literas
444 3448 569 3510 Latinius
591 3449 722 3510 Pandusa
744 3465 798 3528 pro
825 3453 961 3526 praetore
978 3441 1124 3508 lloesiaa.
