2510 3864
178 175 240 236 ast
415 181 943 232 uncturum.nnousnou1sus
1075 229 1079 232 .

180 341 228 402 iric
242 337 368 421 populus
385 347 569 399 transeuntes
585 337 700 397 nominc
716 345 803 398 vocat
820 346 850 397 ct
869 336 960 415 digito
983 337 1194 401 demonstrati

181 424 311 486 aduenae
332 441 449 504 quoque
475 431 505 482 et
526 420 676 501 peregrini
696 422 750 482 iam
770 421 799 480 in
819 420 982 500 manicipiis
1002 431 1035 481 et
1059 421 1195 484 coloniis

180 509 240 570 suis
267 508 396 587 auditos,
426 506 632 585 cumprimum
655 505 755 565 urbem
778 505 950 581 attigerunt,
974 506 1136 584 requirunt
1162 527 1197 568 ac

147 592 261 657 aovclut
279 591 464 668 adgnoscere
482 589 701 672 concupiscunt.

243 674 273 736 8.
302 675 401 736 Ausim
421 673 600 735 contendere
619 671 787 733 llarcellnm
807 670 883 731 hunc
902 670 1041 750 Eprium,
1070 672 1114 734 de
1138 693 1196 754 quo

179 759 265 822 modo
282 758 395 820 locutus
414 775 490 833 sum,
512 766 541 818 et
556 754 688 834 Crispum
703 755 818 817 Vibium
838 754 990 834 (libentius
1008 756 1088 816 eninr
1106 761 1198 819 novis

180 854 210 906 et
223 842 390 904 recentibus
405 859 489 921 quam
505 841 623 902 remotis
641 848 671 899 et
686 839 846 901 obliteratis
862 838 1006 918 exemplis
1024 840 1114 918 utor)
1137 860 1197 904 non
1243 811 1247 868 ¹*

179 928 272 988 miuus
288 931 379 987 notua
390 943 457 986 esse
469 924 497 984 in
513 925 650 986 extremis
666 923 796 1002 partibus
810 932 952 984 terrarum
966 940 1052 1001 qnam
1068 922 1198 1004 Capuae
1246 931 1247 978 t

161 1019 232 1072 saut
245 1009 411 1084 Vercellis,
428 1007 476 1067 ubi
491 1007 550 1067 nati
566 1005 705 1069 dicuntur.
736 1025 792 1068 nec
806 1006 863 1068 lrcc
877 1006 936 1067 illis
946 1009 1074 1070 atterius
1087 1013 1146 1081 iris,
1157 1011 1196 1070 al·

181 1094 272 1155 terius
290 1101 334 1153 ter
349 1091 444 1152 milies
461 1092 625 1152 sestertium
642 1099 787 1170 praestat,
803 1107 975 1169 quamquam
987 1089 1024 1150 ad
1038 1089 1096 1152 has
1110 1095 1193 1172 ipsas

183 1195 256 1256 opes
273 1185 395 1254 possunt
415 1174 507 1236 videri
530 1175 716 1254 eloquentiae
730 1173 877 1235 lrsneiicio
892 1175 1030 1250 venisse,
1053 1175 1117 1236 sed
1127 1177 1189 1253 ipsa
1246 1169 1247 1262 ζ

182 1261 364 1339 eloquentia:
380 1261 462 1320 cuius
475 1275 580 1321 numen
594 1267 625 1318 et
642 1258 780 1320 caelestis
795 1258 840 1318 vis
855 1257 943 1320 multa
958 1256 1078 1337 quidem
1101 1259 1180 1319 onni-
1246 1265 1247 1352 q

182 1347 235 1406 hus
257 1344 384 1406 saeculis
400 1343 534 1423 exempla
550 1342 655 1418 edidit,
673 1342 709 1403 ad
725 1359 808 1422 quam
828 1360 921 1420 usqne
937 1342 1085 1402 iortunam
1101 1340 1181 1402 lroroi-
1246 1361 1247 1380 ¹

148 1449 234 1494 nones
250 1428 358 1506 ingenii
373 1427 483 1488 uiribus
495 1428 700 1506 pervenerint,
717 1426 770 1486 sad
781 1425 870 1503 lraec,
884 1435 915 1486 ut
930 1442 1019 1504 supra
1030 1424 1106 1503 dixi,
1124 1441 1182 1504 pro·
1246 1429 1247 1488 ξ

181 1514 257 1575 xima
274 1520 304 1573 et
321 1530 395 1592 quae
409 1530 469 1573 non
486 1510 581 1572 auditu
598 1508 825 1588 cognoscenda,
847 1509 899 1569 sod
916 1508 1010 1570 oculis
1026 1508 1185 1589 spectanda
1246 1491 1247 1548 l

182 1596 330 1658 habemus.
360 1605 506 1673 namquo
526 1592 669 1656 sordidius
691 1602 720 1654 et
740 1593 881 1654 abiectius
901 1595 960 1654 nati
980 1601 1048 1653 sunt
1070 1609 1188 1671 quoqne

182 1680 338 1741 notabilior
360 1687 518 1758 paupertas
539 1687 569 1738 et
588 1677 740 1756 angustiae
760 1694 856 1738 rerum
876 1685 1033 1739 nascentes
1057 1693 1116 1737 eos
1138 1678 1189 1736 cir·

185 1770 411 1840 cumsteterunt,
443 1780 481 1823 eo
499 1762 625 1823 clariora
648 1771 678 1822 et
704 1761 742 1822 ad
763 1761 1015 1822 demonstrandam
1041 1763 1192 1822 oratoriae

148 1846 369 1925 ineloquentiae
390 1846 541 1906 utilitatem
566 1844 734 1907 inlustriora
755 1845 892 1924 exempla
912 1853 994 1921 sunt,
1022 1844 1104 1922 quod
1131 1847 1195 1905 sinc

183 1929 432 1990 commendatione
449 1930 599 2008 natalium,
622 1931 685 1990 sine
701 1929 859 1990 substantia
879 1928 1063 2006 insultatum,
1084 1938 1195 1989 neuter

182 2012 309 2075 moribus
325 2014 481 2091 egregius,
504 2013 579 2074 alter
592 2013 690 2074 habitu
706 2029 823 2092 qnoque
840 2013 975 2092 corporis
993 2019 1196 2091 contemptus,

182 2095 359 2177 permultos
378 2099 435 2156 iam
454 2114 545 2158 annos
566 2096 759 2175 potentissimi
782 2105 850 2156 suut
871 2096 995 2156 civitatis
1016 2113 1069 2174 ao,
1092 2095 1198 2158 donec

183 2181 281 2258 libuit,
307 2180 456 2260 principes
481 2181 555 2257 icri,
581 2199 657 2240 nunc
677 2180 827 2260 principes
849 2181 878 2240 in
900 2178 1036 2241 Caesaris
1063 2181 1195 2241 amicitia
1244 2203 1246 2242 r

149 2273 273 2342 magunt
287 2263 442 2342 feruntque
458 2272 561 2325 cuncta
577 2273 665 2342 atque
686 2263 803 2342 abipso
827 2265 960 2343 principe
983 2280 1047 2324 cum
1065 2263 1195 2343 quadam

183 2347 348 2408 reuerentia
361 2346 533 2424 diliguntur,
551 2348 617 2426 quia
631 2347 841 2427 Vespasianus,
858 2346 1036 2409 uenerabilis
1052 2365 1151 2409 senex
1165 2356 1194 2408 et
1245 2343 1246 2348 ’

184 2431 409 2511 patientissimus
428 2433 508 2508 veri,
534 2431 610 2492 benc
626 2431 774 2509 intellegit
795 2439 913 2492 eeteros
941 2430 1058 2510 quidem
1077 2433 1188 2492 amicos

184 2532 254 2576 suos
270 2515 306 2574 iis
329 2514 395 2588 niti,
417 2533 492 2594 quae
509 2513 545 2574 ab
561 2516 628 2594 ipso
644 2515 813 2595 acceperint
829 2532 963 2595 quaeque
977 2514 1033 2593 ipsi
1053 2532 1187 2576 accumu-

183 2600 244 2660 lare
266 2607 296 2659 et
318 2599 347 2659 in
369 2597 444 2659 alios
464 2615 628 2678 congerere
643 2607 808 2680 promptum
828 2599 881 2677 sit,
901 2597 1073 2660 llarcellnru
1096 2609 1184 2660 auten
1245 2625 1246 2680 3

149 2691 214 2744 sset
231 2680 365 2761 Crispum
386 2681 518 2743 attulisse
539 2681 575 2744 ad
590 2683 740 2744 amicitiam
756 2701 835 2744 suam
854 2683 933 2762 quod
948 2699 1006 2743 non
1021 2701 1037 2744 a
1055 2683 1185 2763 principe
1245 2689 1246 2744 l

184 2765 353 2843 acceperint
366 2783 422 2827 nec
443 2768 537 2846 accipi
553 2769 656 2846 possit.
686 2768 828 2828 minimum
845 2767 920 2828 inter
940 2775 1034 2828 totae
1050 2775 1131 2828 tanta
1149 2766 1189 2826 lc·

185 2867 249 2910 cum
270 2850 401 2927 optinent
421 2851 559 2928 imagines
576 2869 611 2912 ac
633 2850 707 2911 titnll
719 2860 751 2912 ct
766 2859 897 2928 statuae,
919 2868 994 2930 quae
1011 2868 1112 2929 neque
1127 2852 1190 2929 ipsa

184 2942 278 2994 tamen
293 2932 504 3012 negleguntur,
525 2943 582 2996 tam
596 2934 716 2996 hercule
731 2953 814 3014 quam
828 2934 946 2996 diuitiae
962 2943 992 2995 et
1003 2952 1094 3014 opes,
1118 2951 1191 3013 quas

184 3017 298 3078 lacilius
313 3017 445 3078 invenies
462 3020 509 3097 qui
530 3020 677 3096 vituperet
699 3037 783 3098 quam
806 3020 855 3098 qui
872 3019 1010 3080 fastidiat.
1040 3018 1086 3078 lrls
1102 3018 1193 3096 igitur

151 3110 215 3161 acet
238 3099 397 3160 honoribus
421 3111 451 3162 et
476 3103 651 3163 ornamentis
673 3111 702 3162 et
722 3101 909 3165 facultatibus
935 3102 1061 3164 reiertas
1086 3102 1193 3163 domos

186 3201 286 3244 eorum
302 3182 449 3262 uidemus,
465 3186 513 3263 qui
530 3203 563 3246 sa
579 3185 614 3246 ab
630 3186 746 3248 ineunte
761 3185 958 3248 adulescentia
975 3187 1071 3247 causis
1090 3185 1191 3247 iorea·

184 3267 265 3327 sibus
282 3277 311 3327 et
328 3269 458 3330 oratorio
476 3269 570 3329 studio
586 3269 738 3331 dederunt.

123 3372 133 3380 „
205 3351 278 3416 ...9.
299 3350 371 3410 llam
388 3353 512 3412 carmina
529 3362 558 3413 et
572 3371 691 3430 versus,
715 3353 817 3433 quibus
832 3362 920 3415 totam
935 3355 1020 3416 vitam
1040 3353 1189 3414 listernns

183 3436 328 3493 insumere
345 3443 427 3509 optat
443 3434 525 3510 (inde
541 3436 615 3496 enim
634 3437 726 3497 omnis
743 3437 824 3498 duxit
839 3437 966 3514 oratio),
983 3455 1078 3516 neque
1094 3437 1184 3514 digni·
