2570 3878
174 199 233 263 198
427 205 592 258 conanum
604 206 722 255 nnorur
738 203 919 254 suasurum

170 366 282 444 Pallas,
305 366 346 427 illi
361 364 498 426 Callistus
518 365 647 424 fautores
664 361 796 428 aderant:
820 367 849 418 at
864 357 947 418 helia
962 358 1079 448 Paetina
1094 374 1111 416 e
1126 356 1166 416 fn·

169 451 245 512 milia
261 450 443 514 Tuberonum
458 448 596 532 Narcisso
612 445 775 508 fovebatur.
806 444 870 522 ipse
891 441 947 502 buc
960 440 1060 519 modo,
1080 439 1167 500 modo

135 553 160 595 rs
169 535 247 613 illuc,
264 545 293 596 ut
308 552 450 615 quemque
466 532 643 594 suadentium
657 529 801 607 audierat,
819 535 984 607 promptus,
1000 524 1167 585 discordan-

169 621 257 680 tesia
273 617 423 681 consilium
441 625 577 678 vocatae
593 631 728 695 promere
745 611 914 674 sententiam
935 618 965 669 et
983 608 1101 671 adicere
1124 626 1166 669 ra·

169 705 263 764 tiones
278 702 367 764 iubet.

231 785 259 847 2.
290 785 444 848 Narcissus
467 794 550 846 vetus
576 781 798 858 matrimonium,
827 779 961 841 familiam
989 793 1167 838 communem

169 873 249 951 (narn
264 871 390 942 Antonia
406 887 442 931 ex
457 869 574 930 Paetina
589 867 678 946 erat),
695 863 764 925 nihil
780 865 808 924 in
824 860 975 944 penatibus
987 861 1049 920 eius
1061 877 1168 920 novum

169 953 347 1032 disserebat,
373 954 397 1014 si
419 961 499 1014 sueta
517 953 643 1013 coniunx
659 949 777 1023 rediret,
795 946 1012 1026 haudquaquam
1026 961 1168 1006 noverca·

169 1037 243 1098 libus
267 1037 342 1098 odiis
370 1037 465 1097 visura
490 1036 684 1096 Britannicum
706 1037 736 1093 et
759 1031 923 1107 Octaviam,
951 1029 1083 1108 proxima
1109 1029 1168 1088 suis

146 1124 300 1203 spignora.
337 1119 472 1182 Callistus
495 1117 675 1198 improbatam
698 1117 788 1194 longo
808 1113 944 1192 discidio,
968 1131 1003 1174 ac
1017 1113 1042 1172 si
1056 1129 1168 1173 rursum

168 1205 379 1284 adsumeretur,
405 1222 442 1264 eo
462 1204 527 1283 ipso
550 1200 718 1281 superbam
748 1200 896 1278 longeque
918 1197 1027 1258 rectius
1047 1195 1167 1257 Lolliam

167 1290 277 1368 induci,
294 1287 407 1368 quando
424 1286 519 1348 nullos
534 1286 643 1348 liberos
658 1285 823 1363 genuisset,
841 1299 959 1344 uacuam
976 1281 1168 1350 aemulatione

168 1383 196 1435 et
219 1374 361 1453 privignis
387 1373 513 1452 parentis
538 1371 605 1431 loco
627 1370 759 1429 futuram.
790 1376 818 1428 at
840 1365 936 1427 Pallas
957 1364 985 1426 id
1002 1366 1124 1425 maxime
1140 1365 1168 1423 in

167 1457 331 1538 Agrippina
347 1455 474 1533 laudare,
493 1455 569 1535 quod
589 1453 750 1516 Germanici
765 1459 901 1530 nepotem
917 1467 1016 1510 secum
1028 1447 1167 1523 traheret,
1279 1459 1280 1506 ;

133 1542 283 1620 iudignum
305 1558 425 1621 prorsus
445 1539 630 1619 imperatoria
650 1536 780 1597 fortuna:
804 1535 924 1614 stirpem
937 1531 1064 1592 nobilem
1080 1540 1108 1592 et
1125 1530 1167 1591 fa·
1279 1555 1280 1576 κ

165 1626 260 1688 miliae
275 1623 378 1686 lutiae
391 1623 586 1703 Claudiaeque
603 1629 741 1702 posteros
763 1619 969 1696 coniungeret,
996 1634 1033 1676 ne
1061 1614 1166 1681 femina

167 1718 306 1788 expertae
322 1707 516 1783 fecunditatis,
532 1708 645 1783 integra
656 1706 782 1781 iuventa,
799 1700 996 1763 claritudinem
1008 1697 1165 1759 Caesarum

166 1794 249 1854 aliam
265 1794 292 1852 in
308 1791 419 1852 donvum
435 1791 534 1850 ferret.

228 1877 256 1937 3.
306 1876 500 1944 Praevaluere
545 1873 615 1933 haec
658 1873 751 1931 adiuta
790 1872 949 1948 Agrippina
992 1870 1166 1932 inlecebris:

167 1960 201 2022 ad
218 1979 282 2022 euna
295 1978 349 2040 per
364 1963 493 2040 speciem
508 1960 729 2022 necessitudinis
746 1960 850 2042 crebro
872 1961 1040 2023 ventitando
1055 1961 1167 2041 pellicit

167 2054 307 2125 patruum,
325 2053 356 2104 ut
369 2044 499 2125 praelata
517 2047 623 2107 ceteris
643 2055 672 2106 et
692 2045 816 2106 nondum
832 2063 905 2106 uuor
918 2045 1047 2124 potentia
1065 2046 1166 2106 uxoria

165 2130 220 2189 iam
235 2137 373 2190 uteretur.
404 2147 468 2189 nam
483 2129 531 2190 ubi
546 2130 590 2189 sui
604 2130 773 2189 matrimonii
789 2137 869 2189 certa
885 2128 952 2205 fuit,
974 2138 1087 2190 struere
1107 2147 1166 2189 ma·

141 2214 227 2280 siora
242 2215 414 2292 nuptiasque
428 2213 556 2292 Domitii,
573 2231 658 2293 quem
674 2231 711 2273 en
726 2211 779 2272 Cn.
796 2211 995 2274 Ahenobarbo
1011 2223 1164 2290 genuerat,

165 2307 193 2359 et
216 2296 354 2358 Octaviae
372 2295 507 2360 Caesaris
533 2297 609 2360 tiliae
623 2296 733 2366 moliri;
752 2295 828 2375 quod
844 2296 908 2356 sine
926 2296 1042 2357 scelere
1058 2314 1164 2376 perpe·
1278 2303 1279 2346 l

164 2381 233 2441 trari
248 2399 305 2442 non
321 2390 453 2460 poterat,
472 2381 582 2461 quia'h.
601 2381 698 2440 Silano
717 2379 913 2459 desponderat
928 2379 1077 2441 Octauiam
1091 2378 1164 2441 Cae·

164 2483 211 2525 sar
232 2466 423 2544 iuvenemque
445 2474 473 2526 et
496 2464 552 2526 alia
574 2464 681 2534 clarmn
703 2464 807 2542 insigni
829 2463 1039 2544 triumphalium
1061 2473 1088 2524 et
1101 2465 1163 2542 gla-

165 2549 278 2610 diatorii
292 2549 418 2609 muneris
434 2549 648 2626 magnificentia
663 2547 825 2627 protulerat
843 2547 878 2608 ad
890 2548 983 2609 studia
997 2547 1084 2624 vulgi.
1110 2548 1164 2608 sed

130 2631 231 2693 cenibil
247 2632 364 2693 arduum
380 2631 530 2693 videbatur
545 2633 572 2692 in
588 2633 681 2692 animo
698 2631 853 2712 principis,
876 2633 921 2691 cui
941 2649 998 2691 non
1019 2630 1163 2709 iudicium,
1277 2639 1278 2704 ξ

163 2734 220 2777 non
236 2715 332 2778 odium
349 2724 409 2777 erat
426 2717 479 2776 nisi
496 2715 583 2777 indita
597 2723 627 2776 et
643 2717 730 2776 iussa.

221 2801 251 2861 4.
273 2799 363 2878 lgitur
377 2799 530 2879 Vitellios,
546 2801 661 2860 nomine
676 2801 809 2860 censoris
824 2799 947 2860 serviles
962 2799 1094 2862 fallacias
1111 2801 1163 2862 ob·
1277 2871 1278 2874 Ἴ

160 2893 266 2962 tegens
287 2883 535 2963 ingruentiumque
553 2884 774 2945 dominationum
790 2884 941 2962 provisor,
966 2901 1024 2964 quo
1041 2886 1163 2962 gratiam
1277 2899 1278 2962 ζ

162 2967 344 3048 Agrippinae
361 2977 486 3046 pararet,
505 2968 633 3029 consiliis
647 2969 708 3028 eius
725 2968 883 3048 implicari,
905 2968 984 3028 ferre
1001 2969 1118 3030 crimina
1132 2971 1160 3028 in
1277 2971 1278 2998 t

162 3052 303 3129 Silanum,
327 3052 406 3112 cuins
428 3070 498 3113 sane
521 3051 627 3114 deeora
643 3060 672 3113 et
688 3069 799 3131 procax
814 3068 918 3130 soror,
935 3049 1015 3112 lunia
1030 3050 1161 3130 Calvina,

134 3135 234 3199 shaud
249 3136 336 3197 multo
352 3145 419 3196 ante
435 3136 544 3198 Vitellii
559 3154 646 3197 nurus
663 3135 765 3198 fuerat.
797 3134 862 3196 hinc
879 3135 985 3196 inihum
1000 3138 1161 3199 accusatio·

158 3221 216 3289 nis:
234 3221 413 3299 fratrumque
433 3237 491 3281 non
515 3221 669 3296 incestum,
691 3220 745 3281 sed
764 3220 966 3282 incustoditum
981 3231 1109 3282 amorem
1124 3221 1161 3282 ad

158 3305 298 3366 infamiam
316 3305 410 3364 traxit.
446 3312 474 3364 et
489 3302 649 3382 praebebat
663 3302 889 3386 Caesaranres,
909 3304 1089 3382 accipiendis
1110 3305 1160 3366 nd·

159 3404 259 3449 versus
280 3405 420 3467 generum
438 3387 653 3468 suspicionibus
679 3389 798 3451 caritate
824 3388 900 3451 filiae
929 3390 1100 3468 promptior.
1131 3397 1161 3448 at
1276 3449 1277 3454 ,

159 3468 272 3531 Silanus
286 3471 451 3534 insidiarum
467 3474 582 3534 nescius
599 3491 633 3534 ac
647 3473 725 3533 forte
740 3489 776 3534 eo
793 3490 866 3534 anno
885 3481 1019 3553 praetor,
1034 3481 1159 3552 repente
