2570 3878
178 131 237 190 142
438 137 603 186 CORNELII
614 135 731 186 ΤΔΟΙΤΙ
743 135 929 185 tumtunm

47 275 55 290 ’
131 341 135 352 .
197 361 200 368 ,
236 297 287 357 61.
309 294 383 356 Fine
404 294 469 354 anui
491 292 798 368 excesseraiuslgnes
818 291 872 352 riri
892 290 1010 351 Asinius
1032 289 1178 371 Agrippa,

174 378 261 439 claris
283 376 441 440 maioribus
463 394 548 455 quam
570 376 692 436 vetustis
712 375 830 453 vitaque
850 392 907 435 nou
923 374 1070 452 degener,
1098 386 1127 436 et
1142 377 1177 452 Q.

172 461 316 540 Haterius,
332 461 443 523 familia
457 461 612 537 senatoria,
628 458 830 537 eloquentiae,
857 459 951 536 quoad
978 461 1067 537 vixit,
1101 460 1177 522 cele·
1272 499 1273 508 κ

172 545 289 607 brutae:
305 547 480 606 monimenta
496 544 594 622 ingeni
611 543 674 603 eius
688 541 763 603 haud
779 543 902 622 perinde
916 545 1085 624 retinentur.
1122 547 1177 604 sci·
1193 590 1195 594 .

147 629 242 692 slicet
255 631 364 708 impetu
380 629 472 706 magis
488 645 572 706 quam
589 645 657 687 cura
677 625 811 704 vigebam
835 637 923 708 utque
945 626 1067 688 aliorum
1088 627 1176 688 medi·

173 715 243 772 tatio
260 722 289 773 et
303 711 389 774 labor
406 714 436 772 in
453 720 601 792 posterum
614 709 752 787 valescit,
771 712 815 771 sic
828 709 939 772 Haterii
956 728 1093 772 canorum
1107 711 1176 776 illud
1272 719 1273 722 ’

173 805 202 856 et
219 795 368 877 profluens
386 813 450 856 cum
470 794 536 880 ipso
555 795 638 856 simul
652 795 809 855 extinctum
824 805 878 856 est.

103 871 285 941 W.
306 881 346 946 bl.
367 879 476 941 Licinio
496 878 527 938 b.
551 877 708 957 Calpurnio
736 878 903 940 consulibus
930 880 1090 958 ingentium
1115 878 1175 940 bel·

171 963 265 1024 lorum
281 963 394 1026 cladem
409 964 544 1043 aequavit
559 962 663 1023 malum
677 963 871 1042 inprovisum:
893 963 954 1024 eius
970 964 1079 1022 initium
1095 963 1178 1024 sbnul
1272 987 1273 1034 3

172 1055 202 1108 et
215 1048 278 1108 linis
295 1048 412 1108 exstitit.
444 1064 508 1107 nam
522 1055 629 1125 coepto
647 1044 724 1126 apud
735 1045 872 1116 Fidenam
888 1046 1099 1126 amphitheatro
1114 1047 1176 1107 Ati·

171 1130 227 1192 lius
241 1131 356 1211 quidam
380 1130 505 1193 libertini
526 1131 663 1208 generis,
684 1147 741 1209 quo
765 1131 964 1210 spectaculum
985 1129 1178 1208 gladiatorum
1272 1125 1273 1136 ³

146 1215 355 1292 coelebraret,
383 1231 478 1294 neque
504 1212 687 1275 fundamenta
704 1232 758 1293 per
773 1214 896 1276 solidum
915 1214 1054 1294 subdidit,
1080 1232 1181 1294 neque

171 1299 258 1358 firmis
279 1297 404 1360 nexibus
421 1299 552 1375 ligneam
574 1315 746 1378 compagem
767 1301 978 1378 superstruxit,
1001 1307 1032 1359 ut
1052 1300 1100 1378 qui
1119 1316 1180 1362 non
1272 1325 1273 1338 ¹

171 1381 343 1444 abundantia
360 1384 502 1463 pecuniae
526 1399 583 1441 nec
602 1381 771 1461 municipali
791 1382 964 1459 ambitione,
990 1381 1044 1444 sed
1064 1385 1094 1444 in
1113 1400 1179 1444 sor·
1272 1435 1273 1468 ἶ

170 1466 264 1527 didam
283 1466 449 1527 mercedem
470 1465 498 1526 id
518 1466 666 1542 negotium
689 1466 892 1545 quaesivisset.
930 1466 1080 1528 adduxere
1102 1468 1181 1528 avidi
1272 1469 1273 1505 l

168 1550 280 1626 talium,
296 1551 482 1630 imperitante
497 1547 615 1611 'liberio
632 1549 736 1635 procul
751 1550 947 1630 voluptatibus
965 1550 1068 1628 babiti,
1090 1552 1179 1614 virile

133 1651 206 1696 acac
220 1633 364 1696 muliebre
380 1651 477 1711 secus,
493 1634 586 1694 omnis
601 1643 693 1711 aetas,
710 1632 748 1694 ob
764 1635 1012 1714 propinquitatem
1028 1635 1088 1697 loci
1105 1635 1179 1697 eiiu-

169 1719 243 1788 sius;
261 1718 335 1778 unde
353 1719 472 1795 gravior
487 1719 579 1795 pestis
594 1717 656 1796 luit,
676 1718 808 1779 conferta
821 1719 914 1796 mole,
935 1718 1002 1780 dein
1024 1718 1176 1798 convulsa,
1272 1749 1273 1752 ¹

167 1800 233 1860 dum
249 1802 303 1879 ruit
323 1803 401 1860 intus
416 1809 464 1860 aut
485 1801 515 1860 in
537 1803 684 1863 exteriora
706 1801 859 1863 effunditur
878 1805 1096 1886 inmensamque
1118 1807 1179 1866 vim
1272 1865 1273 1880 ζ

166 1884 344 1961 mortalium,
370 1884 540 1962 spectaculo
568 1886 695 1946 intentos
728 1895 776 1946 aut
800 1887 848 1966 qui
873 1887 982 1948 circum
1010 1887 1177 1966 adstabant,

169 1985 315 2047 praeceps
331 1965 418 2028 trabit
434 1975 520 2046 atque
536 1970 641 2046 operit.
673 1978 702 2030 et
717 1969 759 2031 illi
774 1970 898 2050 quidem,
913 1989 987 2051 quos
1002 1973 1178 2052 principium
1272 1973 1273 1999 l

131 2068 160 2116 tt
167 2051 273 2128 stragis
288 2052 317 2111 in
332 2060 454 2111 mortem
467 2051 625 2131 addixerat,
641 2061 671 2112 ut
683 2052 733 2114 tali
745 2062 837 2133 sorte,
854 2057 1011 2116 cruciatum
1025 2057 1176 2134 elingere:

166 2135 322 2195 miserandi
347 2135 440 2212 magis
461 2153 534 2215 qnos
555 2135 676 2216 abrupta
696 2146 779 2216 parte
803 2139 938 2219 corporis
963 2140 1089 2202 nondum
1114 2143 1177 2202 rita

167 2217 351 2288 deserueram
379 2221 427 2296 qui
452 2237 506 2298 per
530 2219 605 2280 diem
629 2221 708 2297 risu,
735 2239 789 2301 per
813 2232 928 2287 noctem
958 2224 1113 2286 ululatibus
1146 2235 1177 2286 et
1272 2239 1273 2290 ἲ

166 2303 274 2379 gemitu
295 2303 438 2378 coniuges
456 2311 504 2363 aut
516 2302 628 2364 liberos
645 2303 817 2366 noscebant.
846 2307 903 2368 iarn
922 2309 1013 2370 ceteri
1032 2310 1108 2372 iama
1123 2328 1176 2372 ex·
1272 2345 1273 2360 2

167 2386 225 2460 citi,
244 2385 292 2445 hic
307 2386 442 2462 tratrem,
467 2389 660 2466 propinquum
675 2388 741 2466 ille,
763 2388 837 2451 alius
858 2401 996 2471 parentes
1010 2393 1175 2454 lamentari.

127 2485 156 2528 ao
166 2469 251 2528 etiam
266 2485 390 2548 qnorum
398 2469 520 2531 diversa
535 2469 571 2530 de
588 2488 675 2532 causa
690 2473 774 2532 amici
792 2482 840 2534 aut
855 2478 1015 2538 necessarii
1038 2475 1173 2555 aberant,
1272 2505 1273 2514 ¹

164 2569 273 2630 pavere
291 2560 401 2623 tamem
416 2554 579 2632 nequedum
596 2565 747 2635 comperto
764 2572 841 2635 quos
852 2557 903 2620 illa
921 2561 966 2622 ris
982 2559 1173 2642 perculisset,

161 2633 249 2695 latior
266 2652 304 2695 ex
318 2637 431 2697 incerto
446 2645 549 2698 metus.

225 2719 278 2782 63.
296 2719 336 2781 Ut
352 2737 480 2800 coepere
496 2721 637 2783 dimoveri
653 2721 764 2802 obruta,
782 2742 941 2789 concursus
964 2728 998 2790 ad
1021 2731 1173 2792 exanimos

163 2803 437 2883 complectentium,
465 2807 670 2876 osculantium
698 2816 839 2889 et-saepe
864 2820 1028 2892 certamen,
1055 2815 1081 2874 si
1101 2832 1173 2875 cou-
1272 2817 1273 2876 i

161 2885 253 2946 fusior
269 2885 376 2964 iacies,
402 2888 455 2949 sed
475 2908 528 2968 par
549 2890 642 2950 iorma
668 2899 716 2950 aut
735 2903 817 2956 aetas
841 2913 970 2959 errorem
986 2897 1170 2976 adgnoscen·
1272 2887 1273 2932 ³

161 2969 236 3030 tibus
263 2968 384 3033 iecerat.
421 2975 627 3053 quinquaginta
649 2973 796 3037 hominum
814 2978 893 3041 milia
917 2999 952 3041 eo
978 2999 1048 3044 casn
1067 2981 1168 3044 debili·
1272 3041 1273 3044 ,

138 3061 220 3113 otata
243 3055 293 3114 vel
314 3055 419 3118 obtrita
442 3067 520 3128 suut;
544 3066 714 3138 cautumque
735 3061 763 3121 iu
785 3070 933 3141 posterum
958 3075 1077 3128 senatus
1101 3083 1170 3128 con·
1247 3081 1273 3126 .f

160 3137 251 3215 sulto,
265 3157 302 3199 ne
319 3143 383 3218 quis
399 3140 603 3218 gladiatorium
617 3160 719 3202 munus
735 3145 847 3225 ederet,
866 3151 913 3210 cui
927 3149 1023 3210 minor
1035 3151 1170 3230 quadrin-
1272 3153 1273 3232 l

159 3231 316 3298 gentorum
329 3223 435 3286 milium
451 3243 514 3304 res,
535 3245 609 3287 neve
633 3227 871 3307 amphitheatrum
893 3231 1092 3312 imponeretur
1112 3236 1170 3294 nisi
1272 3237 1273 3294 l

159 3304 225 3364 solo
247 3305 387 3368 firmitatis
402 3319 561 3388 spectatae.
598 3309 703 3384 Atilius
721 3313 749 3373 l'u
764 3315 882 3378 exilium
897 3326 978 3380 actus
1000 3326 1053 3379 est.
1088 3327 1168 3378 cete·
1272 3309 1273 3392 ζ

158 3405 220 3447 rum
240 3388 293 3449 sub
308 3402 456 3453 recentem
472 3392 583 3456 cladem
599 3402 720 3475 patuere
731 3416 892 3478 procerum
909 3401 1020 3480 domus,
1036 3402 1171 3464 iumenta
