2568 3870
184 204 226 266 to
409 210 705 262 coumnnsruscrrs
724 209 964 259 nrsronrsrruns

184 372 256 436 situs
278 369 440 447 astricus,
467 365 577 427 duabus
599 367 654 426 iam
677 365 812 425 Romanis
835 363 964 424 cladibus
985 373 1071 432 notus
1096 365 1194 426 infau-

146 476 174 519 se
185 464 245 516 stus
268 472 315 518 ue.

246 471 342 598 hhdem
357 535 458 596 diebus
472 553 489 597 a
501 534 612 597 biarcio
626 531 725 594 blacro
741 531 817 594 baud
833 532 936 611 procul
954 529 1101 592 Cremona
1120 550 1194 611 pro·

184 639 271 703 spere
295 628 467 701 pugnatum:
494 634 618 696 namque
640 625 790 696 promptus
808 615 893 677 animi
914 613 1193 676 blareiustransve-

184 716 248 766 ctos
264 705 385 765 navibus
399 702 578 780 gladiatores
593 702 622 761 in
636 700 789 762 adversam
805 698 876 760 Padi
895 701 987 778 ripam
1001 707 1130 778 repente
1148 699 1195 760 ef·

183 790 267 850 fudit.
297 787 411 849 turbata
435 785 475 846 ibi
498 784 719 846 Vitellianorum
741 783 864 861 auxilia,
889 793 918 842 et
941 785 1047 843 ceteris
1064 781 1193 844 (fremo-

150 890 173 929 re
184 891 248 936 nam
269 869 447 950 fugientibus
471 870 550 929 caesi
565 871 614 948 qui
629 870 810 929 restiterant:
827 866 879 927 sed
894 884 1051 946 repressus
1067 868 1194 930 vincen-

182 958 251 1016 tium
278 957 420 1035 impetus,
447 971 484 1013 ne
510 954 595 1012 novis
623 951 759 1012 subsidiis
780 952 883 1012 firmati
911 950 1014 1012 hostes
1041 950 1195 1012 fortunam

184 1040 289 1120 proelii
303 1045 455 1098 mutarent.
484 1045 651 1116 suspectum
664 1035 693 1095 id
708 1034 876 1096 Othonianis
894 1034 957 1110 fuit,
973 1034 1068 1096 omnia
1081 1030 1193 1094 ducum

183 1123 259 1182 facta
279 1139 370 1201 prave
387 1118 611 1180 aestimantibus.
644 1120 788 1197 certatim,
807 1120 976 1199 utquisque
993 1119 1088 1178 auimo
1105 1119 1190 1197 igna-

183 1223 252 1282 vus,
271 1219 383 1282 procax
398 1220 467 1280 ore,
488 1202 611 1263 Annium
627 1202 738 1263 Gallum
759 1212 789 1264 et
803 1203 971 1263 Suetonium
990 1201 1140 1262 Paulinum
1159 1211 1189 1260 et

146 1283 424 1352 mblarinmllelsum
434 1318 472 1332 -
483 1302 607 1345 nameus
618 1285 760 1364 [quoque]
769 1283 846 1345 Otho
860 1283 1048 1364 praefecerat
1058 1285 1182 1344 -rariis

184 1371 351 1434 criminibus
371 1369 573 1432 incessebant:
590 1370 745 1431 ,acerrima
766 1369 940 1430 seditionum
965 1386 1000 1428 ac
1019 1365 1182 1450 discordiae

182 1457 366 1520 incitamenta
379 1455 585 1514 interfectores
605 1453 723 1514 Galbae.
752 1451 866 1513 scelere
882 1461 912 1512 et
928 1458 1006 1512 metn
1022 1449 1186 1510 vaecordes

182 1541 308 1600 miscere
331 1545 452 1613 cuncta,
477 1535 562 1596 modo
582 1536 675 1614 palam
690 1535 811 1595 turbidis
826 1533 965 1611 uocibus,
981 1532 1068 1595 modo
1086 1533 1184 1593 occul-

184 1625 221 1685 tis
239 1622 275 1683 ad
298 1620 441 1682 Othonem
462 1620 570 1685 literis:
596 1621 644 1696 qui
658 1617 816 1679 humillimo
844 1618 947 1694 cuique
964 1615 1117 1693 credulus,
1135 1617 1186 1680 bo-

146 1725 238 1774 mnos
259 1713 391 1764 metuens
416 1700 596 1781 trepidabat,
621 1701 708 1762 rebus
735 1701 885 1780 prosperis
910 1703 1038 1761 incertus
1059 1709 1089 1760 et
1110 1700 1190 1760 inter

184 1789 308 1850 adversa
324 1785 437 1846 melior.
472 1785 558 1861 igitur
574 1785 714 1846 Titianum
729 1785 846 1844 fratrem
862 1785 985 1844 accitum
1002 1781 1083 1843 bello
1100 1801 1188 1862 prae·

205 1871 291 1930 osuit.

183 1891 203 1950 Ρ
246 1953 297 2017 24.
320 1950 436 2011 Interea
459 1951 569 2012 Paulini
590 1960 619 2012 et
640 1949 720 2013 Gelsi
745 1950 832 2010 ductu
859 1967 907 2010 res
930 1951 1052 2030 egregie
1068 1959 1188 2028 gestae.

184 2035 329 2114 angebant
351 2034 505 2096 Caecinam
535 2035 710 2112 nequiquam
736 2035 830 2096 omnia
855 2042 960 2113 coepta
980 2043 1009 2094 et
1024 2050 1191 2094 senescens
1272 2083 1273 2122 ,

184 2121 331 2181 exercitus
353 2120 397 2179 sui
418 2118 504 2180 fama.
541 2119 640 2198 pulsus
655 2117 819 2194 Placentia,
842 2119 937 2178 caesis
952 2135 1045 2197 nuper
1058 2116 1191 2195 auxiliis,

184 2205 269 2271 etiam
283 2220 338 2283 per
352 2219 522 2262 concursum
533 2202 761 2282 exploratorum,
778 2200 881 2262 crebra
893 2203 986 2280 magis
1000 2219 1083 2280 quam
1096 2200 1188 2278 digna

159 2294 342 2350 ememoratu
358 2285 489 2364 proelia,
506 2285 644 2362 inferior,
661 2286 873 2364 propinquante
887 2283 979 2345 bebio
993 2285 1130 2361 Valente,
1149 2303 1187 2344 ne

186 2387 270 2430 omne
291 2368 361 2429 belli
384 2368 472 2430 decus
497 2368 567 2430 illnc
588 2368 780 2444 concederet,
801 2370 970 2447 reciperare
983 2368 1110 2446 gloriam
1123 2371 1185 2429 avi·

185 2454 249 2514 dius
276 2470 360 2531 quam
383 2452 540 2514 consultius
564 2452 751 2533 properabat.
788 2451 824 2513 ad
844 2451 1051 2514 duodecumum
1073 2470 1090 2512 a
1112 2451 1185 2512 Gre-

183 2554 268 2598 moua
288 2534 389 2616 (locus
405 2534 556 2596 Castorum
571 2538 707 2613 vocatur)
725 2535 926 2597 ferocissimos
948 2537 1128 2597 auxiliarium
1144 2537 1185 2595 in·

184 2618 355 2682 minantibus
376 2619 442 2678 viae
458 2619 531 2680 lucis
545 2619 678 2680 occultos
697 2621 859 2698 componit:
883 2621 996 2698 equites
1018 2616 1186 2698 procedere

148 2704 299 2779 solongius
320 2702 390 2761 iussi
411 2710 440 2760 et
457 2703 568 2764 irritato
595 2703 708 2781 proelio
731 2712 835 2783 sponte
852 2702 948 2780 refugi
970 2703 1186 2764 festinationem

184 2784 364 2864 sequentium
379 2783 504 2862 elicere,
520 2785 614 2846 donec
629 2786 749 2848 insidiae
764 2795 964 2847 coorerentnr.
997 2783 1141 2866 proditum
1157 2788 1186 2847 id

93 2920 97 2928 .
183 2867 353 2929 Othonianis
368 2866 505 2945 ducibus,
522 2877 551 2929 et
569 2877 665 2930 curam
676 2870 802 2950 peditum
817 2870 960 2946 Paulinus,
978 2861 1104 2950 equiturn
1118 2870 1186 2932 Gel-

184 2971 233 3014 sus
255 2969 415 3030 sumpsere.
444 2953 549 3013 tertiae
570 2952 709 3013 decumae
730 2953 855 3032 legionis
869 2954 1025 3032 vexillum,
1049 2964 1187 3032 quattuor

185 3035 355 3098 auxiliorum
369 3036 507 3106 cohortes
523 3046 553 3096 et
568 3037 716 3114 quingenti
734 3038 847 3118 equites
863 3038 892 3098 iu
908 3038 1024 3099 sinistro
1037 3037 1185 3107 locantur:

149 3141 175 3184 re
185 3136 325 3201 aggerem
347 3119 413 3180 uiae
435 3128 496 3180 tres
517 3122 683 3200 praetoriae
705 3119 842 3182 cohortes
862 3121 927 3181 altis
943 3119 1093 3183 ordinibus
1111 3122 1185 3184 obti-

184 3221 293 3273 nncre;
319 3202 419 3262 dextra
443 3204 538 3264 fronte
561 3206 653 3283 prima
673 3204 756 3284 legio
769 3207 888 3266 incessit
904 3199 968 3266 cum
979 3205 1090 3266 duabus
1105 3209 1184 3267 auxi-

186 3285 304 3346 liaribus
316 3285 484 3347 cohortibus
495 3296 524 3348 et
533 3289 698 3367 quingentis
711 3277 868 3369 equilibris:
884 3307 973 3370 super
985 3290 1039 3349 hos
1049 3307 1087 3349 ex
1098 3306 1185 3368 prae-

185 3369 261 3429 torio
283 3369 454 3448 auxiliisque
473 3370 550 3432 mille
569 3373 692 3450 equites,
716 3372 843 3444 cumulus
857 3374 1009 3453 prosperis
1026 3381 1074 3432 aut
1088 3372 1183 3432 subsi-

184 3445 261 3508 dium
275 3449 483 3531 laborantibus,
499 3453 686 3516 ducebantur.
