2570 3878
412 183 518 232 ursan
532 183 578 232 vu.
603 181 678 230 cae.
702 176 826 232 aa-ao.
1056 176 1118 238 165

117 357 220 402 rorum
239 339 353 400 nomina
377 338 596 419 praeferebant,
619 349 649 401 ut
674 341 738 420 quie
761 339 959 420 egredientem
984 341 1118 404 eubiculo

115 425 242 487 Drusum
263 423 446 504 pulsauerat,
466 431 656 485 exterruerat.
694 426 780 486 etiam
802 444 854 487 sua
875 425 966 487 verba
989 428 1119 488 centurio

115 507 256 571 saeuitiae
276 507 382 587 plena,
408 515 550 586 tamquam
578 509 746 588 egregium,
780 527 930 590 vocesque
956 510 1153 578 delicieutiara

115 592 292 667 adiecerat,
305 592 370 671 quie
391 591 484 672 primo
501 592 716 672 [alienationem
738 597 842 655 neentis
864 595 1014 675 simulans]
1037 597 1120 674 quasi

115 693 171 758 per
192 675 365 737 dementiam
385 676 499 736 lunesta
514 674 643 754 Tiberio,
658 694 744 757 mox,
765 678 814 738 ubi
839 696 948 759 exspes
963 680 1042 740 ritae
1056 681 1119 756 luit,

113 759 267 824 meditatae
281 761 517 839 compositasque
533 759 611 820 diras
624 761 842 841 imprecabatur,
859 771 888 822 ut
903 781 988 842 quem
1007 762 1043 824 ad
1057 780 1118 822 mo-

114 847 182 907 duun
201 861 302 906 numum
325 844 473 922 filiumque
492 843 591 905 iratris
604 853 642 906 et
667 855 792 925 nepotes
814 846 986 926 dommnque
1007 862 1120 908 ornnem

114 927 255 991 caedibus
276 927 500 1009 compleiiseet,
525 928 565 991 ita
589 945 701 1006 poenae
721 931 827 990 nonrini
849 933 1010 1009 generique
1031 932 1153 992 maio-ra

113 1033 177 1076 ram
192 1021 222 1073 et
238 1013 366 1093 posteris
381 1011 559 1073 exsolueret.
588 1011 782 1074 obturbabant
797 1014 912 1094 quidem
927 1025 1027 1094 patres
1050 1033 1118 1095 spe·

114 1101 162 1160 cie
177 1096 355 1158 detestandi:
378 1095 430 1156 sed
446 1095 617 1176 penetrabat
638 1115 731 1177 paror
751 1106 781 1157 et
795 1098 961 1176 admiratio,
986 1098 1120 1160 callidum

113 1183 186 1244 olim
197 1190 227 1243 et
237 1179 371 1258 tegendis
384 1179 546 1240 sceleribus
558 1179 714 1241 obscurum
725 1180 782 1241 lruc
794 1182 1119 1260 confidentiaerenleee,

114 1276 145 1328 ut
159 1275 304 1345 tamquam
318 1263 433 1325 dimotis
450 1263 610 1343 parietibus
633 1265 802 1325 ostenderet
822 1274 959 1346 nepotem
970 1265 1034 1326 ,sub
1053 1284 1120 1326 uer·

113 1352 188 1412 bere
209 1349 404 1425 centurionis,
435 1349 509 1408 inter
532 1365 683 1409 serrorum
702 1350 794 1427 ictus,
817 1360 947 1411 extrema
968 1352 1046 1410 vitae
1068 1349 1118 1410 ali·
1128 1365 1154 1404 ao

112 1443 211 1496 menta
225 1431 331 1494 iruetra
346 1440 485 1493 orantem.

176 1513 229 1578 25.
248 1516 384 1577 Nondum
397 1517 423 1577 ie
438 1515 524 1576 dolor
539 1516 725 1596 exoleverat,
752 1537 816 1578 cum
833 1516 869 1576 de
884 1517 1049 1598 Agrippina
1064 1536 1112 1580 aa·

114 1605 220 1680 ditum,
241 1618 326 1681 quam
347 1599 503 1660 interiecto
529 1600 635 1661 Seiano
658 1620 712 1681 epe
739 1609 926 1662 sustentatam
952 1602 1120 1681 provixisse

112 1703 203 1764 reor,
224 1693 255 1745 et
273 1692 427 1766 postquam
447 1683 517 1744 nibil
536 1683 573 1744 de
595 1686 716 1746 saeuitia
737 1685 950 1763 remittebatur,
971 1685 1121 1746 voluntate

113 1767 302 1846 exstinctam,
323 1769 379 1828 nisi
400 1769 425 1827 si
444 1769 560 1846 negatis
587 1767 728 1829 alimentis
754 1768 940 1829 adsimulatus
970 1779 1016 1830 eet
1044 1770 1119 1847 linis,

115 1857 163 1935 qui
186 1852 335 1914 videretur
354 1860 461 1932 sponte
481 1860 619 1931 sumptus.
659 1853 806 1913 enimvero
830 1852 964 1913 Tiberius
982 1853 1143 1916 foedissi·a

111 1941 168 2000 mie
183 1933 428 1998 criminationibus
444 1937 564 2014 exarsit,
580 1937 784 2016 impudicitiam
799 1954 925 2015 arguens
941 1947 971 1997 et
988 1937 1119 1999 Asinium

113 2022 228 2086 (iallum
242 2019 417 2097 adulterum,
438 2021 559 2100 eiusque
584 2029 678 2081 morte
700 2021 735 2082 ad
756 2021 880 2081 taedium
900 2023 979 2083 vitae
1000 2021 1119 2101 conpul-

113 2125 185 2169 sam.
218 2105 271 2167 eed
284 2103 448 2184 Agrippina
463 2105 549 2182 aequi
562 2105 723 2184 inpatiens,
747 2104 908 2165 dominandi
930 2104 1029 2183 avida,
1052 2106 1119 2165 viri-

113 2191 190 2254 libus
212 2190 289 2250 ouris
307 2188 476 2250 laminarum
496 2188 566 2249 vitia
588 2199 718 2250 exuerat.
752 2189 856 2250 eodem
880 2188 927 2249 die
944 2188 1119 2264 defunctam,

113 2293 172 2356 quo
194 2274 309 2336 biennio
333 2280 402 2334 ante
421 2271 542 2333 Seianus
563 2290 676 2352 poenae
704 2273 824 2351 luisset,
850 2275 1067 2352 memoriaeque
1091 2271 1119 2332 id
1129 2289 1155 2331 ro

112 2357 295 2440 prodendum
323 2355 430 2418 addidit
456 2353 581 2435 Caesar,
613 2359 789 2436 iactavitque
820 2357 898 2436 quod
925 2375 984 2418 uon
1014 2357 1120 2437 laqueo

112 2442 292 2521 amangulata
314 2459 412 2521 neque
431 2442 460 2501 in
482 2439 636 2503 Gemonias
659 2442 793 2522 proiecta
812 2441 898 2502 ioret.
981 2458 1018 2504 aa
1038 2440 1076 2500 ob
1091 2439 1121 2502 id

112 2537 215 2608 grates
233 2526 439 2605 decretumque
461 2533 492 2586 ut
516 2526 643 2606 quintum
671 2526 821 2600 decunrum
847 2524 905 2586 lral.
962 2524 1119 2604 ovembrie,

112 2613 264 2692 utriusque
277 2609 358 2672 necis
373 2609 438 2687 die,
458 2627 513 2689 per
528 2611 619 2670 omnis
635 2629 726 2672 annos
741 2609 846 2670 donum
864 2609 928 2670 lovi
944 2617 1118 2670 sacraretur.

175 2691 227 2757 26.
247 2693 331 2756 Haud
350 2693 439 2756 multo
459 2703 528 2772 poet
541 2692 687 2755 Cocceius
701 2693 817 2772 Nerva,
841 2694 991 2754 continuus
1007 2694 1116 2772 princi·
1151 2763 1154 2770 ¹

112 2783 161 2863 pi,
192 2780 286 2841 omnis
298 2778 385 2840 dirimi
398 2777 569 2858 bumauique
583 2779 653 2840 iuris
668 2781 781 2855 sciens,
802 2779 918 2856 integro
939 2786 1032 2855 statu,
1054 2793 1120 2838 cor-

110 2883 189 2948 pore
208 2863 338 2942 inlaeso,
361 2862 503 2924 moriendi
528 2863 680 2926 consilium
707 2864 795 2942 cepit.
836 2859 914 2940 quod
945 2868 976 2921 nt
1001 2860 1120 2922 l'iberio
1173 2929 1200 2938 Π

112 2950 272 3030 cognitum,
287 2946 433 3024 adsidere,
449 2963 552 3008 causae
567 2947 736 3026 requirere,
759 2945 867 3008 addere
890 2963 1015 3026 preces,
1035 2945 1121 3008 lateri

111 3042 265 3119 postremo
280 3050 372 3111 graue
388 3031 598 3107 conscientiae,
616 3049 709 3109 grave
724 3031 819 3092 laurae
835 3047 918 3107 suae,
933 3030 958 3091 si
970 3030 1145 3110 proximuea
1163 3045 1169 3050 '

110 3120 272 3183 amicornm
286 3115 372 3178 nullis
391 3115 532 3176 moriendi
551 3115 710 3178 rationibus
732 3115 819 3177 vitam
842 3114 969 3194 iugarat.
1003 3131 1120 3174 auersa·

110 3216 159 3266 tue
179 3218 346 3266 sermonem
365 3197 464 3261 Nerva
482 3199 682 3262 abstinentiam
704 3198 762 3262 cibi
785 3198 944 3261 coniunxit.
985 3195 1121 3258 ferebant

110 3289 197 3368 gnari
221 3285 431 3364 cogitationum
449 3284 527 3363 eius,
552 3292 657 3363 quanto
679 3284 800 3363 propius
818 3283 894 3344 mala
915 3280 960 3341 rei
985 3275 1121 3359 publicae

6 3379 7 3388 ’
112 3376 235 3450 viseret,
245 3373 289 3432 ira
303 3378 333 3432 et
349 3377 436 3448 metu,
450 3368 516 3430 dum
529 3370 656 3446 integer,
671 3367 736 3428 dum
749 3368 946 3445 intemptatae,
968 3361 1121 3422 honestum

112 3459 200 3520 hem
216 3454 356 3517 voluisse.
456 3483 460 3488 ·
546 3451 550 3459 '
1131 3464 1156 3505 re
