2546 3872
211 141 253 203 32
434 151 598 200 corneum
615 149 732 198 rscrrr
748 124 990 196 nrsroarsnuu

212 306 299 385 longa
323 303 503 384 cupidinibus
524 302 718 364 inmoderatos
742 311 771 362 et
791 303 871 380 inopi
894 303 1008 360 iuventa
1030 319 1116 360 senex
1134 316 1189 378 pro·

211 391 304 468 digus.
333 390 410 450 lento
425 388 530 448 deinde
545 389 660 466 agmine
677 406 731 468 per
747 389 819 446 lines
834 384 1028 461 Allobrogum
1042 403 1075 444 ac
1090 385 1190 443 Vocon·

178 487 202 528 ts
212 476 316 535 tiorum
338 473 438 533 ductus
460 475 622 550 exercitus,
644 473 707 551 ipsa
727 472 860 530 itinerum
880 471 974 547 spatia
996 477 1024 527 et
1043 469 1192 528 stativorum

211 558 383 618 mutationes
415 555 580 616 venditante
605 555 696 632 duce,
730 553 827 614 foedis
857 551 1038 632 pactionibus
1069 549 1192 610 adversus
1227 575 1228 622 l

211 659 405 722 possessores
421 659 557 718 agrorum
569 649 599 700 et
610 640 794 716 magistratus
807 638 961 714 civitatum,
977 636 1050 695 adeo
1062 635 1194 694 minaciter
1227 627 1228 658 ³

211 733 241 786 ut
257 725 335 785 Luco
358 725 557 803 (municipium
579 722 608 783 id
624 723 834 784 Vocontiorum
858 722 917 799 est)
938 721 1021 779 laces
1042 715 1194 792 admoverit,

212 809 306 868 donec
330 809 451 887 pecunia
469 808 658 884 mitigaretur.
686 806 818 884 quotiens
837 807 978 884 pecuniae
993 802 1111 863 materia
1126 801 1194 861 dees·

175 901 268 968 2oset,
285 893 391 970 stupris
409 900 438 950 et
454 890 601 950 adulteriis
616 890 799 950 exorabatur.
816 891 859 949 sic
874 887 910 946 ad
922 887 1015 968 Alpes
1032 895 1194 968 perventum.

276 973 326 1036 67.
338 974 408 1036 Plus
421 974 741 1053 praedaeacsanguinis
749 993 804 1054 per
824 974 977 1038 Caecinam
989 973 1127 1034 haustum.
1138 971 1193 1032 iuri·

212 1066 345 1118 laverant
359 1057 503 1119 turbidum
514 1061 663 1134 ingenium
670 1057 808 1136 Helvetii,
840 1057 947 1119 Gallica
959 1077 1033 1135 gens
1045 1060 1113 1119 olim
1124 1054 1192 1115 armis

211 1147 355 1223 virisque,
386 1163 456 1205 mox
479 1146 618 1204 memoria
643 1144 764 1204 nominis
792 1144 887 1220 clara,
922 1143 958 1202 de
986 1143 1078 1202 caede
1105 1139 1192 1204 Galbae

209 1231 303 1307 ignari
336 1229 501 1290 et·Vitellii
532 1229 683 1308 imperium
710 1228 879 1288 abnuentes.
925 1228 1031 1285 initium
1056 1227 1133 1287 bello
1154 1221 1191 1282 luit
1227 1258 1228 1338 p

188 1313 331 1374 savaritia
358 1332 393 1374 ac
422 1314 568 1374 festinatio
595 1313 858 1373 unaetvicensimae
886 1309 1027 1387 legionjs3
1059 1309 1187 1388 rapuerant

212 1401 362 1476 pecuniam
384 1399 498 1458 missam
520 1398 549 1457 in
572 1395 744 1476 stipendium
759 1393 888 1471 castelli,
911 1379 989 1472 quod
1005 1394 1075 1454 olim
1089 1387 1189 1454 Helvetii

210 1482 270 1540 suis
286 1481 422 1541 militibus
439 1499 475 1541 ao
491 1479 641 1559 stipendiis
658 1479 818 1538 tuebantur.
840 1495 930 1554 aegre
941 1476 970 1537 id
984 1479 1065 1556 passi
1075 1472 1190 1543 Helvetii,

210 1566 381 1642 interceptis
407 1564 557 1643 epistulis,
587 1581 661 1640 quae
683 1564 797 1622 nomine
820 1560 983 1622 Germanici
1007 1563 1150 1623 exercitus
1166 1551 1191 1614 al

211 1647 553 1723 Pannonicaslegiones
578 1646 760 1721 terebantur,
793 1647 990 1704 centurionem
1010 1655 1048 1714 ‚et
1075 1642 1192 1725 quosdam

178 1747 201 1786 ro
211 1731 329 1790 militum
341 1731 370 1788 in
383 1729 512 1790 custodia
525 1727 696 1788 retinebant.
716 1726 843 1788 Caecina
856 1727 925 1787 belli
938 1728 1041 1798 aridus
1054 1729 1192 1809 proximam

209 1829 352 1890 quamque
377 1811 509 1890 culpam,
538 1820 690 1889 antequam
712 1813 889 1890 paeniteret,
918 1813 1006 1872 ultum
1027 1813 1101 1873 ibat:
1133 1813 1193 1868 molt

211 1913 339 1974 propere
359 1904 471 1972 castra,
494 1896 596 1954 vastati
614 1898 692 1971 agri,
718 1893 848 1974 direptus
863 1895 951 1972 longa
966 1913 1042 1974 pace
1058 1898 1086 1955 in
1100 1891 1194 1953 modun

210 1979 356 2058 municipii
380 1986 542 2038 exstructus
562 1978 662 2056 locus,
686 1995 808 2038 amoeno
833 1977 987 2039 salubrium
1009 1987 1195 2058 aquarumuttl

210 2061 365 2139 frequens;
387 2064 467 2122 missi
482 2061 517 2121 ad
533 2063 654 2122 llaetica
670 2063 774 2123 auxilia
790 2063 879 2122 nuntii
885 2109 893 2140 ‚
909 2072 939 2122 ut
953 2080 1060 2122 versos
1074 2065 1102 2122 in
1117 2059 1193 2134 legia·

177 2167 202 2207 aa
212 2163 276 2204 nem
291 2145 442 2206 Helvetios
457 2164 473 2206 a
489 2155 574 2224 tergo
590 2145 827 2222 adgrederentur.

166 2229 347 2294 &mssa
364 2227 410 2289 llli
422 2239 488 2289 ante
501 2229 655 2289 discrimen
666 2229 793 2306 feroces,
805 2229 834 2287 in
849 2229 980 2308 periculo
994 2230 1102 2307 pavidi,
1115 2239 1194 2305 quan·

212 2332 295 2392 quam
312 2314 404 2392 primo
419 2313 538 2373 tumultu
554 2311 702 2373 Claudium
717 2313 856 2372 Severum
872 2312 973 2372 ducem
987 2312 1136 2390 legerant,
1150 2320 1194 2366 non

212 2415 290 2457 arma
310 2413 450 2473 noscere,
475 2413 533 2456 nou
558 2396 675 2456 ordines
696 2398 795 2474 sequi,
819 2413 877 2455 uon
897 2397 924 2456 in
946 2413 1031 2456 unum
1045 2392 1193 2456 consulere.

212 2481 365 2540 exitiosum
388 2477 528 2540 adversus
553 2489 708 2540 veteranos
724 2478 884 2559 proelium,
905 2483 994 2540 intuta
1009 2478 1121 2540 obsidio
1139 2473 1193 2533 dila·

186 2565 439 2641 spsis.vetustate
460 2561 625 2632 moenibus;
647 2563 695 2622 lrin
731 2561 856 2623 Caecina
879 2581 942 2624 curn
956 2563 1054 2623 valido
1070 2558 1194 2625 exercitu,

210 2647 276 2706 inde
291 2647 429 2708 llaeticae
451 2647 515 2706 alae
537 2646 733 2725 cohortesque
755 2655 784 2706 et
800 2648 927 2725 ipsorum
942 2647 1098 2708 Raetorum
1112 2646 1193 2702 iuven·

210 2740 271 2808 tus,
287 2739 368 2789 sueta
386 2731 472 2789 armis
487 2739 517 2790 et
530 2747 610 2790 more
627 2731 745 2792 militiae
763 2733 902 2791 exercita.
923 2730 1047 2810 undique
1062 2721 1194 2809 populatio

210 2823 240 2873 et
264 2813 386 2873 caedes:
419 2813 475 2892 ipsi
499 2811 595 2872 medio
621 2816 705 2891 vagi,
732 2813 853 2874 abiectis
881 2815 981 2891 armis,
1014 2829 1116 2891 magn-a
1138 2817 1194 2886 part

210 2897 299 2957 saucii
315 2905 364 2956 aut
377 2896 521 2974 palantes,
535 2897 564 2955 in
579 2906 705 2957 montem
714 2899 869 2958 Vocetium
880 2898 1050 2976 perfugere.
1071 2887 1194 2956 aestatim
1227 2887 1228 2936 l

175 2982 325 3048 minmissa
351 2979 472 3044 cohorte
499 2979 660 3048 'llrraecum
687 2981 802 3060 depulsi
826 2991 856 3041 et
882 2977 1113 3042 consectantibus
1136 2973 1193 3033 Get·

209 3067 299 3124 manis
314 3063 473 3142 Raetisque
493 3081 547 3143 per
570 3065 658 3124 silvas
680 3074 764 3143 atque
785 3066 814 3125 in
834 3066 906 3144 ipsis
927 3065 1045 3127 latebris
1066 3051 1191 3122 trucidati·

209 3148 296 3206 multa
320 3147 463 3207 hominum
486 3147 562 3208 milia
585 3167 688 3227 caesa,
717 3149 804 3209 multo
829 3149 881 3208 sub
904 3167 1013 3211 corona
1037 3140 1191 3206 venundata.

211 3249 333 3309 cumque
348 3230 448 3290 dirutis
464 3216 594 3291 omnibus
609 3232 782 3292 Aventicum
796 3233 892 3312 gentis
909 3242 995 3313 caput
1008 3233 1082 3292 iusto
1094 3224 1191 3303 egnite

210 3322 380 3391 peteretur,
415 3316 494 3374 missi
528 3317 575 3392 qui
598 3315 740 3376 dederent
765 3319 930 3394 civitatem,
968 3325 997 3377 et
1023 3313 1126 3375 deditio
1149 3322 1189 3366 ac·
1227 3343 1228 3394 p

176 3403 307 3470 recepta.
338 3397 368 3454 in
384 3395 484 3457 lulium
500 3397 636 3478 Alpinum
658 3418 674 3458 e
696 3400 873 3481 principibus
894 3410 924 3462 ut
946 3401 1119 3462 concitorem
1132 3385 1189 3452 belli
