2568 3870
457 164 563 246 mnan
578 197 629 246 111.
648 195 723 244 oar.
741 194 767 245 1.
1074 186 1110 246 91

145 355 214 423 apud
234 352 423 419 Vespasianum
443 351 590 402 criminatur
611 349 752 404 Mucianus.
785 349 826 402 53.
850 351 872 401 is
889 352 1023 401 iactantius
1039 367 1115 416 quam

145 426 178 476 ad
194 422 335 490 principem
350 420 435 471 literas
452 420 594 487 componit,
611 419 755 470 Mucianum
772 419 920 470 insectatus.
945 419 1005 470 inde
1022 434 1114 486 graves

144 495 238 545 dueum
253 489 402 540 simultates.

213 560 256 612 64,
274 557 391 609 Vitellius
406 557 484 607 stulta
500 556 702 608 dissimulatione
717 556 798 608 cledis
820 557 853 608 sd
868 557 1015 610 Cremonam
1033 573 1115 608 rome-

144 632 189 683 dia
209 629 333 678 malorum
349 625 447 680 niffen.
480 625 599 677 notabilis
621 626 761 679 consumtis
777 627 835 678 Iulii
854 628 982 692 Agrestis.
1010 627 1053 678 bb.
1070 627 1114 676 Vi-

144 700 242 758 tellina,
266 704 294 746 ut
314 709 432 746 esomno
448 695 560 755 excitus,
584 695 765 762 Appenninum
780 695 891 746 obsideri
911 695 988 758 iubet,
1004 695 1114 747 honores

142 769 266 834 largitur,
282 765 307 815 in
325 774 408 814 eastra
422 764 500 814 venit.
532 761 573 814 56.
592 762 719 830 prodigia.
745 765 912 830 praecipuum
928 765 984 830 ipse
994 764 1114 815 Vitellius

143 841 286 894 ostentum,
309 833 415 899 ignarus
438 832 555 896 militiae,
579 832 729 898 inprovidus
749 833 865 894 consilii,
888 833 995 883 Romam
1010 834 1114 883 revertit

141 903 275 972 perculsus
298 901 440 952 delectione
462 901 614 952 Misenensis
636 901 734 953 classis.
770 903 812 954 67.
829 902 960 952 Puteolani
976 901 1114 966 Vespasia·
1136 956 1150 967 ¹

142 989 184 1034 no,
201 973 288 1038 Capua
304 970 407 1020 Vitellio
422 971 500 1021 iavet.
530 970 651 1022 Claudius
673 971 789 1022 lulianus
810 973 836 1020 in
858 980 944 1036 partes
960 969 1114 1036 Vespasiani
1179 997 1182 1001 -

142 1042 249 1102 transit,
277 1041 321 1103 qui
344 1039 505 1090 Tarracinam
530 1046 644 1106 occupat.
684 1039 726 1090 68.
756 1041 871 1092 Vitellius
888 1039 991 1090 fratrem
1007 1039 1113 1088 Lucium

118 1163 122 1181 ,
144 1110 211 1164 bello
227 1124 273 1174 per
290 1109 454 1174 Campaniam
472 1109 586 1174 opponit.
616 1109 672 1174 ipse
690 1109 786 1161 Romae
806 1125 839 1160 ex
859 1109 932 1176 plebe
956 1119 980 1159 et
1003 1106 1113 1158 servitiis

143 1178 282 1230 exercitum
299 1176 421 1239 corrodit,
440 1177 483 1242 qui
498 1176 569 1229 brevi
585 1177 711 1228 dilabitur.
742 1177 785 1229 69.
802 1178 915 1228 Flaviani
933 1177 1113 1243 Appenninum

142 1253 283 1298 transeunt.
311 1245 344 1295 ad
358 1260 403 1294 eos
419 1245 524 1297 Cerialis
539 1245 635 1296 Vitellii
650 1246 779 1297 custodias
795 1248 898 1313 elapsus
914 1248 992 1310 venit,
1010 1253 1034 1294 et
1048 1245 1114 1310 inter

142 1317 221 1366 duces
237 1313 387 1367 adsumitur.
416 1313 458 1366 60.
482 1327 585 1380 pugnae
605 1315 693 1366 aridos
710 1315 806 1365 milites
823 1330 901 1382 aegre
916 1313 1015 1366 cohibet
1031 1312 1112 1362 Anto-

143 1387 210 1434 nius.
237 1382 281 1434 61.
306 1385 357 1435 iarn
374 1384 462 1436 crebra
481 1383 545 1434 dunt
567 1384 600 1434 ad
620 1383 808 1450 Vespasianum
828 1383 982 1450 transfugia.
1010 1381 1112 1438 Priscus

144 1461 169 1503 st
185 1451 293 1502 Alienus
309 1459 392 1502 castra
407 1453 541 1512 deserunt,
557 1452 590 1503 ad
604 1452 735 1502 Vitellium
750 1453 872 1518 regressi.
907 1451 949 1503 62.
967 1449 1009 1502 68.
1037 1462 1111 1498 caeso
1207 1493 1210 1503 .

143 1522 251 1572 Valente
268 1521 477 1588 desperabundus
494 1520 567 1573 miles
589 1521 636 1572 sub
659 1521 741 1588 signis
759 1522 909 1586 vexillisque
925 1520 959 1570 ad
973 1517 1113 1583 Vespasia-

145 1606 205 1642 num
220 1591 319 1642 transit.
345 1603 397 1654 pax
413 1597 437 1638 et
452 1589 522 1639 salus
537 1591 678 1640 offeruntur
693 1590 804 1651 Vitellio,
823 1591 845 1640 si
861 1604 889 1639 se
905 1589 990 1638 dedat.

213 1658 256 1709 64.
278 1656 381 1708 Flavius
397 1657 506 1708 Sabinus
522 1659 593 1708 urbia
614 1659 757 1724 praelectus
775 1659 870 1710 frustra
885 1657 1003 1708 incitatur
1017 1655 1051 1705 ad
1072 1669 1113 1704 ar·

144 1743 201 1789 rna;
216 1727 259 1778 db.
276 1727 346 1792 pacis
362 1741 451 1779 amnas
466 1727 498 1776 de
513 1742 576 1794 pace
591 1729 644 1794 agit
659 1743 716 1778 cum
727 1727 837 1790 Vitellio,
854 1726 897 1782 66.
913 1726 1109 1790 oedereparato,

143 1800 171 1851 ni
186 1797 227 1850 aui
242 1797 419 1852 reniterentur.
449 1795 492 1848 67.
509 1796 552 1848 68.
569 1796 596 1846 hi
617 1797 686 1863 pullo
701 1797 794 1846 amictu
809 1796 906 1849 Palatio
923 1795 1072 1862 degressum
1089 1799 1114 1840 et
1177 1807 1179 1811 ·

143 1881 190 1936 pro
206 1865 428 1918 condescendere
444 1879 473 1916 ae
487 1866 593 1932 imperio
610 1874 757 1928 testantem,
781 1881 811 1916 eo
834 1863 917 1916 redire
932 1869 1036 1928 cogunt.
1067 1859 1110 1912 69.

143 1937 244 1987 interim
266 1933 374 1984 Sabinus
389 1948 443 1983 rem
465 1933 591 2000 publicam
608 1942 767 2000 susceperat,
789 1935 863 1999 elque
884 1933 989 1982 aderant
1005 1929 1112 1980 Romani
1130 1942 1132 1964 ·

144 2005 225 2058 omnis
242 2002 354 2066 ordinis,
371 2001 538 2052 frementibus
554 2001 710 2053 Germanicis
726 2003 878 2054 cohortibus.
900 2001 1026 2051 modicum
1037 2012 1111 2065 proe-

144 2075 218 2132 lium,
236 2071 404 2136 Vcspasianis
420 2085 580 2136 prosperum.
607 2071 716 2121 Sabinus
732 2071 882 2137 Capitolium
898 2077 1018 2135 occupet,
1035 2066 1111 2131 quod,
1205 2123 1208 2126 ,

144 2141 187 2192 76.
203 2141 320 2191 Cornelio
337 2140 452 2193 Martiale
468 2138 562 2192 irustra
577 2140 610 2193 ad
620 2140 749 2192 Vitellium
765 2141 852 2200 misso,
870 2139 912 2190 71.
924 2137 1052 2188 Vitelliani
1066 2149 1110 2200 op-

162 2217 274 2276 ugnant,
291 2207 436 2274 incendunt.
460 2209 503 2258 72.
520 2207 551 2258 da
566 2209 693 2276 prioribus
709 2209 824 2276 Capitolii
839 2208 899 2260 latis
915 2206 1052 2274 digressio.
1069 2201 1111 2254 73.

143 2227 273 2330 Vitelliani
297 2285 388 2328 cuncta
408 2275 533 2342 sauguine
554 2276 623 2328 ferro
640 2277 748 2328 flammis
764 2278 880 2328 miscent.
912 2275 1026 2326 Flavium
1040 2270 1112 2323 Sabi·

98 2385 101 2394 .
144 2361 205 2398 num
221 2355 245 2396 et
269 2344 380 2397 Atticum
396 2345 524 2396 consulem
541 2346 651 2411 capiunt.
680 2347 722 2397 74.
738 2346 897 2396 Domitianus
914 2343 1050 2394 sacricolae
1065 2339 1112 2389 ha-

144 2417 199 2466 bitu
214 2413 344 2464 delitescit.
372 2413 481 2466 Sabinus
497 2415 575 2464 invito
591 2411 690 2464 Vitellio
712 2414 860 2465 trucidatur.
888 2413 930 2466 75.
956 2410 1043 2464 Sabini
1057 2409 1113 2458 lau·

145 2485 201 2534 des.
230 2483 328 2532 Atticus
344 2492 468 2536 servatur.
591 2527 594 2530 .

215 2551 257 2604 76.
274 2551 316 2602 77.
343 2552 480 2604 Tarracina
501 2568 517 2604 a
537 2553 566 2602 L.
588 2551 690 2603 Vitellio
715 2552 821 2602 obsessa
843 2558 867 2600 et
890 2557 971 2616 capta.
1000 2547 1113 2600 Iulianus

144 2621 283 2688 iugulatur.
311 2621 424 2675 Triariae
444 2621 611 2672 immodestia.
639 2621 682 2672 78.
712 2619 839 2681 Flaviani,
865 2619 988 2669 incertum
1008 2615 1113 2664 Antonii

143 2706 177 2750 an
192 2689 303 2740 Muciani
317 2691 392 2758 culpa
407 2699 567 2751 cunctantes,
591 2689 689 2740 obsessi
705 2687 823 2756 Capitolii
838 2687 907 2738 lama
921 2685 1004 2747 exciti,
1022 2683 1064 2734 79.
1081 2684 1113 2733 ad

144 2760 232 2810 urbem
247 2767 394 2827 properant.
416 2760 451 2809 ibi
467 2766 583 2823 equestre
597 2758 722 2822 proelium
738 2755 829 2808 Ceriali
840 2756 988 2806 adversum.
1010 2752 1055 2804 80.
1069 2752 1112 2804 81.

145 2827 262 2878 Vitellius
284 2827 383 2895 legatos
404 2836 429 2878 et
444 2826 561 2879 Vestales
581 2827 695 2892 virgines
717 2839 764 2892 pro
786 2839 848 2892 pace
868 2832 911 2874 ant
929 2823 1037 2874 induciis
1055 2822 1113 2871 mit-

143 2897 187 2958 tit,
209 2911 255 2946 nec
271 2898 375 2950 obtinet.
403 2895 447 2950 88.
471 2896 584 2948 Flaviani
602 2896 726 2962 tripartito
744 2895 848 2961 agmine
861 2893 918 2944 urbi
933 2891 1112 2959 propinquant.

129 2966 216 3030 ,varis
236 2965 271 3014 ibi
296 2964 399 3016 fortuna
420 2973 557 3034 pugnatur.
596 2963 639 3016 83.
662 2964 738 3018 iocda
756 2961 911 3016 lascivientis
930 2961 1000 3012 urbis
1024 2958 1112 3018 iacies,

146 3040 287 3098 spectatore
308 3034 402 3099 populo
423 3043 447 3084 et
469 3033 561 3099 plausu
579 3033 693 3084 diversas
718 3041 803 3098 partes
822 3033 932 3083 fovente.
963 3028 1007 3079 81.
1031 3035 1112 3077 eastra

147 3099 274 3164 praetoria
291 3109 478 3168 expugnantur.
500 3101 542 3152 85.
560 3101 686 3163 Vitellius,
707 3101 853 3168 epudenda
863 3100 959 3150 latebra
970 3103 1113 3163 protractus

147 3174 173 3215 et
190 3169 346 3219 contumeliis
365 3169 487 3231 adfectus,
506 3171 539 3220 ad
553 3169 688 3222 Gemonias
706 3170 865 3236 propellitur.
887 3168 929 3220 86.
948 3168 1002 3215 vita
1017 3163 1111 3214 Vitellii

102 3252 107 3262 ·
147 3247 290 3300 moresque.

216 3303 293 3356 Gesta
306 3321 358 3358 uno
370 3307 516 3371 xcandentque
534 3323 609 3360 anno.

176 3373 205 3434 1.
230 3373 354 3436 lleliore
373 3375 433 3436 lato
455 3376 571 3455 [ideque
591 3378 712 3455 partium
725 3373 924 3436 Flavianarum
938 3369 1029 3430 duces
1045 3385 1114 3428 con·

111 3457 177 3520 cilia
193 3457 264 3520 helli
279 3459 449 3522 tractabant.
481 3459 691 3522 Poetovionem
713 3460 742 3518 in
765 3457 887 3520 hiberna
908 3452 1011 3514 tertiae
1027 3450 1116 3510 deeu-
