2540 3874
149 137 190 201 56
407 149 896 202 connnurrnnorrrnnnnuruu
943 172 949 182 ·

149 307 225 366 nium
241 305 426 405 proiciantur.
441 305 515 365 unde
530 305 661 384 prospici
674 315 762 382 posse
777 323 851 383 quae
869 304 971 381 cuique
987 313 1043 363 tarn
1058 301 1149 380 longo

149 392 288 469 temporis
303 390 398 467 spatie
422 407 518 466 mens,
541 389 657 464 domas,
679 386 816 449 fortuna?
844 384 995 466 superbire
1019 386 1151 447 ιιοιιιιιιι

150 476 233 535 etiarn
249 490 341 534 annua
356 473 570 550 designatione:
587 435 657 552 quid
670 490 693 532 ιι
687 472 849 532 honorem
865 483 917 550 per
930 472 1152 550 quinquennium

152 555 279 635 agitent?
297 556 517 637 quinquiplicari
538 573 658 636 prorsus
678 558 881 633 magistratus,
904 556 1033 615 subverti
1055 555 1152 632 leges,

118 659 225 721 requae
244 659 294 701 sua
310 643 404 720 spatia
418 641 601 702 exercendae
614 640 826 701 candidatorum
839 638 995 700 industriae
1014 650 1152 717 quaeren-

152 726 254 804 disque
269 734 316 784 aut
332 724 477 804 potiundis
493 725 652 786 honoribus
666 724 825 784 statuerint.
849 723 1013 785 favorabili
1035 725 1064 782 in
1084 735 1153 801 spe·

153 811 225 870 ciem
244 809 375 869 oratione
390 810 447 868 vim
461 810 577 887 imperii
591 809 690 868 tenuit.

218 892 269 952 37.
295 890 465 972 Censusque
487 892 663 971 quorundam
683 900 845 952 senatorum
867 893 945 951 iuvit.
967 889 1046 970 quod
1061 891 1155 968 magis

153 979 252 1036 mirum
269 977 321 1036 luit
321 976 422 1055 ,quod
435 992 541 1056 preces
552 975 641 1036 lilarci
652 975 773 1052 Hortali,
789 975 1029 1052 nobilisiuvenis,
1041 977 1069 1034 in
1085 989 1154 1074 paq·

153 1069 264 1140 pertale
280 1021 431 1120 manifesta
446 1059 599 1139 superbius
621 1061 795 1138 accepisset.
825 1066 921 1138 nepos
941 1067 1006 1118 erat
1029 1059 1155 1119 oratoris

152 1145 309 1220 Hortensii,
324 1144 449 1203 inienuus
465 1143 563 1204 adivo
565 1143 711 1242 'Augusto
726 1141 901 1203 liberalitate
911 1143 1032 1202 deciens
1047 1150 1155 1202 nester

128 1231 183 1291 stii
202 1227 312 1288 ducere
334 1243 473 1306 uxorem,
494 1229 645 1306 suscipere
666 1216 793 1303 liberos,
815 1245 852 1286 ue
874 1225 1033 1288 clarissima
1048 1227 1156 1287 familia

153 1313 382 1388 extingueretur
418 1272 505 1388 igidur
519 1318 655 1390 quattuor
671 1311 737 1371 liliis
750 1319 817 1371 ante
832 1311 918 1370 limen
930 1313 1029 1371 curiae
1040 1309 1155 1370 adstas

152 1395 238 1472 tibus,
256 1396 323 1455 loco
336 1397 512 1471 sententiae,
523 1396 610 1454 cum
600 1413 629 1454 ιιι
641 1395 752 1470 Palatio
765 1404 881 1454 senatus
892 1394 1056 1472 haberetur,
1068 1395 1157 1454 modo

152 1479 299 1542 Hortensii
319 1479 394 1538 inter
411 1488 544 1540 oratores
559 1479 642 1539 sitam
663 1480 816 1555 imaginem
838 1479 925 1540 rrrodo
941 1479 1064 1555 Augusti
1082 1477 1156 1537 inta-

154 1583 219 1641 ιιι,
237 1562 271 1624 ad
287 1563 362 1622 hunc
378 1563 492 1623 modum
508 1565 622 1641 coepit:
639 1565 755 1642 ‘patres
767 1563 942 1642 conscripti,
950 1563 1020 1639 lros,
1033 1574 1157 1640 quoram

120 1665 299 1710 tonumerum
315 1656 345 1706 et
363 1647 514 1725 pueritiam
528 1647 645 1722 videtis,
669 1663 726 1706 non
748 1647 990 1725 sponteusnstali,
1017 1646 1069 1706 sed
1089 1649 1158 1726 quia

155 1733 292 1810 princeps
308 1730 458 1800 monebat;
476 1730 557 1790 simul
574 1732 698 1790 maiores
717 1733 775 1790 mei
790 1739 955 1792 meruerant
969 1739 1000 1791 nt
1018 1739 1160 1810 posteros

106 1839 108 1844 ·
153 1815 302 1874 haberent.
335 1831 399 1874 nam
414 1830 485 1892 ego,
503 1816 550 1893 qui
566 1831 624 1874 non
636 1815 798 1894 pecuniam,
812 1830 872 1875 non
886 1815 977 1875 studia
987 1815 1092 1894 populi
1108 1833 1159 1874 ιιι-

153 1915 209 1976 que
226 1897 430 1976 eloquentiam,
441 1898 554 1974 gentile
565 1897 666 1958 domas
678 1907 795 1958 nostrae
806 1897 922 1975 bonam,
935 1901 1075 1959 varietate
1084 1907 1158 1958 tern-

153 1997 256 2060 ponun
270 1981 408 2058 accipere
423 1981 471 2042 ιιι
488 1999 591 2061 parare
610 1983 784 2060 potuissem,
807 1983 876 2042 satis
891 1981 1051 2058 habebam,
1075 1984 1099 2041 si
1116 1992 1158 2042 te·

119 2083 226 2133 annues
248 2082 298 2125 ιιι
319 2081 402 2125 meae
421 2082 477 2125 nec
501 2065 569 2124 milri
591 2065 694 2144 pudori
715 2083 770 2125 neo
792 2067 923 2144 cuiquam
946 2067 1027 2126 oneri
1041 2027 1158 2126 forent.

152 2150 248 2209 iussus
268 2147 304 2208 ιιι
330 2149 506 2227 imperatore
527 2166 648 2208 uxorem
669 2148 746 2208 duxi
781 2165 817 2208 ιιι
840 2151 927 2230 stirps
946 2159 977 2210 et
996 2151 1159 2229 progenies

153 2241 198 2293 tot
213 2232 374 2309 consulum,
388 2242 432 2292 tot
449 2233 628 2293 dictatorum.
655 2249 711 2292 nac
727 2233 763 2294 ed
777 2231 913 2294 iuvidiam
927 2235 998 2312 ista,
1017 2233 1069 2293 sed
1089 2251 1158 2293 con·

155 2315 296 2393 ciliandae
311 2315 528 2377 misericordiae
543 2315 653 2376 refero.
682 2316 877 2396 adsequentur
887 2318 1012 2378 llorente
1027 2327 1067 2394 te,
1084 2315 1158 2377 Cae·

154 2419 211 2476 sar,
231 2417 304 2478 quos
323 2398 439 2460 dederis
449 2400 592 2460 lronores·
615 2401 780 2498 interimi)
796 2399 944 2462 Hortensii
965 2409 1154 2483 pronepotes,

118 2484 211 2550 adivi
227 2484 351 2560 Augusti
364 2482 494 2544 alumnos
510 2483 571 2544 alt
562 2485 660 2582 inopia
677 2483 729 2546 del
715 2484 812 2544 i.ende
820 2489 831 2518 ’

52 2565 266 2629 “saa
279 2567 430 2628 inclinatio
443 2576 559 2628 senatus
571 2569 782 2628 incitamentum
796 2568 914 2630 Tiberio
926 2569 979 2629 luit
991 2568 1047 2650 quo
1061 2585 1157 2648 prom

153 2652 208 2711 tius
231 2649 442 2730 adversaretur,
456 2650 500 2711 his
514 2652 606 2712 ferme
623 2651 721 2712 verbis
737 2669 827 2712 usus:
837 2655 881 2712 ιι
898 2663 1033 2732 quantum
1049 2670 1157 2750 paupe-

153 2754 215 2796 rum
231 2744 276 2795 est
290 2735 390 2796 venire
405 2735 462 2796 ltuo
477 2744 506 2795 et
521 2735 621 2796 liberis
642 2738 702 2796 suis
715 2744 819 2815 petere
834 2738 973 2816 pecunias
995 2737 1159 2816 coeperint,

154 2820 260 2897 singuli
275 2836 426 2898 numquam
444 2819 668 2898 exsatiabunmr,
680 2839 729 2881 res
741 2819 858 2899 publica
870 2819 995 2881 deliciet
1020 2838 1077 2880 nec
1087 2836 1160 2880 sane

21 2905 23 2912 “
130 2903 223 2965 sideo
240 2902 426 2964 amalorilms
442 2920 613 2964 concessum
629 2913 675 2964 est
690 2905 792 2982 egredi
816 2905 969 3004 aliquando
985 2904 1160 2965 relationem

153 2996 183 3048 et
198 2988 300 3066 quod·
288 3005 318 3046 m
337 3005 490 3048 commuue
513 2988 656 3050 conducat
676 2989 744 3048 loco
769 2991 929 3056 sententiae
952 2989 1109 3082 prolerre,
1127 2998 1161 3048 nt
1247 2995 1248 2998 ’

154 3073 265 3150 privata
279 3075 399 3149 negotia
414 3081 444 3132 et
459 3089 508 3132 res
524 3071 682 3134 familiares
697 3082 812 3133 nostras
826 3073 874 3132 laic
894 3063 1069 3150 augeamus,
1092 3091 1159 3132 cum

152 3155 259 3216 invidia
271 3164 388 3216 senatus
403 3166 433 3216 et
449 3155 620 3256 principum,
633 3158 697 3216 sive
710 3155 882 3217 indulserint
897 3158 1118 3234 largitionem·
1094 3175 1160 3216 srve

153 3238 313 3299 abnuerint.
344 3241 493 3300 nonenim
509 3257 616 3338 preces
632 3249 697 3302 sant
717 3240 807 3318 istud,
828 3240 881 3300 sed
904 3239 1124 3318 efflagitatio,
1115 3259 1161 3299 m

119 3343 145 3384 ιι
153 3325 324 3402 tempestiva
341 3323 455 3400 qnidam
472 3333 502 3384 ιι
515 3324 676 3404 inprovisa,
697 3342 759 3385 oum
772 3286 837 3385 aldis
853 3324 993 3386 derebus
1009 3340 1160 3384 convene-

153 3404 209 3464 rint
223 3417 332 3485 patres,
350 3423 530 3486 consurgere
546 3417 575 3468 et
591 3426 710 3470 numero
725 3417 813 3486 atque
832 3419 927 3470 aetate
947 3400 1070 3469 liberum
1087 3423 1157 3468 suo-
