2568 3870
429 221 533 268 Ltnntt
547 223 584 269 11.
607 221 681 270 cnP.
698 222 816 292 lit-tt.
1074 213 1112 268 51

114 375 213 446 lorica
232 375 332 436 ferree
353 393 421 436 usur
444 385 489 436 est
511 384 540 434 et
556 385 621 436 ante
636 377 720 452 signa
736 377 828 455 pedes
841 375 896 453 ire,
911 374 1058 452 horridus,
1075 378 1115 434 in-

116 468 252 539 oonrptns
265 459 417 539 famaeque
432 458 587 520 dissimilis.

184 543 233 604 12.
257 542 460 604 Blandiebatur
482 544 597 621 coeptis
616 543 745 620 lortuna,
766 561 904 622 possesse
928 561 980 622 per
994 561 1072 603 mare
1087 553 1140 602 et.

114 645 209 691 naves
222 629 331 687 maiore
355 624 456 686 ltaliae
476 635 558 703 parte
581 627 694 705 penitus
719 642 811 704 usque
833 627 868 688 ad
885 629 993 687 initium
1011 629 1114 687 meriti·

114 709 376 788 marum'Alplum,
397 709 501 789 quibus
517 710 690 787 temptandis
711 709 983 790 adgrediendaeque
999 713 1115 790 provin·

116 798 183 856 ciac
206 792 390 854 Narbonensi
412 793 547 854 Suedium
569 792 765 866 Clementem,
783 793 937 854 Antonium
951 793 1115 868 Nouellum,

116 878 271 940 Aemilium
288 875 446 938 Pacensem
462 876 552 936 duces
567 877 697 937 dederat.
714 876 779 937 seu
800 875 938 937 Pacensis
959 877 1139 955 perlicere

117 965 186 1022 tiam
196 960 314 1020 militum
329 961 459 1026 vinctum
475 959 601 1020 Antonio
619 958 746 1020 Novello
764 959 842 1020 nulla
857 963 1027 1022 auctoritas:
1044 961 1115 1020 Sue.

119 1046 185 1104 dius
199 1043 333 1104 Clemens
348 1043 501 1103 ambitioso
515 1043 638 1124 imperio
652 1043 792 1121 regebat,
813 1052 844 1103 ut
865 1044 1005 1106 adversus
1027 1045 1115 1103 inmo·

121 1128 238 1188 destiem
257 1127 430 1206 disciplinae
454 1136 624 1206 corruptus,
651 1130 690 1186 ita
711 1127 889 1207 proeliorum
912 1127 1022 1188 aridus.
1058 1143 1116 1186 nou

117 1210 200 1272 ltalid
223 1209 294 1270 adiri
315 1227 371 1270 nec
387 1210 453 1270 loca
474 1210 618 1289 sedesque
643 1213 754 1290 patriae
769 1211 955 1272 ridebantur:
974 1221 1117 1289 tamquam

117 1303 240 1356 externa
256 1293 341 1353 litora
356 1302 386 1353 et
399 1294 487 1353 nrbes
509 1293 632 1353 bostium
655 1312 758 1370 urere,
782 1305 917 1369 vastare,
939 1312 1060 1372 rapere,
1079 1305 1151 1351 coto

117 1378 246 1450 atrocius
262 1376 341 1456 quod
360 1377 429 1436 nibil
444 1395 563 1456 usquam
580 1380 728 1456 prouisum
743 1376 895 1438 adversum
910 1385 1012 1437 metus.
1038 1374 1118 1455 pleni

117 1462 201 1540 agri,
223 1468 343 1538 apertae
367 1461 485 1528 domus;
509 1468 699 1520 occursantes
713 1459 819 1520 domini
834 1463 912 1520 iuxta
931 1462 1073 1538 coniuges
1088 1466 1117 1516 et

117 1545 231 1605 liberos
245 1545 403 1603 securitate
418 1543 500 1622 pacis
513 1552 543 1602 et
557 1543 629 1604 belli
642 1541 719 1604 rnalo
734 1543 1042 1603 circumveniebantur.
1059 1559 1116 1600 nra-

119 1629 227 1687 ritimas
248 1635 306 1686 turn
323 1625 418 1706 Alpes
440 1625 559 1686 tenebat
589 1634 761 1706 procurator
786 1627 894 1687 marrus
918 1626 1056 1687 blatnrus.
1093 1625 1117 1682 is

122 1714 236 1772 concite
250 1718 339 1786 gente
356 1710 427 1789 (nec
443 1710 527 1770 deest
542 1711 689 1789 iuventus)
710 1725 813 1770 arcere
828 1712 999 1790 prouinciae
1013 1707 1116 1768 finibus
1129 1725 1151 1765 rs

119 1793 301 1854 Othonianos
329 1793 462 1854 intendit:
502 1792 554 1853 sed
583 1796 682 1872 primo
702 1796 810 1873 impetu
839 1794 918 1854 caesi
946 1793 1117 1871 disiectique

119 1877 261 1954 montani,
276 1876 423 1953 atquibus
439 1884 548 1936 temere
565 1876 715 1953 collectis,
736 1895 795 1937 non
813 1886 923 1954 cestra,
940 1893 997 1936 non
1016 1874 1117 1936 ducem

119 1958 346 2034 noscitantibus,
375 1977 469 2037 neque
492 1963 519 2019 in
532 1960 654 2019 victoria
675 1959 764 2020 decus
784 1970 864 2021 esset
886 1977 982 2038 neque
1005 1960 1032 2017 irr
1048 1959 1117 2033 iuga

119 2043 267 2120 flagitium.

190 2123 237 2185 13.
257 2125 387 2185 lrritetus
404 2143 441 2185 co
457 2127 570 2204 proelio
587 2126 707 2186 Othonis
722 2125 804 2185 miles
825 2129 913 2186 vertit
934 2125 992 2186 ires
1015 2128 1042 2184 in
1059 2142 1117 2183 mn·

120 2208 257 2287 sicipinm
273 2207 498 2268 Albintimilium.
528 2211 637 2287 quippe
652 2209 681 2266 in
695 2210 758 2268 acie
774 2208 843 2268 nibil
860 2210 997 2287 praedae,
1014 2209 1118 2286 inopes

121 2301 257 2370 agrestes
284 2300 313 2351 et
334 2292 403 2352 uilia
426 2309 520 2360 arma:
542 2309 598 2352 nec
613 2293 678 2370 cepi
693 2301 841 2369 poterant,
864 2293 967 2370 pernix
981 2309 1075 2368 genus
1089 2299 1118 2349 et

121 2375 205 2452 gnari
226 2372 373 2435 locorum:
395 2375 449 2450 sed
464 2372 674 2437 calamitatibus
689 2376 841 2434 insontium
857 2376 973 2453 expleta
987 2375 1116 2434 auaritia.

122 2459 204 2518 auxit
224 2457 358 2517 invidiam
379 2458 535 2536 praeclaro
558 2457 694 2537 exemplo
717 2457 822 2518 femina
842 2456 946 2533 ligus,
969 2474 1043 2535 quae
1058 2457 1143 2522 lilios

106 2539 238 2620 'abdito,
262 2557 325 2600 oum
347 2540 429 2600 simol
455 2543 604 2620 pecuniam
625 2541 765 2601 occultari
793 2541 898 2601 milites
926 2539 1118 2600 credidissent

125 2640 221 2700 eoque
234 2641 287 2701 per
299 2625 442 2684 cruciatus
451 2626 665 2702 interrogarent
675 2622 722 2684 ubi
735 2625 821 2683 lilium
833 2624 994 2702 occuleret,
1006 2633 1117 2683 uterum

124 2705 281 2766 ostendens
299 2706 391 2766 latere
414 2708 582 2785 respondit,
602 2725 658 2768 nec
678 2707 745 2767 ullis
765 2707 869 2767 deinde
893 2707 1054 2768 terroribus
1070 2716 1118 2766 eut

124 2797 217 2849 morte
231 2791 418 2849 constantiam
433 2792 516 2851 rocis
532 2793 672 2868 egregiae
686 2793 813 2850 mutavit.

190 2873 236 2932 14.
265 2871 408 2933 inminere
432 2875 602 2952 provinciae
622 2873 822 2947 Narbonensi,
849 2875 878 2934 in
902 2876 992 2935 rerba
1008 2875 1117 2934 Vitellii

124 2954 262 3028 adactae,
287 2955 411 3016 classem
433 2956 553 3017 Othonis
570 2958 675 3036 trepidi
695 2959 782 3017 nuntii
803 2957 894 3018 Fabio
911 2958 1028 3018 Valenti
1046 2967 1116 3018 attu-

123 3040 203 3100 lere:
219 3037 338 3100 aderant
351 3039 441 3116 legati
457 3040 634 3100 coloniarum
651 3041 786 3102 auxilium
802 3051 927 3101 orentes.
957 3042 1028 3102 duas
1043 3040 1117 3100 'l'uu-

123 3136 243 3198 grorunr
260 3121 413 3197 cohortes,
432 3131 565 3201 quattuor
580 3125 704 3202 equitnm
718 3133 841 3200 turmas,
864 3127 1026 3185 universam
1047 3124 1116 3184 'l're-

124 3221 259 3264 verorum
280 3204 353 3265 alam
372 3223 435 3264 cunr
455 3205 528 3266 lulio
549 3205 679 3267 Classico
700 3209 848 3286 praelecto
866 3208 957 3282 misit,
983 3206 1139 3285 equibuss

124 3305 193 3367 pers
217 3288 246 3346 in
266 3288 381 3348 colonia
403 3289 598 3350 Foroiuliensi
618 3299 746 3361 retente,
774 3307 811 3348 ne
832 3289 962 3348 omnibus
978 3290 1072 3366 copiis
1088 3290 1115 3345 in

123 3379 262 3431 terrestre
280 3372 336 3431 iter
348 3373 444 3431 versis
462 3389 554 3432 vacuo
569 3375 639 3436 mari
657 3373 760 3433 classis
781 3370 972 3431 adceleraret.
1008 3370 1114 3430 duode-

125 3457 180 3513 cim
205 3455 329 3532 equitum
350 3464 460 3515 turmae
481 3463 511 3514 et
530 3454 600 3515 lecti
622 3469 638 3515 e
660 3452 829 3515 cohortibus
843 3453 982 3594 ”d'jffu'
1000 3453 1113 3510 bostem
