2568 3870
183 196 243 256 116
397 206 563 256 eoaunnu
580 207 698 256 rusum
714 211 954 262 mercurinus

181 361 285 439 sociis,
301 359 410 422 Latium
425 364 553 423 externis
576 361 721 442 dilargiri;
745 365 791 425 his
806 365 912 428 tributa
928 367 1089 444 dimittere,
1110 369 1185 430 alios

147 458 171 500 ro
181 444 403 508 immunitatibus
421 448 536 514 iuvare;
558 447 683 526 denique
704 448 781 509 nulla
803 451 831 508 in
850 459 1000 528 posterum
1018 469 1088 512 cura
1106 451 1184 512 lace-

179 547 245 590 mre
267 530 426 608 imperium.
465 529 518 590 sed
541 531 645 608 vulgus
670 533 706 592 ad
727 534 951 610 magnitudinem
974 534 1186 596 beneficiorum

180 612 296 689 hiabat,
320 612 505 674 stultissimus
530 616 653 695 quisque
668 618 801 694 pecuniis
821 617 1019 695 mercabatur,
1040 619 1117 697 apud
1138 638 1185 680 su·

179 697 296 778 pientes
311 715 395 758 cassa
409 695 600 775 habebantur,
618 717 691 776 quae
704 717 799 777 neque
811 701 872 761 dari
886 719 983 781 neque
995 703 1089 780 accipi
1102 703 1186 763 selva
1270 751 1271 758 t

180 780 341 860 republica
354 790 497 859 poterant.
519 781 634 842 tandem
644 782 791 860 ilagitante
806 787 947 862 exercitu,
961 787 1010 864 qui
1021 786 1186 846 blevauiam
1270 789 1271 794 ’

146 881 171 922 rs
180 864 346 944 insederat,
368 882 473 943 magno
497 876 662 926 senatorum
683 867 814 944 agmine,
836 885 957 946 quorum
974 869 1079 930 multos
1094 869 1185 930 ambi·

179 949 270 1024 tione,
281 949 381 1028 plnres
391 947 544 1010 formidine
556 948 697 1027 trahebat,
710 953 738 1010 in
750 961 846 1012 cestra
857 955 947 1030 venit,
959 955 1087 1012 incertus
1097 953 1185 1013 animi

181 1041 210 1093 et
224 1032 318 1093 inlidis
333 1033 462 1093 consiliis
479 1032 633 1093 obnoxius.

243 1117 294 1177 56.
313 1115 496 1178 Contionanti
507 1152 550 1165 —
561 1116 759 1196 prodigiosum
773 1119 851 1178 dictu
862 1152 905 1162 —
916 1127 1022 1180 tantum
1032 1115 1184 1180 foedarum

180 1200 330 1261 volucrum
344 1201 582 1280 supervolitavit,
601 1211 631 1260 ut
647 1202 724 1261 nube
740 1211 802 1263 utra
817 1202 893 1262 diem
908 1201 1110 1263 obtenderent
1135 1221 1184 1263 ac·

183 1286 273 1346 cessit
287 1286 378 1345 dirum
396 1302 497 1362 omen,
518 1285 661 1363 profugus
685 1286 824 1346 altaribus
840 1295 939 1346 taurus
954 1285 1077 1348 disiecto
1091 1287 1183 1347 sacri-

183 1369 240 1430 iicii
250 1377 404 1448 apparatu,
417 1369 522 1446 louge,
537 1387 592 1428 nec
603 1377 633 1428 ut
646 1368 846 1430 ieririhostias
865 1387 928 1430 mos
944 1378 999 1445 est,
1016 1369 1182 1430 confossus.

157 1452 235 1514 used
249 1454 435 1532 praecipuum
447 1456 513 1532 ipse
525 1452 661 1513 Vitellius
674 1461 817 1513 ostentum
831 1463 911 1528 erat,
923 1454 1043 1531 ignarus
1053 1453 1182 1530 militiae,

181 1537 349 1618 inprovidus
361 1537 493 1614 consilii,
509 1539 572 1616 quis
587 1536 658 1596 ordo
671 1537 809 1614 agminis,
824 1555 898 1614 quae
913 1555 983 1599 cura
998 1535 1179 1615 explorandi,

182 1631 304 1701 quantus
321 1619 470 1699 urguendo
483 1619 663 1680 trahendove
679 1618 759 1680 bello
774 1621 892 1697 modus,
909 1620 982 1680 alios
997 1621 1140 1696 rogitans,
1149 1629 1182 1702 ¹et

182 1705 217 1766 ad
235 1706 327 1764 omnis
352 1705 466 1763 nuntios
482 1703 563 1762 voltu
586 1720 703 1781 qnoque
720 1712 749 1763 et
770 1707 886 1764 incessu
902 1703 1042 1781 trepidus,
1059 1703 1126 1763 dein
1140 1712 1183 1762 te-

181 1788 334 1848 mulentus.
372 1795 521 1867 postremo
544 1787 641 1846 taedio
665 1795 824 1848 castrorum
845 1797 875 1846 et
898 1785 993 1847 audita
1015 1785 1185 1846 deiectione

149 1871 356 1934 noblisenensis
379 1870 482 1930 classis
496 1870 618 1931 Romam
641 1872 776 1948 revertit,
801 1871 1029 1932 recentissimum
1046 1870 1183 1948 quodque

181 1955 283 2015 volnus
300 1973 427 2034 pavens,
440 1956 541 2014 summi
556 1953 728 2014 discriminis
744 1955 916 2015 incuriosus.
938 1971 1002 2013 nam
1015 1971 1078 2014 cum
1090 1963 1183 2012 truns-

180 2039 264 2120 gredi
290 2039 494 2118 Appenninum
521 2039 636 2115 integro
661 2040 813 2098 exereitus
836 2040 880 2098 sui
902 2037 1011 2098 robore
1035 2046 1063 2096 et
1083 2037 1184 2097 fessos
1259 2054 1264 2067 ·

181 2127 276 2186 hieme
292 2134 379 2202 atque
393 2123 492 2202 inopia
510 2123 611 2182 hostes
629 2120 750 2199 adgredi
764 2121 793 2182 in
814 2129 919 2199 aperto
935 2120 1028 2197 foret,
1045 2120 1109 2180 dum
1124 2120 1184 2179 dis·

125 2233 129 2237 ·
181 2212 279 2289 pergit
294 2209 390 2283 vires,
405 2207 574 2267 acerrimum
586 2204 705 2264 militem
721 2212 750 2264 et
765 2222 856 2283 usque
871 2204 899 2263 iu
914 2213 1043 2264 extrema
1055 2203 1184 2263 obstina-

150 2303 240 2356 mtum
255 2291 451 2352 trucidandum
471 2287 699 2367 capiendumque
723 2287 854 2365 tradidit,
878 2287 1062 2365 peritissimis
1084 2295 1184 2347 centu-

181 2379 293 2438 rionum
314 2370 550 2444 dissentientibus
574 2379 620 2448 et,
644 2374 669 2431 si
694 2371 932 2448 consulerentur,
961 2388 1032 2431 vera
1051 2371 1183 2432 dicturis.

182 2478 304 2522 arcuere
326 2475 379 2518 eos
400 2456 488 2516 intimi
511 2455 668 2515 nmieorum
684 2454 812 2530 Vitellii,
835 2455 872 2514 ita
898 2454 1027 2514 formatis
1043 2453 1186 2532 principis

177 2543 316 2620 ¹ratribus,
337 2550 368 2602 ut
388 2557 494 2619 aspere
515 2555 589 2618 quse
605 2538 701 2614 utilia,
726 2556 783 2597 nec
797 2539 949 2617 quicquam
964 2538 1019 2598 nisi
1032 2536 1187 2598 iucundum

182 2620 213 2689 et
227 2629 372 2688 laesurum
387 2625 545 2702 acciperet.

247 2713 297 2773 57.
320 2709 379 2769 Sed
396 2708 521 2767 classem
535 2705 730 2766 Misenensem
747 2707 870 2784 (tantum
883 2703 1018 2765 civilibus
1031 2703 1187 2766 discordiis

185 2799 270 2856 etiam
282 2791 460 2870 singulorum
473 2791 592 2850 audacie
606 2788 702 2866 valet)
716 2787 853 2850 Claudius
864 2788 1041 2851 Faventinus
1053 2789 1187 2849 centurio

183 2899 239 2961 per
250 2877 435 2956 ignominiam
451 2893 467 2934 a
482 2872 571 2936 Galba
585 2872 718 2943 dimissus
734 2871 770 2932 ad
782 2872 979 2935 deiectionem
994 2875 1094 2950 truxit,
1110 2872 1189 2932 lictis

185 2961 359 3041 Vespasiani
377 2958 508 3038 epistulis
527 2957 650 3036 pretium
673 2954 845 3034 proditionis
862 2965 1022 3020 ostentans.
1051 2965 1190 3036 praeerat

121 3058 125 3067 “
164 3048 274 3110 sclassi
292 3043 429 3106 Claudius
444 3040 640 3121 Apollinaris,
656 3056 752 3118 nsque
768 3038 834 3100 iidei
850 3047 986 3102 coustuns'
1002 3059 1097 3120 neque
1113 3049 1189 3100 stre-

137 3196 138 3199 ,
186 3151 260 3194 nnus
279 3133 307 3190 in
329 3126 463 3207 peridia;
488 3135 516 3185 et
536 3121 751 3203 Apiniu's·''l'iro
774 3133 909 3202 praetura
934 3124 1050 3186 iunctus
1071 3142 1107 3186 ac
1129 3133 1191 3185 tum

187 3217 264 3278 iente
273 3212 421 3276 Minturnis
434 3227 525 3287 agens
541 3207 643 3268 ducem
654 3225 688 3266 se
700 3205 899 3268 delectoribus
914 3207 1028 3270 obtulit.
1054 3209 1191 3288 aquibus

189 3297 343 3376 municipia
360 3295 551 3372 coloniaeque
567 3291 716 3370 inpulsae,
740 3294 899 3372 praecipuo
915 3292 1142 3354 Puteolanorum
1160 3294 1191 3352 in

189 3382 404 3459 Vespasianum
419 3377 524 3456 studio,
537 3383 637 3436 contre
648 3372 749 3453 (lupua
760 3376 882 3438 Vitellio
895 3376 968 3452 lida,
983 3377 1190 3456 municipalem

158 3485 183 3525 ns
192 3465 411 3523 aemulationem
428 3459 514 3521 bellis
537 3457 671 3520 civilibus
689 3458 858 3520 miscebant.
887 3461 1022 3540 Vitellius
1038 3459 1190 3524 claudium

1249 3421 1271 3538 κ
