2440 3886
126 134 147 196 2
365 146 530 196 coaunun
548 145 668 194 rsc1r1
683 145 867 194 15515155

163 303 214 354 sari
229 303 295 364 rim,
321 302 413 351 Planco
442 308 548 350 mortem
575 302 706 352 intentant
747 300 791 352 40.
824 299 1001 362 Germanicus,
1031 301 1087 352 illio
1114 311 1146 354 et

161 384 242 422 uxore
257 370 379 432 dimissis,
415 371 457 420 41.
475 369 547 418 1511111
561 369 739 435 paenitentiam
753 370 831 424 inicit.
867 370 911 419 42.
928 369 971 422 43.
988 369 1057 428 ,Tum
1075 387 1144 421 eum

162 441 272 492 iocunda
288 439 401 489 oratioue
416 438 558 501 alloquitur.
587 439 631 489 44.
648 437 737 487 Mutati
745 452 841 504 poenas
854 439 881 487 in
896 453 924 488 se
933 439 1000 488 nitro
1012 449 1143 504 poscunt,

162 510 252 560 noxios
268 507 318 574 ipsi
341 509 457 572 puniunt.
489 505 654 557 Centuriones
675 501 735 556 u'ovi
758 507 865 558 suffecti.
898 507 941 558 45.
963 509 993 557 15
1016 509 1143 562 turbidos

161 580 201 628 ris
217 577 298 627 adhuc
314 584 427 641 paratur.
455 574 498 625 46.
516 574 640 641 Trepidae
656 575 727 630 urbis
743 590 865 627 rumores.
896 575 1143 627 47.Τί11511551151

161 647 273 698 simulat.
304 644 346 696 48.
371 643 512 694 Germanici
533 645 624 693 minae.
662 643 706 695 49.
731 645 806 696 Miles
824 659 884 696 suos
911 645 1053 696 turbatores
1077 646 1144 711 ipse

161 716 251 766 caedit.
280 713 323 764 50.
345 715 466 762 Furorem
487 713 612 778 expiaturi
631 713 658 762 in
680 711 778 764 hostem
801 722 869 764 eunt.
906 712 984 764 Marsi
1005 715 1141 779 oppressi.

161 785 203 834 51.
218 782 355 832 Tamianao
370 781 491 846 templum
505 781 623 832 dirutum.
654 782 804 832 Insidiaein
818 782 900 832 reditu
909 782 1002 834 irritae.
1031 781 1142 834 52.Τ1-

161 854 246 903 berius
267 850 379 916 maligne
403 850 489 900 laudat
513 847 696 902 Germanicum.
734 849 777 902 53.
801 851 879 900 151155
899 865 968 900 mors
987 857 1012 899 et
1036 865 1138 900 mores.

163 920 290 971 Gracchus
307 933 404 968 caesus.
441 919 484 971 54.
507 916 612 970 Sodales
633 919 791 985 Augustales
812 920 985 970 instituuntur.
1024 919 1140 969 Histrio-

163 1004 223 1038 nnm
239 989 337 1040 turbae.
492 999 494 1004 ·

105 1042 113 1057 ⁶
209 1057 252 1109 55.
274 1057 393 1106 Proximo
417 1071 482 1107 anno
502 1057 529 1106 in
544 1054 647 1107 Chattos
669 1070 800 1108 excursus.
836 1056 977 1108 Arminius.
1002 1054 1133 1121 Segestes

162 1127 206 1181 56.
225 1125 307 1177 Chatti
323 1125 460 1190 improviso
478 1124 603 1192 oppressi,
618 1124 733 1173 Mettium
755 1124 896 1176 incensum.
937 1124 980 1177 57.
998 1121 1137 1189 Segestem

162 1197 294 1246 obsessum
312 1193 400 1261 liberat
415 1192 587 1244 Germanicus.
617 1193 687 1243 Uxor
704 1192 813 1242 Arminii
834 1201 916 1259 capta.
949 1192 992 1244 58.
1017 1191 1136 1257 Segestis

162 1265 251 1316 oratio.
282 1261 400 1328 Segestes
420 1277 477 1312 cum
494 1263 548 1313 suis
562 1261 671 1327 benigne
688 1260 796 1311 habitus.
825 1262 867 1314 59.
883 1261 1013 1311 Arminius
1030 1261 1056 1309 in
1076 1275 1136 1309 enm

163 1341 187 1382 et
201 1333 329 1383 Romanos
340 1329 475 1381 invehitur.
490 1330 533 1384 60,
548 1328 669 1381 Cherusci
680 1336 704 1379 et
717 1330 760 1379 aiii
771 1331 859 1397 populi
869 1329 999 1382 rebellant.
1018 1328 1135 1379 Bructeri

162 1400 221 1453 iusi.
247 1400 289 1452 61.
304 1398 466 1449 Monumenta
487 1399 564 1450 cladis
579 1399 714 1449 Varianae.
752 1397 940 1462 5555555155
961 1398 1029 1447 illius
1053 1397 1134 1446 cladis

161 1470 307 1528 tumulatae,
319 1467 480 1532 'improbante
492 1467 600 1517 Tiberio.
629 1465 672 1518 63.
688 1466 847 1532 Pugnacum
858 1466 983 1517 Arminio.
1011 1465 1054 1517 64.
1069 1464 1133 1516 Cae-

163 1541 244 1588 cinam
269 1537 323 1587 looo
342 1536 428 1600 iniquo
451 1536 600 1604 aggreditur
621 1535 751 1586 Arminius
771 1535 932 1602 intrepidum.
975 1534 1018 1586 65.
1041 1533 1134 1584 Milites

163 1606 325 1658 consternati.
354 1603 477 1656 Caecinae
493 1606 619 1655 somnium
634 1603 781 1656 infaustum.
814 1604 887 1655 Caesi
910 1620 990 1672 paene
1013 1603 1132 1653 Romani.

163 1675 206 1726 66.
234 1675 341 1724 Punicus
361 1681 442 1723 terror
467 1687 609 1739 repressus.
655 1673 698 1724 67.
720 1671 859 1725 Consilium
880 1672 1002 1725 Caecinae
1031 1672 1063 1721 dc
1092 1687 1134 1720 re-

163 1759 246 1794 cessu.
282 1740 327 1794 68.
348 1741 419 1792 Felix
442 1742 549 1808 emptio.
574 1741 754 1792 Germanorum
776 1743 869 1792 clades.
906 1741 949 1794 69.
974 1740 1133 1808 Agrippinae

164 1813 247 1863 viriles
271 1824 346 1860 curae
370 1809 497 1860 Tiberium
519 1810 659 1860 offendunt.
690 1808 732 1868 711.
749 1811 876 1878 Legiones
891 1819 963 1862 aestu
979 1810 1132 1859 mariscum

161 1879 272 1948 periculo
289 1886 412 1932 15155155.
451 1879 494 1930 71.
510 1876 655 1946 Segimerus
669 1881 695 1929 in
712 1879 866 1930 deditionem
886 1886 1013 1947 acceptus.
1051 1879 1132 1928 Exer-

166 1949 230 2000 citus
247 1949 339 1999 damna
352 1947 476 2014 suppleta.
507 1947 549 1997 72.
560 1947 603 1998 73.
616 1948 709 1998 Tiberii
721 1947 778 1998 fleta
791 1949 922 2000 modestia.
944 1949 999 1998 Lex
1013 1948 1131 2006 maiesta-

162 2018 194 2068 tis
208 2023 325 2066 revooata
346 2024 370 2066 et
388 2017 414 2066 in
432 2016 542 2066 minimis
560 2016 710 2080 quibusdam
728 2018 846 2068 exercita.
876 2017 1036 2068 Delationnm
1052 2017 1131 2081 pestis

162 2085 266 2152 ingruit.
300 2085 342 2134 74.
360 2085 493 2134 Marcellus
506 2084 644 2136 maiestatis
664 2086 816 2152 postulatus.
854 2089 883 2136 in
905 2101 962 2136 cnm
977 2085 1015 2134 ira
1038 2083 1130 2134 'liberii

162 2155 294 2204 incautior.
326 2153 369 2204 75.
386 2153 479 2203 Tiberii
503 2153 649 2204 liberalitas.
682 2152 724 2206 76.
745 2155 843 2206 Tiberis
862 2155 1002 2204 inundatio.
1035 2151 1130 2203 Achaia

162 2230 188 2273 et
203 2222 351 2272 Macedonia
369 2224 473 2272 levatae.
507 2221 583 2272 Drusi
597 2237 697 2274 munus.
726 2224 767 2274 77.
783 2223 884 2274 Theatri
900 2223 1000 2274 licentia
1015 2222 1127 2272 coercita.

163 2291 206 2343 78.
221 2291 352 2357 Templum
373 2290 492 2356 Augusti.
517 2289 667 2342 Centesima.
701 2292 744 2344 79.
765 2292 806 2342 An
826 2307 907 2356 aquae
930 2291 1014 2342 'liberi
1037 2291 1128 2342 subdu-

163 2361 267 2413 cendas.
303 2358 345 2410 80.
367 2359 481 2408 Tiberius
505 2373 549 2408 our
574 2360 705 2425 praesides
728 2374 785 2410 rero
802 2362 912 2411 mutarit.
952 2359 994 2412 81.
1014 2360 1127 2411 Comitio-

164 2445 222 2481 rum
237 2427 345 2478 confusa
355 2429 432 2478 ¹ratio.
1059 2452 1061 2455 ν

214 2498 282 2547 Η555
305 2495 358 2547 lere
373 2497 474 2546 hiennio
494 2503 568 2562 gesta
590 2511 656 2546 coss.
674 2494 734 2547 Sex.
751 2498 871 2563 Pompeio
894 2505 918 2548 et
936 2495 996 2548 Sex.
1014 2496 1126 2564 Apuleio,

162 2567 262 2618 Nerone
280 2563 384 2616 Claudio
399 2564 482 2615 Druso
500 2563 607 2616 Caesare
623 2571 647 2614 et
664 2563 691 2616 C.
709 2565 842 2629 Norbano,
858 2567 932 2616 aunis
950 2569 1016 2617 a.'n.
1033 2582 1054 2616 o.
1070 2563 1125 2616 767.

163 2633 272 2696 51768,
290 2641 348 2699 post
365 2633 423 2688 Chr.
442 2648 467 2683 n.
488 2635 530 2686 14.
548 2634 630 2685 5115.

158 2784 161 2794 ,
194 2737 220 2794 1.
246 2734 356 2796 Urbem
371 2735 521 2818 Romame
536 2729 680 2816 principio
695 2754 783 2814 reges
801 2736 946 2807 habuere;
969 2735 1125 2797 libertatern
1212 2727 1213 2794 J

129 2830 159 2880 et
174 2818 354 2879 consulatum
374 2819 404 2880 b.
419 2819 523 2882 Brutus
542 2822 672 2882 instituit.
710 2821 869 2882 dictaturae
892 2821 927 2882 ad
948 2830 1061 2902 tempus
1081 2840 1124 2880 su·
1212 2895 1213 2900 ἵ

128 2901 293 2974 mebautur;
310 2922 406 2984 neque
422 2905 623 2966 decemviralis
635 2913 767 2984 potestas
778 2905 854 2967 ultra
865 2905 1019 2980 biennium,
1036 2923 1126 2984 neque

129 2985 308 3048 tribunorum
320 2988 438 3050 militnm
456 2988 609 3051 consulare
625 2990 669 3049 ius
685 2989 732 3048 diu
743 2989 843 3051 valuit.
870 3006 927 3049 non
940 2987 1060 3067 Cinnae,
1073 3006 1125 3048 noo

102 3069 229 3131 ⁶Sullae
250 3070 338 3150 longa
362 3072 532 3144 dominatio;
558 3083 586 3133 et
607 3073 726 3152 Pompei
748 3071 905 3151 Crassique
927 3073 1056 3152 potentia
1072 3075 1124 3134 5115
1212 3071 1213 3144 i

130 3156 159 3214 15
178 3153 346 3232 Caesarem,
365 3155 466 3236 Lepidi
482 3165 567 3236 atque
585 3157 701 3218 Antonii
718 3175 796 3218 arma
812 3159 840 3217 in
855 3157 1015 3236 Augustum
1032 3175 1124 3218 cesse·
1212 3157 1213 3222 3

129 3256 174 3313 ro,
193 3241 241 3317 qui
257 3250 359 3301 cuncta
373 3241 526 3303 discordiis
542 3240 675 3302 civilibus
690 3241 769 3302 fessa
786 3244 900 3302 nomine
924 3242 1061 3322 principis
1076 3243 1123 3301 sub
1212 3257 1213 3324 i

130 3322 279 3400 imperium
294 3326 420 3403 accepit.
450 3325 504 3386 sed
524 3327 634 3387 veteris
655 3326 756 3406 populi
776 3325 898 3386 Romani
918 3343 1060 3404 prospera
1079 3324 1122 3384 vel
1212 3333 1213 3342 ¹

129 3403 253 3468 adversa
274 3407 360 3468 claris
384 3408 574 3487 scriptoribus
601 3419 757 3471 memorata
789 3419 867 3481 sunt;
893 3409 1120 3490 temporibusque
