2568 3870
384 211 489 260 urrant
503 213 554 262 111.
577 213 653 263 car.
669 213 790 267 ar—ea
1026 207 1084 266 itti

83 373 142 433 albi
159 370 281 431 salutem
296 369 543 448 *securitatemque
560 367 663 430 ltaliae
678 369 760 430 cordi
776 369 883 441 irrisam
907 372 967 432 suis
980 370 1084 432 exhor-

84 451 244 516 tationibus
258 449 607 532 asittnnfflapnninrque‚
628 452 834 515 validissimam
854 463 995 516 tamarum
1020 475 1086 535 par·

83 549 154 614 tem,
170 536 207 598 ad
222 535 612 616 Vespasiammrcomensas.
642 536 695 597 sed
709 537 854 600 cecidisse
870 541 899 599 in
913 539 1026 600 inritum
1043 539 1083 599 la·

83 623 191 696 bores,
208 622 233 681 si
245 620 586 700 praeraiapariculonom
600 620 657 682 soli
671 619 866 701 adaequantur
879 622 929 702 qni
938 622 1087 702 periculis

82 723 143 766 non
157 704 309 766 abcedat
327 719 386 764 ,neo
396 703 536 765 lelsliere
551 722 586 766 ea
600 705 776 777 Mucianam
788 705 1119 784 mdegratessirunl-oc

82 798 177 865 tates,
196 804 270 868 quas
284 785 429 850 Antonias
441 787 619 868 simplicius,
642 787 793 851 licaiacus
809 789 914 851 callide
929 807 1025 870 eoque
1043 791 1083 849 in·

80 871 254 954 placabilius
268 871 422 932 nutriebat.
671 905 674 910 ·
900 945 901 949 Ἰ

146 956 196 1017 54.
219 954 260 1015 At
278 955 416 1016 Vitellius
434 955 538 1016 fractis
558 955 634 1035 apud
656 955 828 1020 cremonam
855 957 944 1020 rebus
968 960 1084 1019 nuntios

82 1039 176 1101 cladis
198 1038 349 1100 occultans
372 1038 458 1098 stulte
478 1037 706 1101 dissimulatione
726 1042 858 1102 remedic-
878 1044 976 1121 petias
992 1042 1082 1102 naalo-

8 1181 10 1189 ,
82 1139 145 1184 rum
161 1139 246 1201 qaam
265 1122 339 1184 mala
355 1120 517 1183 differebat.
551 1123 661 1204 quippo
679 1125 829 1186 confitenti
850 1126 1082 1203 consultantique

7 1195 14 1222 ²
84 1213 257 1286 supererant
274 1219 347 1284 spes
361 1206 513 1285 viresque:
536 1215 601 1267 cnm
625 1226 643 1267 e
661 1210 810 1268 contraiis
828 1210 905 1270 laeta
921 1211 1016 1270 omnia
1030 1211 1081 1270 iin-
1103 1245 1105 1250 ·

82 1297 179 1369 geret,
195 1288 278 1350 falsis
290 1288 524 1366 ingravescebat.
543 1291 644 1351 mirum
659 1290 735 1371 opud
746 1291 888 1370 ipsurade
898 1293 979 1354 bello
995 1293 1106 1352 silan-s

7 1399 11 1428 a
73 1375 166 1456 ¹tium:
187 1371 325 1452 prohibiti
339 1387 395 1452 per
409 1373 556 1433 ciuitatem
570 1389 740 1452 sermones,
756 1391 852 1454 eoque
868 1375 1034 1454 plurasac,
1057 1377 1082 1435 si

85 1457 200 1531 liceret,
210 1458 443 1534 aeremrrnturt,
454 1458 522 1535 quie
532 1456 713 1533 vetabantur,
724 1459 870 1518 atrociora
879 1459 1082 1536 vulganerant.

83 1557 140 1601 nec
155 1539 388 1600 dueea‘bostium
403 1538 555 1617 saperdae
575 1539 671 1602 ismae
692 1541 828 1619 deerant,
851 1550 955 1621 captos
970 1540 1081 1602 Vitellii

85 1623 291 1702 exploratores
312 1622 600 1704 ciresmdumosque,
618 1632 650 1684 ut
667 1624 777 1686 robora
797 1627 918 1686 victoris
934 1625 1082 1686 exercitus

85 1715 255 1784 noscerent,
272 1706 459 1776 remittend03
479 1723 552 1785 quos
567 1709 659 1768 omnis
675 1707 809 1771 Vitellios
825 1718 942 1770 secreto
958 1725 1079 1788 paroea-
1091 1731 1118 1773 ιο

84 1800 159 1852 tatus
174 1791 297 1851 interilci
313 1791 403 1851 iussit.
430 1790 550 1851 notabili
566 1793 726 1854 constantie
741 1795 872 1853 cantum
882 1792 972 1854 lulius
986 1791 1081 1870 Agre·

84 1876 147 1952 stis,
159 1874 1082 1954 postmultossermonerqnibnrvitellinmadvirtutemirnstra

84 1956 277 2036 accendebat,
294 1957 466 2037 perpulitat·
476 1957 512 2018 ad
527 1959 607 2019 vires
621 1959 745 2020 bostium
757 1961 936 2040 spectandas
948 1975 1082 2040 quaeque

84 2041 160 2120 apud
169 2038 341 2103 Cremonam
352 2049 420 2102 acta
429 2041 528 2102 iorent
541 2043 606 2120 ipae
613 2044 787 2104 mitteretur.
805 2061 864 2105 nac
870 2044 1080 2123 exploratione

85 2124 201 2184 connita
214 2125 318 2186 iallere
332 2123 486 2184 Antonium
501 2127 668 2205 temptavit,
683 2126 736 2187 sed
750 2127 882 2189 mandata
895 2129 1116 2205 imperatoriam
1174 2145 1178 2152 ’

85 2210 357 2286 sunmqneanimum
371 2207 541 2287 professas,
558 2217 587 2268 nt
599 2219 701 2270 anneta
717 2211 828 2271 viseret
839 2211 980 2290 ‘postulaa
1002 2210 1082 2269 missi
1172 2239 1175 2243 ·

84 2292 132 2372 qui
147 2291 379 2372 locum'proelil,
394 2289 556 2352 Cremonae
572 2293 710 2370 imagis,
724 2302 823 2372 captas
834 2293 1090 2371 legiones-osten·¹

85 2378 195 2436 derant.
238 2375 374 2454 Agrestis
396 2375 432 2436 ad
452 2375 600 2438 Vitellium
623 2377 764 2444 remeavit
792 2374 986 2455 abnuentique
1009 2393 1082 2435 vana

85 2475 153 2519 esse
167 2475 242 2536 quae
263 2459 393 2520 adierrct
411 2466 499 2538 etque
520 2458 596 2518 ultro
620 2467 786 2537 corruptum
804 2461 936 2536 arguenti
951 2458 1082 2538 ‘qnando

85 2541 210 2622 quidem’
232 2543 323 2622 inquit
342 2545 461 2620 ‘magno
483 2541 657 2603 documento
679 2558 753 2621 opus
774 2549 832 2620 est,
856 2559 912 2603 nec
932 2543 1006 2604 alius
1024 2542 1118 2604 ismae

83 2623 134 2686 tibi
149 2635 198 2687 aut
210 2629 289 2688 ritae
303 2634 353 2687 aut
366 2627 467 2686 mortis
481 2643 564 2685 meae
579 2643 665 2702 usus,
681 2625 757 2686 dabo
770 2627 820 2686 ‘cui
835 2626 963 2686 credas.’
994 2635 1080 2705 atque

84 2711 122 2770 ita
143 2710 295 2787 digressus
313 2709 477 2771 voluntaria
497 2718 589 2769 morte
611 2708 688 2770 dicte
706 2709 838 2771 iirmsvit.
871 2709 985 2789 quidam
1001 2710 1083 2770 iussu

84 2792 195 2854 Vitellii
207 2793 406 2874 interiectum,
421 2793 457 2853 de
473 2792 530 2854 ilde
545 2794 764 2871 constantiaque
780 2793 883 2853 eedem
896 2792 1052 2854 tradidere.
1132 2849 1138 2862 ,

146 2879 197 2942 55.
219 2869 364 2955 Vitellios,
379 2885 410 2936 nt
425 2895 443 2937 e
458 2891 559 2937 somno
577 2877 709 2952 meiana,
726 2874 827 2936 Iulium
838 2875 970 2938 Priscum
984 2884 1015 2937 et
1027 2876 1080 2938 Al·

83 2964 180 3022 lenum
200 2963 307 3022 Varum
330 2975 395 3022 cam
418 2960 649 3039 qaaauordeoins
667 2960 821 3039 praetoriis
851 2959 1020 3021 cohortibus
1050 2970 1081 3020 et

84 3041 216 3104 omnibus
237 3045 363 3123 equitm
384 3044 438 3104 alis
458 3043 594 3105 obsidere
607 3043 811 3123 Appenninum
830 3043 923 3114 iubet;
944 3053 1046 3104 secuta
1061 3063 1082 3104 e

85 3127 218 3188 classicis
237 3127 327 3204 legio.
355 3135 399 3187 tot
418 3127 495 3188 milla
508 3133 697 3201 amasiorum,
713 3127 790 3189 lecta
802 3128 885 3206 equis
895 3129 1040 3205 vinisque,
1054 3130 1078 3187 si

85 3211 143 3272 dux
156 3209 230 3270 alias
240 3210 332 3286 foret,
345 3209 497 3270 inferendo
509 3226 626 3290 quom
642 3209 722 3270 bello
735 3212 806 3270 satia
818 3209 979 3290 pollebant.
1000 3219 1102 3270 cete-a

84 3311 135 3356 nae
151 3294 288 3355 cobortes
303 3292 486 3354 adtuendam
501 3293 602 3354 arbem
615 3293 645 3356 b.
660 3293 784 3355 llitellio
798 3293 878 3354 iratri
891 3294 989 3355 datae:
1013 3293 1081 3372 ipse

84 3377 155 3440 nibil
172 3377 292 3440 esoiito
308 3378 376 3438 luxu
396 3373 545 3437 remittens
559 3385 588 3437 et
604 3376 762 3438 diibdentia
778 3393 923 3457 properus
939 3376 1079 3438 festinare

34 3506 40 3524 ι
84 3463 211 3544 comitia,
230 3461 335 3543 quibus
352 3460 487 3538 consules
501 3461 529 3520 in
543 3461 752 3522 multoaeauoa
766 3459 940 3604 destginpbsm
957 3457 1079 3519 foedera
