2536 3870
205 122 265 186 164
433 133 597 184 cornuum
612 133 731 184 rucrrr
746 135 988 186 maronianum

180 293 263 370 nnis,
282 289 442 352 caedem
416 306 478 348 erus
493 291 661 359 maturavit;
680 273 854 366 Herennium
870 301 899 352 et
916 291 1076 356 Numisium
1092 295 1248 373 legatos

202 374 305 434 vinciri
322 373 393 434 satis
409 373 508 434 visum.
544 372 612 434 dein
636 376 758 452 sumptis
774 375 923 436 Romani
915 379 1027 455 imperii
1045 379 1248 458 insignibus

201 460 231 518 in
246 467 341 520 castra
356 457 444 516 venit.
478 474 534 517 nec
548 457 590 518 illi
599 475 795 538 ,quamquam
813 457 849 518 ad
863 475 949 520 omne
962 461 1076 521 lacinus
1093 462 1248 540 durato,

117 555 124 568 ·
203 542 292 604 verba
314 541 388 602 ultra
397 503 639 639 suppeditavere
652 559 752 642 quam,
767 550 797 602 ut
822 553 1032 604 sacramentum
1052 547 1216 608 recitaret:

202 629 337 689 iuravere
356 625 405 704 qui
429 625 550 686 aderant
572 640 626 704 pro
650 625 773 704 imperio
791 623 956 686 Galliarum.
987 627 1248 690 interfectorem

170 709 334 774 reVoculae
349 709 415 770 altis
433 708 599 786 ordinibus,
624 718 756 785 ceteros,
779 717 810 768 nt
828 709 950 788 quisque
965 709 1108 787 flagitium
1122 731 1248 778 nava

202 803 299 871 verat,
335 810 452 856 racmns
466 792 581 854 attollit.
1247 763 1248 854 l

264 876 383 937 Divisae
403 877 470 938 inde
496 877 570 936 inter
592 877 728 939 Tutorem
752 885 781 936 et
802 874 963 936 Classicum
986 895 1084 938 curae.
1120 877 1220 940 Tutor

201 960 296 1022 valida
318 977 402 1020 manu
419 959 613 1021 circumdatos
613 960 864 1060 Agrippinenses
879 968 1073 1040 quantumque
1088 961 1219 1022 militum

203 1044 278 1124 apnd
293 1045 474 1122 superiorem
487 1043 620 1104 Rheni
596 1062 688 1122 ripam
709 1045 738 1102 in
754 1041 856 1106 eadem
870 1041 961 1106 verba
975 1043 1082 1122 adigit,
1101 1048 1218 1107 occisis

168 1151 192 1191 rs
204 1127 383 1206 Mogontiaci
398 1117 528 1206 tribunis‘,
544 1127 629 1205 pulso
646 1135 808 1188 castrorum
823 1127 987 1206 praelecto,
1004 1145 1054 1205 qur
1045 1126 1214 1192 detracta·

202 1218 319 1272 verant:
346 1209 494 1273 Classicus
510 1211 757 1291 corruptissimum
772 1228 914 1310 quemque
928 1229 946 1270 e
959 1209 1064 1272 deditis
1077 1230 1214 1292 pergere

202 1296 238 1356 ad
254 1295 394 1356 obsessos
410 1293 507 1370 iubet,
531 1297 643 1356 veniam
659 1303 856 1372 ostentantes,
871 1295 895 1354 si
914 1296 1084 1373 praesentia
1103 1314 1207 1376 seque-

202 1389 318 1442 rentur:
340 1378 423 1441 aliter
438 1379 507 1439 nibil
523 1381 602 1458 spei,
616 1380 719 1441 famem
734 1378 900 1457 ferrumque
916 1387 946 1437 et
960 1388 1091 1440 extrema
1111 1398 1210 1460 passu·

202 1483 261 1525 ros.
293 1463 429 1524 adiecere
446 1465 493 1541 qui
509 1465 589 1524 missi
605 1473 687 1523 erant
705 1462 869 1541 exemplum
890 1480 981 1520 snum.

267 1548 317 1609 60.
339 1545 488 1606 Obsessos
518 1546 585 1607 hinc
611 1547 700 1622 lides,
730 1545 795 1606 inde
819 1553 938 1624 egestas
958 1547 1033 1605 inter
1057 1545 1154 1606 decus
1182 1566 1212 1607 ac

203 1632 341 1709 flagitium
368 1629 574 1690 distrahebant.
615 1629 815 1692 cunctantibus
839 1629 925 1690 solita
953 1628 1134 1708 insolitaque
1163 1631 1212 1692 ali-

202 1723 296 1776 menta
318 1713 455 1791 deerant,
477 1713 635 1793 absumptis
655 1713 788 1773 iumentis
813 1714 954 1792 equisque
977 1721 1006 1772 et
1026 1715 1136 1773 ceteris
1154 1717 1213 1775 ani·

202 1797 342 1872 malibus,
364 1813 439 1873 quae
461 1797 583 1875 prolana
605 1796 752 1876 foedaque
772 1797 801 1857 in
823 1814 905 1856 usum
926 1796 1088 1857 necessitas
1112 1800 1214 1858 vertit.

181 1879 330 1957 rvirgulta
342 1888 491 1958 postremo
505 1888 534 1940 et
546 1882 654 1959 stirpes
668 1889 698 1940 et
708 1881 864 1940 internatas
880 1880 959 1940 saxis
974 1878 1081 1940 herbas
1095 1880 1213 1942 vellen·

203 1974 248 2025 tes
262 1963 441 2024 miseriarum
457 1965 672 2043 patientiaeque
688 1963 889 2024 documentum
903 1963 997 2041 inere,
1011 1963 1108 2024 donec
1124 1983 1213 2042 egre·

204 2050 281 2127 giam
299 2048 411 2108 laudem
427 2048 484 2108 line
500 2048 578 2126 turpi
593 2046 786 2126 macularent,
801 2047 898 2107 missis
913 2046 949 2107 ad
966 2046 1088 2107 Civilem
1104 2047 1214 2126 legatis

203 2136 290 2194 vitam
315 2140 442 2192 orantes.
470 2139 653 2210 nequeunte
677 2148 784 2210 preces
805 2129 948 2191 admissae
970 2147 1055 2209 quam
1073 2131 1102 2190 in
1119 2133 1214 2193 verba

205 2217 359 2280 Galliarum
371 2218 514 2276 iumrent:
533 2223 590 2275 tum
606 2223 708 2294 pactus
720 2214 857 2294 praedam
871 2223 1033 2276 castrorum
1047 2214 1097 2275 dat
1114 2225 1212 2277 custo·

171 2303 275 2380 redes,
299 2301 347 2380 qui
372 2301 522 2378 pecuniam
542 2299 663 2360 calones
684 2299 814 2359 sarcinas
832 2306 1009 2359 retentarent
1025 2307 1113 2377 atque
1129 2301 1212 2378 ipsos

204 2387 287 2446 leves
311 2385 450 2444 abeuntes
477 2392 734 2462 prosequerentur.
779 2382 816 2443 ad
842 2382 969 2461 quintum
995 2380 1059 2443 iere
1076 2381 1212 2462 ,lapidem

206 2470 312 2531 coorti.
325 2467 459 2530 Germani
480 2469 623 2550 incautum
650 2485 754 2544 agmen
777 2465 993 2544 adgrediuntur.
1029 2469 1211 2544 pugnacissi-

204 2573 266 2614 mus
287 2553 410 2632 quisque
432 2553 461 2610 in
479 2551 620 2628 vestigio,
642 2550 722 2611 multi
749 2550 881 2630 palantes
906 2550 1105 2611 occubuerez.
1121 2553 1212 2612 ceteri

205 2647 286 2698 retro
297 2639 327 2697 in
339 2644 434 2697 castra
446 2633 630 2715 perfugiunt,
645 2638 869 2714 querente‘sane
886 2632 979 2694 Civile
996 2643 1026 2694 et
1040 2635 1211 2716 increpante

174 2740 199 2780 ιι
207 2720 368 2783 Germanos
383 2728 527 2798 tamquam
542 2717 627 2778 fidem
642 2735 696 2798 per
715 2719 812 2778 scelus
829 2717 1043 2797 abrumperent.
1077 2719 1211 2780 simulata

208 2823 246 2866 ea.
263 2805 369 2865 luerint
391 2813 427 2865 an
447 2803 575 2864 retinere
589 2805 753 2864 saevientes
768 2803 948 2881 neqniverit,
965 2819 1065 2882 parum
1080 2803 1210 2864 adllrma·

206 2899 262 2949 tur.
299 2888 421 2967 direptis
443 2888 547 2950 castris
567 2887 649 2949 iaces
669 2885 803 2962 iniciunt,
828 2894 1008 2965 cunctosque
1031 2887 1079 2965 qui
1096 2888 1209 2967 proelio

98 3047 99 3050 Ἴ
142 3027 144 3031 r
208 2973 412 3052 superfuerant
426 2971 589 3032 incendium
607 2971 710 3032 bausit.

273 3057 323 3118 61.
348 3054 448 3116 civilis
464 3054 589 3118 barbaro
605 3064 676 3116 reto
697 3064 765 3135 post
781 3063 887 3136 coepta
904 3055 1045 3116 adversus
1062 3055 1209 3116 Romanos

208 3157 287 3202 arma
308 3157 471 3220 propexum
493 3137 696 3218 rutilatumque
718 3139 826 3200 crinem
851 3147 963 3217 patrata
985 3139 1098 3199 demum
1121 3140 1209 3201 caede

208 3225 355 3301 legionum
372 3225 523 3302 deposuit;
541 3230 571 3283 et
587 3223 736 3283 lerebatur
751 3221 873 3301 parvulo
889 3222 948 3283 lilio
964 3222 1105 3300 quosdam
1122 3228 1208 3304 capti·

210 3325 311 3368 vorum
327 3308 441 3384 sagittis
456 3306 615 3385 iaculisque
630 3306 791 3385 puerilibus
807 3307 940 3384 figendos
956 3305 1108 3367 obtulisse.
1133 3318 1207 3368 cete·

187 3407 271 3450 ιιιιιιι
285 3408 379 3470 neque
394 3408 428 3450 se
444 3407 540 3468 neque
558 3407 730 3468 quemquam
747 3389 886 3452 Rataum
904 3391 932 3451 iu
944 3387 1039 3451 ¹verba
1056 3389 1207 3453 Galliarum
