2568 3870
434 228 540 275 utana
555 228 590 273 ιι.
607 226 683 273 cna.
698 223 835 280 97-101.
1086 219 1127 284 89

120 386 206 446 misit.
236 401 304 446 mox
318 385 426 446 vexilla
439 385 568 463 primae,
585 392 715 464 quartae,
729 384 997 465 quintaedecumae,
1012 397 1126 450 scame-

120 470 260 530 decumae
283 469 447 548 legionum,
469 467 536 528 dein
557 469 655 547 quinta
673 476 704 528 et
722 467 967 530 duoetvicensima
989 481 1125 543 secutae;

5 571 7 578 ι
119 562 270 637 postremo
291 555 406 631 agmine
428 553 673 614 unaetvicensima
688 552 792 632 Rapax
814 561 844 612 et
864 551 955 632 prima
969 553 1070 617 Italica
1084 559 1143 618 ine

4 677 6 706 ς
121 641 241 699 cessere
257 655 321 698 cnm
337 636 498 698 vexillariis
515 637 598 696 trium
609 635 837 697 Britannicarum
857 635 1006 714 legionum
1021 648 1051 700 et
1066 640 1125 700 ele·

4 759 6 798 p
121 725 176 783 ctis
197 721 322 780 auxiliis.
355 721 489 800 proiecto
506 718 632 781 Caecina
649 721 768 800 scripsit
786 717 1025 784 Fabiusvalens
1040 741 1125 785 exer·

4 843 6 870 r
119 807 203 881 citui,
225 795 311 884 quiem
330 805 397 883 ipse
420 804 604 882 ductaverat,
628 813 658 864 ut
678 806 708 865 in
727 805 831 866 itinere
856 807 1058 885 opperiretur;
1082 810 1126 870 sio

4 879 5 970 f
117 889 174 950 sibi
196 906 259 948 curn
281 887 409 950 Gaeciira
434 888 624 949 convenisse:
651 889 699 968 qui
719 906 862 967 praesens
883 906 979 968 euque
1001 891 1126 953 validior
1205 955 1209 968 p

116 975 292 1033 immutatum
312 973 341 1032 id
362 972 514 1033 consilium
535 970 632 1050 linxit,
656 981 685 1032 ut
705 973 850 1050 ingruenti
869 972 948 1034 bello
972 983 1032 1036 tota
1046 976 1159 1037 molen

3 1065 4 1088 ³
119 1065 335 1118 occurreretur.
365 1058 404 1117 ita
425 1050 597 1116 adcelerare
617 1055 752 1133 legiones
768 1054 956 1135 Cremonam,
981 1077 1048 1138 pars
1066 1060 1125 1121 llo·

3 1209 4 1212 Ἴ
118 1140 348 1220 otiliam-petere
373 1143 487 1200 iussae:
515 1141 579 1219 ipse
601 1139 768 1202 Ravennam
799 1141 939 1220 devertit,
970 1152 1125 1221 praetexto

118 1225 243 1286 classem
259 1223 448 1303 adloquendi3
465 1223 642 1285 moxl'atavi
660 1233 804 1286 secretum
822 1227 1042 1306 componendae
1057 1244 1124 1309 pro·

2 1318 3 1362 Τ
117 1309 219 1370 ditioni
252 1309 420 1388 quaesitum.
450 1326 573 1388 namque
593 1306 721 1368 Lucilius
741 1307 849 1370 Bassus
870 1319 938 1389 post
958 1312 1124 1390 praefectu-

2 1420 3 1440 ι
117 1411 179 1453 ram
201 1392 266 1454 alae
285 1393 446 1454 Ravennati
464 1391 552 1452 simul
568 1409 605 1452 ac
625 1391 784 1454 lliseuonsi
804 1391 948 1455 classibus
971 1394 1160 1457 aVitelliom

2 1507 3 1538 2
119 1478 315 1556 praepositus,
335 1477 412 1555 quod
428 1493 486 1537 non
503 1478 598 1536 statim
616 1477 829 1556 praefecturam
845 1479 984 1556 praetorii
1001 1479 1124 1557 adeptus

1 1627 2 1642 ἶ
116 1563 211 1639 foret,
238 1562 362 1640 iniquam
387 1560 562 1622 iracundiam
586 1560 731 1638 flagitiosa
763 1559 886 1640 pertidia
915 1561 1122 1625 ulciscebatur.

118 1663 174 1706 aec
190 1645 258 1704 sciri
272 1653 370 1724 potest
384 1646 543 1706 traxeritne
559 1643 731 1721 Caecinam,
753 1663 806 1723 au,
824 1645 907 1726 quod
929 1648 1027 1712 evenit
1048 1649 1126 1708 inter

1 1711 2 1793 ᾗ
75 1791 79 1803 ,
117 1728 210 1790 malos
226 1729 269 1808 {ut
283 1738 313 1789 et
327 1729 437 1789 similes
454 1729 534 1808 sinti,
552 1728 653 1789 eadem
668 1729 736 1790 illos
751 1729 881 1809 pravitas
896 1729 1044 1810 inpulerit.

182 1811 252 1874 101.
283 1812 451 1892 Scriptores
473 1821 650 1891 temporum,
676 1815 724 1892 qui
751 1815 882 1892 potiente
905 1831 1001 1874 rerum
1022 1814 1123 1877 lilaria

117 1901 203 1961 domo
223 1897 398 1958 monimenta
420 1895 490 1958 belli
512 1894 632 1957 huiusce
655 1906 898 1978 composuerunt,
922 1915 1019 1960 curam
1039 1901 1123 1979 pacis

1 2001 3 2049 l
117 1992 147 2043 ct
168 1999 297 2042 amorem
318 1981 361 2040 rei
382 1979 532 2060 publicae,
561 1989 714 2060 corruptas
740 1983 769 2042 in
791 1981 985 2060 adulationem
1007 2001 1123 2060 causas,
1234 2033 1237 2042 ,

117 2065 277 2127 tradidere:
290 2063 375 2124 nobis
391 2081 481 2144 super
494 2065 606 2126 insitam
623 2064 769 2126 levitatem
790 2075 819 2126 et
841 2065 956 2145 prodito
974 2066 1066 2128 Galba
1081 2070 1122 2127 vi·

116 2150 175 2209 lem
192 2166 261 2209 mox
276 2147 361 2208 fldem
372 2147 563 2210 aemulatione
579 2150 666 2209 etiam
679 2149 854 2229 invidiaque,
870 2166 907 2209 ne
923 2147 959 2209 ab
970 2149 1034 2210 aliis
1047 2150 1146 2229 apuda

118 2230 467 2310 Vitelliumanteirentur,
481 2232 1035 2312 pervertisseipsiVitelliumvidentnr.
1053 2235 1126 2298 Gae-

118 2315 1129 2397 cinalegionssadsecutuscenturionummilitumqueanimosobstina-

1 2463 2 2466 ,
119 2407 167 2457 tos
178 2396 576 2474 prol'itelliovariisantibus
590 2400 763 2460 subruebat:
778 2398 871 2460 Basso
879 2402 980 2462 cadem
993 2403 1125 2464 molienti

120 2481 213 2539 minor
228 2477 380 2542 diilioultas
400 2490 476 2560 erat,
498 2480 611 2559 lubrica
634 2483 670 2544 ad
694 2483 855 2546 mutandam
871 2483 956 2548 ntem
971 2487 1068 2550 classe
1085 2488 1124 2550 ob

118 2565 286 2624 memoriam
300 2566 427 2627 recentia
438 2583 496 2647 pro
511 2565 626 2627 Othone
640 2567 768 2628 militiae.
1136 2579 1162 2625 ιο

503 2875 729 2888 Μαι-ουν,
