2540 3874
400 187 826 244 nunnnw.cu1².³n-3o.
892 240 894 244 ,
1048 179 1151 242 1291

109 359 183 422 quos
195 339 246 402 lex
257 340 414 401 maiestatis
425 341 622 420 amplectitur:
637 343 753 404 Brutum
763 352 792 405 et
805 320 934 406 Gessium
945 343 1147 407 laudavissent

6 451 7 456 ¹
108 427 201 503 dicor,
219 441 340 504 qnorum
360 442 409 484 res
428 434 530 502 gestas
552 444 616 486 oum
636 427 749 506 plurimi
772 430 1003 508 imposuerint,
1023 446 1108 489 nemo

107 512 171 570 sine
191 508 303 569 honore
325 511 504 568 memoravit.
535 501 616 571 l'ilus
638 510 752 589 Livius,
779 510 963 590 eloquentius
985 531 1020 573 ac
1042 512 1109 572 lidei

107 591 279 672 praeclarus
294 593 323 652 iu
337 592 452 672 primis,
472 591 524 653 Cu.
541 593 709 675 Pompeium
724 596 810 656 tantis
829 595 961 657 laudibus
977 597 1055 673 tulit,
1079 605 1110 654 ut

106 675 314 755 Pompeianum
343 693 407 736 eum
428 675 577 752 Augustus
605 678 781 757 appellaret;
803 696 899 758 neque
918 678 947 740 id
967 679 1116 741 amicitiae

107 777 208 821 eorum
231 759 338 821 offecit.
368 759 554 838 Scipionem,
577 762 744 838 Afranium,
765 761 841 822 hunc
856 765 950 842 ipsum
966 760 1107 839 Cassium,
1119 779 1146 820 ts

105 844 184 904 bunc
203 843 323 904 Brutum
342 861 481 922 nusquam
496 843 626 906 latrones
646 855 675 905 et
691 845 859 924 parricidas,
877 864 952 925 quae
966 864 1042 907 nunc
1057 864 1108 906 vo·

102 927 213 988 cabula
233 929 421 1007 inponuntur,
444 945 534 1006 saepe
554 937 585 988 ut
607 931 729 1007 insignis
748 930 829 989 viros
849 932 984 992 nominat.
1015 930 1110 990 Asinii

77 1016 83 1024 '
104 1011 248 1072 Bollionis
263 1012 372 1090 scripta
383 1012 533 1088 egregiam
545 1013 701 1072 eorundem
712 1013 875 1073 memoriam
888 1013 1014 1084 traduut;
1032 1013 1109 1075 bles·
1144 1011 1146 1016 ’

8 1123 13 1146 ·
106 1095 181 1155 salla
203 1092 348 1154 Corvinus
369 1095 573 1173 imperatorem
596 1115 677 1158 suum
699 1096 829 1159 cassium
851 1097 1053 1176 praedicabat:
1080 1107 1110 1157 et

104 1187 230 1258 uterque
243 1177 348 1257 opibus
363 1186 450 1256 atque
463 1178 624 1240 honoribus
639 1183 824 1261 perviguere.
850 1181 940 1242 blanci
955 1180 1142 1243 ciceronisso

5 1253 7 1292 ³
104 1261 194 1340 libro,
211 1277 268 1341 quo
285 1260 425 1323 Catonem
443 1262 526 1323 caelo
541 1267 692 1343 aequavit,
714 1264 782 1345 quid
804 1265 881 1326 aliud
896 1265 1020 1326 dictator
1035 1263 1107 1326 (lae-

9 1332 15 1365 ³
106 1364 155 1407 sar
179 1363 263 1425 quam
283 1347 427 1425 rescripta
447 1347 595 1432 oratione,
611 1347 690 1408 velut
705 1348 780 1428 apud
794 1349 922 1427 iudices,
937 1345 1109 1429 respondit?

106 1430 226 1490 Antonii
242 1428 401 1507 epistulae,
421 1429 501 1489 Bruti
516 1431 667 1492 contiones
681 1431 755 1492 falsa
771 1431 885 1511 quidem
903 1433 932 1492 in
945 1432 1109 1510 Augustum

106 1513 233 1594 probra,
257 1520 304 1572 set
326 1511 415 1574 multa
437 1530 500 1573 eum
516 1513 677 1576 acerbitate
697 1514 818 1584 babent;
836 1516 961 1582 carmina
976 1513 1107 1575 Bibaculi

106 1606 138 1658 et
157 1595 263 1657 Catulli
285 1597 396 1657 relertn
417 1597 598 1658 contumeliis
618 1596 774 1660 Caesarum
791 1599 940 1676 leguntur:
967 1598 1145 1678 sedipseto

105 1681 191 1741 diuus
204 1679 308 1758 lulius,
329 1680 394 1758 ipse
410 1680 492 1741 diuus
506 1680 655 1758 Augustus
670 1690 698 1741 et
716 1682 808 1742 tulere
830 1683 884 1743 istn
900 1691 929 1742 et
950 1682 1107 1762 reliquere,

104 1763 182 1825 haud
202 1764 290 1825 facile
311 1763 446 1842 dixerim,
469 1765 669 1826 moderatione
689 1765 782 1843 magis
798 1783 834 1828 au
855 1766 1006 1846 sapientia.
1031 1781 1107 1824 nam-

105 1866 165 1928 que
180 1857 279 1928 spreta
297 1847 524 1909 exolescuntz'si
538 1849 676 1926 irascare,
692 1848 809 1926 adgnita
824 1849 995 1910 videntun'.

167 1933 218 1994 35.
241 1931 320 1996 ‘Non
344 1931 454 2008 attingo
476 1931 623 2011 Graecos,
650 1950 771 2012 quorum
791 1950 849 1993 nou
869 1933 954 1994 modo
978 1932 1107 2010 libertas,

106 2017 193 2078 etiam
208 2015 296 2077 libido
316 2015 468 2094 impunita,
491 2024 539 2076 aut
558 2016 662 2096 siquis
683 2016 819 2095 advertit,
843 2015 927 2078 dictis
942 2017 1018 2078 dicta
1032 2016 1107 2077 ultus

5 2085 7 2176 f
105 2108 161 2162 est.
182 2100 235 2160 sed
249 2100 371 2160 maxime
387 2091 511 2158 solutum
527 2108 556 2159 et
573 2101 636 2160 sine
652 2099 851 2162 obtrectatore
864 2100 916 2161 luit
927 2100 1054 2180 prodere
1071 2099 1107 2159 de

105 2185 153 2260 iis,
172 2201 247 2262 quos
261 2200 339 2244 mors
355 2180 422 2242 odio
439 2191 485 2242 aut
501 2185 613 2261 gratiae
630 2185 796 2245 exemisset.
828 2202 894 2244 num
906 2184 981 2244 enim
992 2185 1107 2244 armatis

5 2305 10 2314 -
106 2265 211 2328 Cassio
233 2275 263 2327 et
281 2267 370 2327 Bruto
391 2284 427 2326 ac
447 2265 651 2346 Philippenses
674 2284 793 2348 campos
819 2265 1017 2346 optinentibus
1037 2266 1134 2326 bellis

106 2349 305 2412 civiliseausa
321 2349 458 2430 populum
474 2368 527 2429 per
545 2352 695 2412 contiones
711 2347 855 2412 incendo?
875 2369 911 2411 nn
931 2349 973 2410 illi
994 2349 1108 2428 quidem

106 2435 372 2516 septuagensimum
391 2443 456 2494 ante
480 2451 580 2495 annum
603 2437 741 2515 peremti,
762 2451 819 2514 quo
835 2433 922 2495 modo
938 2433 1109 2510 imaginibus

106 2519 167 2581 suis
189 2527 363 2596 noscuntur,
385 2535 456 2597 quas
477 2536 513 2578 ne
534 2521 628 2579 victor
641 2520 755 2600 quidem
771 2518 914 2596 abolevit,
937 2518 980 2578 sic
998 2527 1108 2596 partem

104 2595 264 2664 memoriae
279 2600 355 2680 apud
367 2602 527 2681 scriptores
539 2601 686 2664 retinenti
701 2621 781 2665 suum
793 2603 897 2682 cuique
907 2601 997 2662 decus
1010 2611 1106 2680 poste·

104 2688 177 2748 ritas
188 2685 337 2766 rependit;
355 2702 411 2744 nec
422 2684 553 2766 deerunt,
569 2689 593 2747 si
606 2687 746 2750 damnatio
758 2687 875 2765 ingruit,
890 2686 938 2766 qul
950 2702 1007 2745 non
1018 2685 1105 2746 modo
1117 2704 1142 2746 m

105 2768 201 2832 Cassii
225 2779 265 2830 et.
283 2769 364 2830 Bruti
392 2777 438 2829 set
461 2771 546 2831 etiam
571 2772 628 2831 mei
646 2773 848 2833 meminerint?
880 2787 1017 2848 egressus
1040 2770 1107 2830 dein

104 2862 210 2916 senatu
231 2855 317 2916 sitam
342 2851 514 2914 abstinentia
536 2855 634 2915 linivit.
663 2854 755 2916 libros
775 2872 829 2935 per
846 2852 957 2914 aediles
978 2871 1105 2914 creman-

103 2939 161 2999 dos
187 2956 328 2998 censuere
350 2946 463 3016 patres:
487 2947 531 2998 set
551 2937 867 3016 manseruntoccultati
889 2945 918 2998 et
942 2937 1028 2999 editi(
1049 2954 1106 3019 quo

5 3033 7 3046 ’
101 3022 201 3100 magis
216 3022 380 3084 socordiam
397 3037 496 3082 eorum
511 3021 636 3084 inridere
650 3023 732 3101 libet,
748 3023 795 3101 qui
814 3022 961 3101 praesenti
976 3022 1107 3102 potentia

102 3105 228 3170 creduut
242 3106 374 3184 extingui
391 3122 481 3184 posse
494 3107 578 3166 etiam
595 3108 743 3187 sequentis
757 3107 821 3167 aevi
836 3107 1011 3167 memoriam.
1040 3123 1105 3167 nam
1115 3123 1143 3164 rs

104 3198 210 3252 contra
226 3188 332 3270 punitis
350 3189 474 3266 ingeniis
488 3189 586 3268 gliscit
601 3191 775 3268 auctoritas,
789 3207 885 3269 neque
903 3190 979 3251 aliud
994 3190 1107 3250 externi

101 3292 197 3352 reges
212 3281 260 3335 aut
274 3276 322 3354 qui
339 3272 439 3333 eadem
457 3274 577 3337 saevitia
597 3276 641 3336 usi
663 3283 743 3353 sunt,
765 3274 820 3334 nisi
842 3272 969 3334 dedecus
989 3272 1045 3332 sibi
1063 3280 1105 3332 nt-

104 3377 165 3438 que
181 3357 239 3418 illis
252 3358 376 3436 gloriam
391 3375 545 3438 peperere.

172 3439 380 3504 accelerem
403 3441 583 3521 postulandis
606 3441 665 3501 ucis
686 3450 742 3502 tam
765 3440 916 3503 continuus
938 3453 1028 3498 annus
1045 3434 1108 3513 fuit,

151 3545 240 3584 ramur
254 3543 324 3586 rans
340 3547 359 3587 1.
927 3523 947 3580 B
