2536 3870
439 197 544 246 nibus
558 197 605 242 rv.
627 195 704 244 cnr.
721 154 840 246 14:17.
1079 183 1137 243 141

135 357 203 418 dein
222 371 316 432 vagos
339 361 368 412 et
388 351 469 430 pacis
490 351 576 412 modo
593 352 702 413 effusos
716 353 790 414 lixas
809 354 1069 431 negotiatoresque
1082 353 1141 414 llo·

135 457 238 501 manos
254 437 399 497 invadunt
421 436 504 497 simul
519 435 641 496 excidiis
654 436 841 498 castellorum
852 437 1049 513 imminebant,
1068 455 1143 516 qnae

135 543 152 584 a
169 522 328 603 praelectis
345 519 530 581 cohortium'
522 539 642 581 incensa
660 532 740 598 sunt,
761 524 828 600 quia
843 520 960 582 delendi
976 521 1143 599 nequibant.

135 611 221 686 signa
236 606 405 684 vexillaque
420 613 450 664 et
469 605 548 684 quod
564 605 711 665 militum
702 625 732 666 ru
746 607 931 685 superiorem
948 604 1060 666 insulae
1077 623 1142 685 par-

134 703 193 752 tem
216 697 450 768 congregantur,
477 689 551 749 duce
573 676 691 766 Aquilio
715 690 900 770 primipilari,
922 707 1028 750 nomen
1049 691 1157 767 magis
1154 709 1179 747 ,o

134 777 284 836 exereitus
308 790 392 853 quam
413 772 518 834 robur:
550 774 659 852 quippe
686 773 795 835 viribus
824 775 986 834 cohortium
1010 773 1144 835 abductis

134 859 442 934 Vrtellruseproxrmrs
450 857 912 937 Nerviorumlilermenorumque
924 876 1010 938 pegus
1022 876 1143 936 segnem

134 959 283 1004 numerum
297 942 385 1003 armis
403 951 587 1002 oneraverat.

203 1027 253 1087 16.
278 1024 378 1086 Civilis
403 1024 473 1086 dolo
497 1025 689 1104 grassandum
709 1035 788 1087 ratus
808 1028 950 1087 incusavit
967 1027 1043 1087 ultro
1059 1044 1142 1105 prae·

135 1112 231 1172 lectos
243 1109 319 1189 qnod
333 1110 454 1170 castella
467 1109 681 1172 deseruissent:
699 1127 766 1171 sese
779 1129 843 1171 cum
856 1111 988 1188 cohorte,
1001 1112 1047 1172 eui
1059 1129 1142 1190 prae·

78 1247 83 1253 .
134 1203 214 1269 erat,
239 1191 457 1254 Canninefatem
484 1195 633 1254 tumultum
656 1212 906 1274 compressurum,
928 1194 970 1254 illi
991 1213 1043 1256 sua
1065 1196 1143 1273 quis-

134 1296 193 1358 que
209 1276 331 1338 hiberna
346 1286 525 1356 repeterent.
559 1279 682 1339 subesse
699 1277 828 1340 fraudem
845 1279 969 1339 consilio
986 1288 1015 1338 et
1030 1278 1143 1357 disper-

134 1380 184 1422 sas
207 1361 348 1422 cohortes
366 1361 481 1422 facilius
503 1364 645 1442 opprimi,
674 1379 731 1422 nec
752 1362 926 1422 Brinnonem
951 1361 1054 1423 ducem
1081 1364 1167 1422 eiust
1226 1431 1228 1440 Ι

134 1445 206 1506 belli
223 1445 277 1506 sed
294 1443 417 1506 Civilem
433 1464 500 1506 esse
515 1449 624 1526 patuit,
638 1445 855 1525 erumpentibus
869 1446 1007 1525 paulatim
1018 1447 1142 1520 indiciis,

134 1547 211 1610 quae
224 1529 375 1604 Germani,
392 1529 468 1590 laeta
480 1529 568 1592 bello
583 1548 677 1609 gens,
699 1547 757 1590 non
773 1526 820 1589 diu
835 1531 1065 1591 occultaverant.
1095 1529 1143 1589 ubi

135 1612 256 1674 insidiae
279 1631 379 1693 parum
399 1631 537 1690 cessere,
566 1613 601 1674 ad
623 1615 680 1673 vina
699 1624 901 1692 transgressus
926 1613 1142 1690 Canninefates,

134 1696 264 1773 Frisios,
285 1696 413 1758 Batavos
436 1700 565 1776 propriis
586 1699 687 1758 cuneis
712 1700 875 1777 componit:
907 1699 1027 1760 derecta
1050 1715 1088 1758 ex
1103 1699 1142 1758 di·

135 1798 226 1841 verso
240 1783 320 1842 acies
337 1780 413 1842 haud
434 1782 536 1859 procul
557 1801 573 1842 a
587 1782 702 1842 flumine
717 1782 821 1842 Rheno
845 1791 874 1842 et
891 1781 1027 1842 obversis
1043 1784 1071 1841 in
1091 1783 1142 1842 ho·
1154 1799 1178 1839 ro

133 1875 209 1926 stem
230 1865 373 1942 naribus,
396 1883 468 1944 quas
491 1867 620 1926 incensis
638 1865 767 1927 castellis
785 1866 855 1926 illuc
871 1865 1051 1944 adpulerant.
1087 1880 1142 1928 nec

133 1951 182 2010 diu
205 1958 314 2010 certato
337 1949 518 2026 Tungrorum
543 1950 651 2011 cohors
671 1951 758 2026 signa
784 1950 819 2010 ad
842 1948 964 2010 Civilem
988 1952 1141 2029 transtulit,

134 2032 324 2113 perculsique
340 2033 447 2093 milites
462 2034 611 2112 inprovisa
630 2033 795 2113 proditione
812 2053 829 2094 a
847 2034 936 2094 sociis
951 2034 1141 2115 hostibusque

135 2116 341 2193 caedebantur.
367 2117 469 2178 eadem
483 2119 570 2179 etiam
579 2119 617 2179 'a‘n
633 2118 755 2178 navibus
767 2119 904 2198 pertidia:
917 2136 986 2197 pars
1001 2122 1141 2196 remigum

136 2219 154 2260 e
172 2200 304 2279 Batavis,
327 2210 470 2281 tamquam
492 2203 642 2282 inperitia,
666 2203 763 2264 cilicia
779 2212 927 2264 nautarum
943 2213 1141 2282 propugnato·
1153 2223 1176 2261 rs

133 2303 256 2365 rmnque
277 2285 489 2365 impediebant:
513 2304 581 2347 rnox
603 2297 703 2347 contra
724 2287 844 2348 tendere
868 2295 898 2346 et
913 2303 1026 2366 puppes
1044 2288 1142 2348 hostili

134 2373 218 2449 ripae
233 2369 369 2432 obicere:
405 2370 440 2430 ad
456 2381 633 2450 postremam
652 2371 866 2448 gubernatores
886 2373 1141 2451 centurionesque,

134 2455 191 2514 nisi
214 2454 315 2516 eadem
341 2454 480 2530 volentis,
502 2456 660 2532 trucidant,
682 2456 777 2516 donec
799 2458 935 2515 universa
956 2464 1093 2533 quattuor
1113 2467 1142 2518 et

134 2539 238 2616 viginti
256 2540 369 2599 navium
385 2539 489 2600 elassis
505 2541 703 2617 transfugeret
717 2549 764 2600 aut
779 2548 943 2619 caperetur.

202 2625 250 2682 17.
275 2621 360 2684 Clara
378 2641 412 2682 ea
432 2625 556 2684 victoria
573 2626 602 2684 in
618 2643 775 2703 praesens,
796 2624 988 2705 inposterum
1002 2626 1079 2694 usni;
1097 2644 1140 2685 ar·

133 2725 239 2788 meque
258 2717 288 2768 et
306 2726 413 2783 naves,
436 2707 540 2786 quibus
563 2707 747 2787 indigebant,
764 2708 860 2788 adepti
877 2727 981 2786 magna
1002 2727 1057 2788 per
1071 2710 1141 2772 Ger-

133 2793 244 2854 manias
272 2791 440 2870 Galliasque
468 2792 544 2853 ianua
576 2793 718 2855 libertatis
745 2803 881 2854 auctores
909 2793 1140 2856 celebrabuntur.

135 2877 308 2938 Germaniae
328 2878 421 2937 statim
443 2879 549 2937 misere
574 2877 690 2954 legatos
706 2878 813 2940 auxilia
829 2879 1004 2939 offerentes:
1037 2877 1141 2940 Gallia-

135 2979 197 3021 rum
212 2963 382 3021 societatem
399 2959 502 3022 Civilis
525 2970 586 3022 arte
608 2962 751 3043 donisque
768 2961 949 3039 adfectabat,
969 2973 1072 3042 captos
1091 2975 1162 3024 co·⁵

135 3045 258 3104 hortium
275 3045 446 3122 praelectus
461 3064 529 3106 suas
550 3049 579 3106 in
601 3047 734 3108 civitates
751 3046 941 3120 remittendo,
962 3047 1141 3125 cohortibus,

135 3126 218 3186 abire
238 3145 274 3186 an
288 3146 406 3188 manere
425 3130 560 3207 rualleut,
584 3130 651 3192 data
669 3140 825 3210 potestate.
854 3130 1034 3192 manentibus
1050 3130 1142 3193 bono·

132 3219 199 3271 rata
213 3211 330 3289 militia,
355 3213 584 3290 digredientibus
607 3216 701 3294 spolia
715 3215 910 3276 Romanorum
926 3214 1140 3277 offerebantur:

135 3294 220 3355 simul
237 3298 360 3357 secretis
376 3297 559 3360 sermonibus
574 3299 747 3363 admouebat
761 3299 917 3377 malorum,
943 3316 1018 3377 qnae
1034 3309 1077 3360 tot
1093 3319 1140 3359 an-

134 3381 179 3440 nis
196 3382 332 3462 perpessi
351 3383 486 3444 miseram
502 3387 670 3446 servitutem
691 3385 767 3446 ialso
786 3401 889 3464 pacem
903 3393 1054 3446 vocarent.
1086 3382 1175 3443 Ba·1⁰

134 3476 236 3543 ravos,
256 3484 427 3547 quamquam
440 3467 610 3529 tributorum
626 3480 783 3550 expertes,
799 3487 876 3529 anna
895 3476 994 3527 contra
1014 3482 1140 3544 commu-
