2568 3870
161 173 202 238 86
384 135 932 229 coannn11nscrn1nrsnon1sncu

162 340 283 419 agnina
296 338 461 396 invaserant
474 334 577 396 ὼιοι
597 332 700 394 bortos
723 348 855 410 opesque
876 329 1006 408 imperii,
1032 346 1096 390 curo
1111 329 1163 389 lle·

161 425 229 487 bilis
246 431 276 483 et
292 438 384 499 egens
398 418 536 480 nobilium
549 416 646 494 turba,
667 433 742 497 quoa
763 417 844 494 ipsos
860 413 1031 492 liberosque
1049 415 1163 492 patriae
1262 415 1263 422 ’

162 506 256 569 Galba
276 503 459 578 reddiderat,
491 502 568 562 nulla
592 502 733 582 principis
757 498 957 560 misericordia
985 500 1165 558 iuvarentur.

123 614 152 656 rs
164 600 277 672 gratnm
293 585 468 670 primoribus
484 586 609 648 civitatis
623 587 708 648 etiam
724 583 809 664 plebs
823 581 1009 663 adprobavit,
1027 581 1106 661 quod
1118 601 1165 642 re·

163 677 256 737 versis
279 671 315 734 ab
331 671 420 732 exilio
445 672 507 730 isra
529 669 698 730 libertorum
713 668 926 744 concessisset,
949 685 1123 745 quamquam
1138 667 1167 727 id
1263 659 1264 734 l

163 761 239 821 omui
253 756 340 818 modo
365 754 482 815 servilia
505 754 620 831 ingenia
642 750 882 830 corrumpebant,
903 751 1009 811 abditis
1030 751 1167 828 pecuniis

162 861 217 924 per
232 839 365 903 occultos
383 847 431 900 ant
445 837 614 900 ambitiosos
628 838 722 912 sinus,
745 843 775 895 et
789 833 904 915 quidam
917 837 945 895 in
960 833 1073 896 dosrurn
1090 832 1167 896 Cae·

162 920 963 1070 ''llllill'llili‘dill’ldllllllibili?
973 1002 1156 1064 murriano

161 1094 191 1153 in
207 1090 368 1171 porticibus
384 1098 433 1150 aut
453 1024 582 1170 doddbris
595 1098 626 1149 et
640 1088 712 1149 urbe
732 1097 793 1150 tatu
809 1106 917 1166 vagus,
941 1106 999 1150 uon
1022 1048 1168 1168 priucipid

161 1193 298 1252 noscere,
312 1190 371 1236 noo
385 1189 507 1234 servare
519 1173 646 1251 vigilia&
661 1190 756 1254 usque
771 1171 873 1233 labore
885 1172 1006 1234 lirruari:
1023 1189 1079 1252 per
1094 1173 1153 1234 inle

165 1259 268 1322 oebrss
289 1257 370 1320 urbis
390 1265 422 1318 et
441 1256 592 1318 inhonesta
610 1256 687 1318 diotu
709 1274 818 1337 oorpus
834 1258 913 1333 otio,
933 1258 1055 1334 animum
1071 1255 1160 1317 libidi-

136 1343 246 1406 suibus
258 1341 470 1404 inntnuebant
500 1349 664 1421 postremo,
680 1361 718 1402 ne
734 1342 836 1404 salnbs
852 1341 967 1423 quidem
983 1360 1068 1418 cura,
1093 1340 1158 1401 inia-

160 1429 255 1492 ruibus
275 1427 411 1490 Vaticani
427 1426 504 1488 loeis
521 1445 627 1504 magna
650 1443 718 1504 pars
739 1425 876 1503 totondit,
899 1425 974 1486 uude
997 1425 1121 1486 crebrae
1135 1425 1164 1483 in

160 1514 268 1592 volgus
282 1521 408 1579 nortesr
427 1519 456 1572 ot
466 1509 617 1572 adiacente
629 1509 728 1571 Tiberi
740 1508 946 1572 Germanorum
958 1508 1165 1588 Gallorumque

162 1597 288 1659 obnoxia
309 1595 419 1658 morbis
435 1613 563 1675 corpora
582 1595 708 1656 iluminis
721 1594 843 1658 ariditas
858 1603 888 1654 et
908 1603 1006 1657 aestus
1021 1595 1164 1672 inpatien-

160 1683 201 1742 tia
215 1679 363 1742 labefecit.
396 1680 515 1758 insuper
529 1679 669 1740 confusus
684 1679 826 1758 pravitate
841 1677 889 1738 vel
904 1676 1010 1738 ambitu
1024 1677 1099 1738 ordo
1115 1679 1162 1736 mir

127 1765 258 1828 solitiae:
279 1763 409 1824 sedecim
433 1765 613 1841 praetoriae,
635 1771 770 1843 quattuor
790 1761 917 1824 urbanae
933 1761 1070 1824 cobortes
1093 1762 1165 1822 scri·

161 1847 320 1924 bebaator,
336 1847 400 1924 qrb
414 1847 530 1924 singula
546 1846 623 1908 arilia
638 1849 777 1910 inessent.
807 1847 872 1926 plus
889 1849 918 1906 in
936 1863 972 1907 eo
989 1845 1099 1908 dilectu
1107 1845 1166 1906 Va·
1268 1924 1269 1930 ἵ

161 1931 225 1994 lena
239 1928 379 2008 audebat,
404 1939 546 2010 tamquam
566 1931 659 2010 ipsam
676 1930 830 1994 Caecinam
843 1931 976 2010 periculo
997 1931 1166 1992 exeruisset.

161 2033 231 2076 sane
246 2013 373 2076 adventu
389 2015 452 2076 eius
466 2024 566 2094 partes
580 2016 806 2093 consuluerant,
830 2024 861 2076 et
874 2017 1018 2079 εἱηίιιηιω
1035 2015 1106 2076 lenti
1121 2015 1164 2075 iti·

161 2100 240 2160 neris
254 2115 398 2160 rumorem
411 2117 559 2179 prospero
576 2099 691 2179 proelio
712 2107 849 2160 verterat.
880 2101 1029 2180 omniaque
1044 2099 1165 2160 inierin-

127 2184 201 2249 ruris
223 2182 397 2247 Germaniae
411 2183 500 2246 *miles
520 2183 676 2246 Valentem
696 2183 915 2262 adsectabatur‚
947 2184 1022 2247 uude
1043 2184 1162 2263 primula

161 2267 287 2328 creditor
299 2265 448 2328 *Caecinae
464 2268 536 2330 lidos
551 2268 691 2330 fluitasse.

208 2352 274 2414 --94.
297 2349 433 2412 Ceterum
453 2369 512 2414 non
535 2351 717 2424 traducibus
744 2350 861 2412 indulsit
881 2351 1032 2428 Vitellius,
1056 2359 1087 2412 ut
1106 2368 1165 2412 non

158 2435 227 2516 plns
241 2435 322 2496 militi
338 2435 452 2496 liceret.
485 2436 540 2498 sibi
559 2437 682 2517 quisque
702 2434 831 2497 militiam
846 2453 1013 2516 sumpsero:
1034 2437 1165 2514 quumvis

159 2519 307 2597 indiguus,
339 2518 364 2578 si
383 2519 422 2579 ita
445 2519 603 2598 maluerat,
626 2519 756 2580 urbanas
782 2519 900 2583 militiae
928 2518 1163 2589 adscribebatnr;

160 2620 260 2664 rursus
274 2602 359 2664 bonis
373 2619 526 2667 remunero
541 2606 616 2666 ister
630 2603 811 2682 legionarios
826 2613 874 2666 rut
889 2603 984 2664 alares
998 2602 1165 2664 volentibus

140 2688 343 2770 sperauissnm.
372 2705 427 2747 noe
448 2687 569 2750 deerant
584 2689 632 2768 qui
647 2687 772 2764 vellent,
794 2687 867 2749 fessi
888 2687 996 2748 morbis
1018 2696 1048 2747 et
1064 2688 1163 2748 intent-

160 2771 272 2851 perienr
294 2769 368 2830 caeli
391 2772 572 2843 incusantes3
601 2771 710 2833 robora
732 2779 827 2832 tamen
856 2771 1023 2850 legionibus
1051 2772 1164 2852 alisque

158 2853 324 2930 subtracta,
340 2855 512 2917 convolsum
527 2865 688 2918 castrorum
703 2855 810 2934 beas,
829 2857 929 2933 viginti
939 2854 1086 2918 milibuee
1101 2865 1164 2918 toto

159 2936 291 3000 exercitu
307 2939 457 3016 permixtis
473 2942 566 3018 magis
583 2959 670 3020 ,apuam
686 2941 801 3004 electis.

224 3019 419 3084 Contionante
437 3023 557 3086 Vitellio
570 3025 756 3110 apostulantur
774 3024 813 3086 ad
829 3025 1002 3104 supplicium
1018 3024 1164 3086 Asiaticus

123 3127 150 3170 ro
160 3115 190 3168 et
202 3105 311 3168 Flavus
325 3113 356 3166 et
371 3106 492 3172 Robora
510 3108 600 3172 dnoes
614 3109 787 3187 Galliarum,
804 3109 882 3189 quod
898 3127 952 3188 pro
963 3109 1086 3190 Vindice
1101 3107 1163 3170 bel-

158 3191 279 3254 lassent.
318 3207 375 3250 nec
403 3192 563 3256 coercebat
589 3195 652 3256 eins
675 3192 752 3256 modi
780 3210 872 3256 voces
894 3193 1047 3256 Vitellius:
1073 3210 1163 3272 super

158 3275 273 3335 insitam
298 3276 384 3334 inerti
407 3278 502 3339 animo
523 3279 669 3356 ignauam
691 3277 827 3340 conscius
847 3277 903 3338 sibi
925 3279 1033 3338 instare
1054 3275 1163 3339 doneti-
1263 3338 1269 3347 ,

158 3375 225 3416 rum
240 3367 270 3418 et
285 3358 391 3419 deesse
409 3363 568 3441 pecuniam,
583 3364 678 3424 omnia
692 3362 756 3431 alia„
766 3361 847 3424 militi
858 3361 1044 3440 largiebatur.
1067 3359 1163 3421 liberti

159 3439 320 3518 principum
348 3446 483 3507 oonlorre
510 3465 564 3526 pro
592 3462 711 3508 numero
736 3447 943 3528 mancipiorum
973 3445 1162 3506 attributum
