2596 3872
424 237 616 287 ursnnxvr.
634 237 844 292 eurem&
1073 227 1135 289 327

7 423 21 440 ν
126 392 188 458 der
202 401 334 473 caperet,
350 391 434 452 inrita
453 410 507 469 spe
523 393 641 471 agitari;
659 393 806 474 multoque
819 394 913 472 magis
930 393 1084 456 timendum
1098 413 1136 456 ne

127 481 162 541 in
175 477 347 554 coniugem,
390 477 419 538 in
452 477 553 552 iiiiam,
593 479 622 536 in
644 485 743 538 cetera
766 479 890 559 pignera
914 479 976 538 eius
997 480 1175 540 saeviretis

131 560 254 643 proinde
275 562 478 638 intemeratus,
493 561 667 640 impollutus,
691 579 810 639 quorum
831 563 964 640 vestigiis
984 571 1013 622 et
1033 562 1134 623 studiis

131 648 217 708 vitam
237 643 366 722 duxerit,
390 661 491 704 eorum
513 645 608 723 gioria
629 653 745 724 peteret
764 647 859 706 iinem.
890 645 991 707 aderat
1010 646 1134 706 consilio

129 730 266 794 Rusticus
278 727 448 805 Arulenus,
464 728 593 806 iiagrans
605 730 733 806 iuvenis,
756 737 786 790 et
807 729 940 809 cupidine
955 729 1048 791 landis
1063 730 1134 790 ode·

127 813 214 878 rebat
228 831 262 872 se
279 814 506 885 intercessurum
522 821 646 873 senatus
657 813 889 878 consuitoanam
897 811 995 891 plebei
1004 813 1135 874 tribunus

126 905 203 960 erat.
235 895 365 956 cohibuit
379 895 496 977 spiritus
511 896 576 958 eius
590 895 729 976 Thrasea,
743 916 781 958 ne
795 915 869 959 uana
885 906 914 958 et
928 914 981 958 reo
993 915 1051 958 nou
1063 915 1131 977 prc-
1145 911 1174 952 us

126 985 240 1060 future,
262 981 452 1042 intercessori
473 981 598 1043 exitiosa
617 982 771 1061 inciperet.
810 981 864 1042 sibi
886 991 978 1043 actam
998 990 1134 1060 aetatem,

128 1076 160 1129 et
181 1074 226 1127 tut
248 1083 303 1144 per
320 1082 412 1126 annos
427 1067 593 1127 continuum
605 1067 689 1126 ritae
705 1066 835 1128 ordinem
848 1083 907 1127 non
925 1065 1133 1126 deserendum:

128 1151 173 1212 iiii
192 1149 300 1210 initium
321 1150 537 1227 magistratuum
559 1160 589 1211 et
603 1151 720 1228 integra
735 1168 810 1230 qnae
829 1152 985 1231 supersint.
1017 1150 1135 1210 muitum

128 1242 198 1296 ante
211 1251 310 1294 secum
325 1233 515 1314 expenderet,
531 1235 608 1314 quod
622 1234 673 1295 tali
689 1236 717 1295 in
731 1244 866 1315 tempore
879 1233 1079 1314 capessendae
1090 1236 1134 1294 rei

128 1317 267 1400 publicae
282 1319 338 1378 iter
352 1318 566 1396 ingrederetur.
597 1327 727 1379 ceterum
740 1320 820 1400 ipse,
836 1337 872 1380 an
886 1319 988 1379 reniae
1004 1319 1033 1378 in
1051 1335 1133 1379 sena·
1143 1343 1173 1383 aa

128 1411 189 1462 tum
204 1401 334 1479 deceret,
348 1401 526 1463 meditationi
541 1421 611 1464 suae
629 1402 756 1482 reliquit.

181 1486 245 1547 27.
267 1486 308 1546 iit
329 1495 449 1565 postera
471 1487 538 1548 iuce
560 1486 634 1547 duae
655 1487 821 1566 praetoriae
846 1485 987 1547 cobortes
1007 1494 1133 1546 armatae

129 1570 268 1648 tempium
283 1568 445 1631 Genetricis
460 1572 589 1632 Veneris
598 1568 744 1631 insedere
773 1570 877 1631 aditum
893 1577 1012 1630 senatus
1027 1564 1135 1648 globus

127 1663 295 1733 togatorum
317 1653 474 1714 obsederat
497 1672 563 1714 uon
577 1653 702 1716 occultis
728 1654 848 1732 gladiis,
874 1654 1058 1733 dispersique
1080 1671 1135 1733 per

129 1738 194 1800 iera
215 1755 251 1798 ac
270 1737 407 1800 basilicas
427 1756 511 1799 cunei
503 1738 675 1799 militares.
705 1739 782 1799 iuter
802 1755 923 1817 quorum
946 1746 1084 1817 aspectus
1106 1746 1136 1798 et

124 1825 223 1884 minos
233 1823 359 1900 ingressi
374 1823 482 1883 curiam
498 1831 660 1901 senatores,
678 1821 812 1884 et‘cratio
824 1823 1032 1902 principisper
1047 1839 1162 1900 quae-s

124 1917 239 1969 starem
256 1907 430 1968 eiusaudits
446 1915 508 1968 est:
531 1907 646 1966 nemine
664 1907 827 1968 nominatim
843 1906 1020 1986 compellato
1035 1914 1135 1986 patres
1157 1953 1160 1959 ,

7 2071 9 2080 ‚
125 1989 287 2069 arguebat,
304 1989 380 2069 quod
394 1989 512 2070 publica
526 1992 621 2051 munia
634 1989 807 2052 desererent
823 1989 1134 2070 eorumqueflexempIo

128 2075 245 2149 equites
259 2075 380 2134 Romani
396 2073 432 2138 ad
446 2075 601 2148 segnitiam
615 2083 815 2134 verterentur:
832 2076 937 2132 etenim
952 2073 1136 2150 quidmirum

128 2174 147 2216 e
162 2154 331 2234 longinquis
346 2155 509 2234 prouinciis
519 2152 595 2215 baud
613 2155 717 2230 veniri,
733 2171 797 2214 cum
809 2154 944 2235 plerique
956 2154 1053 2232 adepti
1066 2171 1133 2216 cen-

7 2267 8 2274 ι
126 2237 250 2302 sulatum
267 2247 299 2298 et
317 2237 480 2299 sacerdotia
492 2237 643 2299 hortorum
658 2238 754 2318 potius
770 2238 935 2300 amoenitati
949 2240 1133 2300 inservirent.
1144 2261 1173 2304 rc

123 2321 206 2406 qnod
220 2322 302 2382 reiut
317 2323 404 2382 teium
421 2323 593 2400 corripuere
610 2329 809 2382 accusatores.

187 2406 239 2468 28.
263 2405 302 2466 bit
312 2407 428 2467 initium
448 2406 577 2466 iaciente
592 2404 782 2485 Cossutiano,
804 2404 914 2466 maiore
935 2407 971 2466 ri
977 2405 1135 2468 biarcelius

125 2507 266 2552 summam
279 2507 341 2550 reru
356 2489 503 2570 pubiicum
515 2491 564 2568 agi
580 2488 758 2562 clamitabat;
776 2489 956 2551 contumacia
967 2491 1134 2552 inferiorum

124 2574 275 2638 lenitatem
296 2575 488 2654 imperitantis
510 2572 644 2634 deminui.
675 2573 791 2635 nimium
810 2575 895 2634 mites
918 2574 960 2636 ad³
975 2592 1038 2636 eam
1058 2574 1135 2636 diem

123 2667 242 2741 putres,
267 2661 315 2738 qui
336 2657 494 2720 'i'braseam
510 2658 742 2736 desciscentem,
768 2660 816 2739 qui
832 2674 983 2736 generum
988 2661 1054 2719 eius
1065 2657 1133 2720 iiei-

124 2741 232 2804 vidium
253 2742 411 2804 Priscmr
402 2761 439 2802 m
448 2741 540 2823 isdem
557 2741 727 2820 furoribus,
751 2743 834 2803 simui
854 2742 1019 2804 Paconium
1024 2743 1132 2822 Agrip·
1144 2762 1161 2802 s

123 2827 243 2908 pinum,
264 2827 406 2906 paterni
397 2845 426 2886 ru
440 2827 591 2927 principes
606 2826 666 2887 odii
686 2825 839 2899 heredem,
865 2835 895 2883 et
910 2824 1038 2886 Curtium
1054 2826 1135 2887 bion

122 2918 222 2974 nunu
234 2910 402 2973 detestanda
417 2912 542 2972 carmina
553 2911 733 2973 factitantem
746 2907 885 2970 eludere
876 2925 985 2987 mpune
995 2911 1134 2970 sinerent.

122 2995 280 3072 requirere
303 3014 337 3056 se
357 2996 503 3056 incenatus
519 2992 749 3071 consularem,
739 3007 769 3051 ιιι
783 2993 863 3052 rotis·
882 2991 1115 3094 sacerdptenr‚
1105 3011 1135 3052 ιιι

120 3079 188 3140 iure
201 3077 323 3139 iurando
341 3079 442 3153 ciuem,
460 3077 515 3136 nisi
533 3086 634 3138 contra
648 3077 777 3138 instituta
791 3083 822 3137 et
839 3077 1031 3138 caerimonias
1046 3077 1133 3138 maio·

58 3163 61 3168 ’
122 3179 188 3223 rrm
217 3159 397 3240 proditorem
425 3160 520 3240 paiam
544 3169 582 3221 et
602 3160 718 3222 bostem
739 3159 871 3222 Thrasea
900 3160 1050 3222 induisset.
1081 3160 1131 3221 de·
1144 3180 1169 3222 rc

124 3247 211 3324 nique
228 3262 324 3324 apere
344 3253 509 3306 senatorem
530 3254 559 3306 et
580 3246 722 3326 principis
740 3245 959 3307 obtrectatores
972 3252 1133 3324 protegere

123 3334 231 3395 solitas
251 3333 378 3409 veniret,
394 3337 532 3404 censeret
551 3330 619 3409 quid
634 3334 743 3409 corrigi
761 3334 925 3394 autmutari
942 3331 1052 3392 vellet.
1067 3333 1137 3393 iaci·

122 3417 181 3478 iius
201 3416 367 3495 perlaturos
380 3415 491 3494 singula
504 3416 681 3496 increpantis
694 3433 798 3476 uocem
810 3433 979 3496 quamnunc
991 3414 1135 3476 silentium

123 3501 294 3582 perierrent
316 3501 408 3562 omnia
425 3501 595 3563 damnantis.
615 3517 716 3578 pacem
727 3499 769 3560 iiii
789 3518 844 3579 per
858 3498 961 3560 orbem
972 3507 1082 3576 terrae,
1100 3513 1137 3557 an
