2540 3874
168 143 209 202 90
426 149 913 200 ooaunnunucrmsmrnnuun

170 307 308 370 dissoluta
325 325 398 386 quae
413 306 562 383 Augustus
577 306 726 367 voluisset.
753 307 804 367 luit
815 305 936 386 posthac
949 307 976 366 in
989 304 1059 366 urbe
1072 324 1165 386 neque

170 392 504 472 honoresadeptusest.
856 449 859 464 ,
1110 390 1112 395 ’

233 477 283 538 25.
305 474 435 536 Relatum
463 472 530 533 dein
557 471 594 532 do
623 473 797 534 moderanda
813 473 901 554 Papia
916 473 1065 553 Poppaea,
1083 493 1166 554 quam

170 563 267 624 senior
289 560 436 638 Augustus
458 566 526 638 post
545 556 632 619 lulius
655 558 824 636 rogationes
849 558 999 618 incitandis
1025 559 1166 619 caelibum

170 646 274 726 poenis
298 653 326 704 et
345 642 478 721 augendo
506 643 617 702 aerario
641 651 784 704 sanxerat.
818 659 873 702 uec
895 641 961 703 ideo
984 642 1118 719 coniugia
1140 652 1168 704 et

171 731 357 792 educationes
383 726 505 787 liberuru
531 724 803 806 frequentabantur,
834 725 999 806 praevalida
1026 725 1166 787 orbitate:
1256 721 1257 754 ³

143 841 156 879 s
170 824 299 875 ceterum
314 811 462 873 multitudo
479 809 699 891 periclitantium
713 808 876 887 gliscebat,
886 828 949 871 eum
962 810 1054 871 omnis
1067 809 1167 870 domus
1254 803 1257 812 ⁴

170 898 328 960 delatorum
347 892 631 975 interpretationibus
647 893 866 976 subverteretur
879 902 964 974 utque
982 893 1103 954 antehac
1119 895 1168 954 lla·

169 983 262 1060 gitiis,
283 983 321 1042 ita
344 989 412 1040 tuno
430 979 545 1056 legibus
567 976 760 1039 laborabatur.
797 996 831 1039 ea
853 995 902 1038 res
924 980 1058 1038 admouet
1080 988 1110 1037 ut
1134 977 1170 1039 de

103 1109 106 1116 »
171 1065 318 1146 principiis
330 1064 410 1141 iuris,
426 1062 567 1143 atquibus
578 1062 671 1123 modis
683 1062 722 1123 ad
732 1061 805 1122 hano
817 1062 1021 1122 multitudinem
1033 1062 1168 1122 infinitam

169 1147 209 1212 ac
221 1148 390 1210 varietatem
405 1147 502 1225 legum
517 1156 686 1226 perventum
702 1147 750 1225 sit,
765 1147 849 1209 altius
865 1146 1014 1208 disseram.

232 1233 282 1294 26.
306 1231 500 1293 Vetustissimi
522 1224 699 1308 mortalium,¹
722 1230 799 1292 nulla
821 1229 914 1292 adhue
940 1230 1014 1292 mala
1040 1229 1171 1307 libidine,
1258 1297 1259 1302 η

170 1319 233 1378 sine
254 1314 380 1397 probro,
403 1315 518 1376 scelere
539 1331 634 1394 eoque
660 1316 723 1376 siue
749 1331 844 1395 poena
870 1323 917 1376 aut
945 1311 1172 1376 coercitionibus

169 1399 305 1479 agebant.
335 1417 431 1480 neque
448 1398 584 1479 praemiis
599 1417 673 1480 epus
688 1408 767 1477 erat,
790 1419 853 1460 cum
870 1398 991 1460 bonesta
1008 1405 1112 1480 suopte
1129 1399 1171 1459 in·

169 1486 257 1564 genio
272 1494 454 1564 peterentur;
476 1493 505 1544 et
519 1481 567 1545 ubi
583 1483 652 1544 nilril
668 1493 768 1546 contra
791 1502 900 1546 morem
924 1491 1079 1565 cuperent,
1101 1483 1180 1554 nihil

143 1577 342 1650 spermatum
366 1566 544 1630 vetabantur.
570 1578 599 1629 at
621 1577 775 1648 postquam
798 1569 863 1629 exui
888 1569 1046 1650 aequalitas
1069 1578 1099 1629 et
1116 1588 1173 1648 pro
1259 1621 1260 1624 ,

169 1652 309 1714 modestia
327 1669 362 1713 ao
380 1652 491 1731 pudore
507 1650 622 1714 ambitio
638 1660 667 1712 at
683 1654 725 1712 vis
746 1652 913 1732 incedebat,
937 1671 1104 1734 provenere
1120 1653 1172 1715 do·
1259 1667 1260 1672 ’

169 1737 339 1798 minutiones
354 1736 517 1815 multosque
535 1736 611 1817 apud
627 1736 754 1815 populos
769 1747 917 1798 aeternum
933 1755 1077 1799 mansere.
1109 1740 1172 1817 qui·

169 1822 232 1882 dam
247 1821 350 1896 statim,
367 1829 415 1881 aut
430 1828 583 1901 postquam
598 1838 698 1898 regum
714 1829 886 1900 pertaesum,
901 1820 984 1898 leges
998 1820 1172 1882 maluerunt.

168 1903 222 1966 bae
238 1905 330 1982 primo
345 1903 463 1964 rudibus
481 1903 624 1965 homiuum
637 1903 737 1964 animis
757 1904 902 1985 simplices
918 1912 1015 1981 eraut:
1035 1905 1172 1966 maxime-
1260 1932 1261 1978 r

135 2009 159 2050 ro
171 2006 227 2068 que
239 1988 317 2062 tama
334 1987 493 2048 celebravit
515 1983 709 2067 cretensium,
734 2006 806 2067 quas
820 1989 927 2066 Minos,
952 1989 1172 2068 Spartanorum,
1260 2005 1261 2008 ’

169 2090 239 2152 quas
251 2069 411 2150 Lyeurgus,
428 2089 462 2133 ao
473 2089 542 2132 mox
553 2070 777 2134 Atheniensibus
790 2073 984 2152 quaesitiores
997 2072 1051 2133 iam
1066 2082 1094 2132 et
1108 2073 1172 2152 plu·

164 2173 216 2222 res
233 2155 303 2216 Solo
321 2155 502 2236 perscripsit.
533 2154 617 2216 nobis
630 2155 784 2234 Romulus,
801 2156 968 2232 utilitum,
986 2157 1171 2235 imperitave-

168 2250 228 2300 rat:
244 2239 309 2300 dein
323 2237 414 2302 Numa
430 2239 621 2318 religionibus
638 2249 666 2301 et
681 2240 778 2302 divino
795 2241 856 2301 inre
877 2239 1015 2321 populum
1032 2241 1171 2318 devinxit,

168 2333 342 2404 repertaque
362 2324 501 2403 quaedam
523 2323 641 2386 al’ullo
664 2334 693 2386 ct
712 2324 806 2386 Anco.
836 2324 889 2385 sed
913 2325 1087 2404 praecipuus
1103 2325 1171 2385 Ser·

133 2435 159 2478 15
167 2409 231 2488 vius
248 2408 356 2469 Tullius
373 2417 490 2469 sanctor
511 2409 608 2486 legum
630 2407 695 2486 luit,
719 2411 783 2489 quis
804 2411 889 2470 etiam
911 2425 998 2486 reges
1021 2406 1170 2486 obtempe-

168 2503 276 2553 rarent.
398 2544 403 2553 .

231 2577 281 2638 27.
304 2576 389 2637 Pulso
412 2575 567 2656 Tarquinio
593 2576 744 2638 adversum
760 2586 884 2659 patrum
911 2575 1054 2636 lectiones
1082 2574 1170 2636 multa

169 2660 294 2740 populus
316 2661 427 2740 parauit
447 2659 570 2720 tuendae
592 2659 734 2722 libertatis
755 2670 784 2723 et
806 2659 958 2723 firmandae
977 2657 1170 2724 concordiae:

169 2745 317 2822 creatique
333 2744 489 2804 decemviri
507 2753 536 2805 et
550 2745 651 2806 aooitis
669 2763 742 2825 quae
761 2764 879 2826 usquam
905 2743 1028 2823 egregia
1051 2760 1170 2823 compo·

169 2830 242 2889 sitae
258 2825 409 2890 duodecim
423 2826 550 2906 tabulae,
567 2829 630 2890 linia
645 2831 729 2909 aequi
745 2830 824 2890 iuris.
857 2847 920 2890 uam
942 2835 1062 2888 secutae
1085 2828 1172 2904 lepos

141 2912 222 2973 aetsi
239 2911 391 2991 aliquando
407 2911 436 2973 in
449 2911 598 2974 maleficos
617 2932 654 2974 ex
669 2914 791 2990 delicto,
814 2913 931 2993 saepius
949 2921 1044 2973 tamen
1059 2911 1168 2974 dissen-

167 2996 250 3057 sione
269 2995 398 3057 ordinum
412 3005 440 3057 et
457 2995 607 3076 apiscendi
623 2997 747 3058 inlicitos
763 2997 890 3059 bonores
906 3004 953 3057 aut
967 2995 1096 3075 pellendi
1111 2993 1168 3054 ola·

166 3095 217 3165 ros
234 3081 313 3140 viros
330 3080 444 3159 aliaque
463 3079 500 3143 ob
521 3098 611 3161 prava
625 3099 680 3161 per
694 3083 750 3142 vim
767 3081 842 3143 latae
858 3088 933 3142 suut.
966 3079 1032 3141 bino
1049 3077 1170 3144 Graoobi

167 3171 196 3223 et
210 3162 353 3224 Saturnini
369 3163 532 3226 turbatores
548 3164 660 3245 plebis,
682 3184 735 3228 uec
750 3166 843 3228 minor
858 3164 979 3243 largitor
994 3167 1109 3227 noqus
1125 3181 1171 3224 se-

113 3249 114 3252 ’
167 3254 249 3307 natus
269 3246 395 3316 Drusus;
421 3250 549 3329 corrupti
575 3269 629 3328 spe
655 3259 702 3310 aut
726 3250 811 3310 inlusi
848 3268 902 3329 per
930 3249 1171 3309 intercessionem

133 3331 249 3390 associi.
276 3349 311 3391 an
327 3349 363 3391 ue
377 3330 457 3392 bello
479 3331 590 3411 quidem
612 3333 730 3411 italico,
754 3351 822 3395 mox
844 3333 922 3395 civili
942 3333 1077 3392 omissum
1102 3331 1170 3409 quio

166 3411 253 3474 multa
269 3422 297 3474 et
314 3413 427 3476 diversa
446 3416 651 3496 sciscerentur,
670 3417 764 3480 donec
776 3417 807 3480 1..
826 3416 907 3478 Sulla
929 3415 1053 3476 dictator
1077 3413 1169 3476 aboli-
