2568 3870
418 177 523 224 nmen
538 175 590 224 111.
606 175 681 223 use.
700 171 821 227 tl-tc.
1025 247 1029 252 μ
1051 161 1110 222 125

107 334 215 396 alienis
231 331 360 394 consiliis
375 329 453 406 regi,
467 315 562 408 neque
581 346 632 388 suu
644 327 798 408 expedire:
815 326 872 388 huc
888 326 958 388 illue
980 327 1133 390 clamori-c

109 417 166 478 bue
177 416 301 477 bostium
314 413 486 490 circumeam
504 430 577 492 quae
599 415 727 472 iusserat
742 419 862 488 vetare,
881 429 956 490 quae
975 422 1109 473 vetuerat

109 498 331 573 laberemur,
348 495 604 575 quodiuperditis
626 493 714 556 rebus
737 493 855 570 accidit,
877 511 978 554 omnes
998 495 1110 574 praeci·

4 619 5 626 κ
112 601 197 662 pere,
214 597 299 642 nemo
318 581 454 658 exsequi:
476 588 624 658 postremo
646 577 768 638 abiectis
788 579 875 638 armis
890 578 988 655 inmun
1010 586 1039 637 et
1058 578 1111 640 lal-

4 679 5 688 ’
112 665 191 726 leudi
205 674 283 726 artes
301 661 593 742 circumspectabant.
623 664 785 740 inrumpunt
800 661 949 722 Vitelliani
965 670 995 720 et
1009 670 1111 721 cuncta

4 761 5 794 l
110 749 250 826 sauguine
272 748 352 808 ierro
375 743 553 825 flammisque
576 747 706 806 miscent.
743 745 827 824 pauci
849 744 1010 805 militarium
1034 745 1146 806 viro-ro
1195 805 1198 809 ,
1278 807 1279 814 χ

4 847 6 880 :
109 847 187 910 rum,
202 833 278 892 iuter
293 848 368 910 quos
383 831 505 890 maxime
521 831 651 908 insigues
668 826 821 889 (lornelius
837 827 991 905 Martialis,
1013 828 1110 889 Aemi·

4 931 9 964 t
109 915 166 976 lius
181 915 338 992 Pacensis,
356 912 513 994 Casperius
528 911 635 992 Niger,
650 911 753 972 Didius
764 912 893 988 Scaeva,
911 929 1035 991 pugnam
1051 915 1112 972 arisi

111 998 328 1058 obtruncantur.
357 997 487 1058 Flavium
502 995 639 1058 Sabinum
660 998 796 1077 inermem
811 1013 906 1075 neque
927 996 1025 1074 lugam
1042 1012 1111 1056 coe·

112 1090 238 1160 ptantem
250 1081 479 1158 circumsistunt,
497 1090 527 1141 et
539 1082 682 1156 Quintium
693 1080 819 1141 Atticum
832 1079 996 1157 consulem,
1012 1079 1112 1142 umbra

112 1163 233 1225 honoris
246 1174 276 1240 et
290 1174 402 1226 suamet
421 1164 547 1226 vanitate
567 1173 770 1240 monstratum,
794 1163 872 1242 quod
893 1162 987 1225 edicta
1007 1165 1036 1224 in
1056 1182 1108 1244 po·
1121 1184 1145 1225 rs

4 1279 6 1286 v
109 1248 209 1327 pulum
235 1264 290 1328 pro
318 1249 501 1331 Vespasiano
529 1249 697 1327 magnifica,
727 1247 871 1328 probrosa
898 1248 1038 1309 adversus
1060 1249 1111 1307 Vi-

4 1351 5 1354 *
109 1331 220 1392 tollium
239 1333 359 1394 iecerat.
391 1333 482 1393 ceteri
497 1334 666 1411 pervarias
682 1349 767 1392 casus
782 1331 893 1410 elapsi,
915 1330 1028 1409 quidam
1049 1349 1110 1391 sar·
1228 1385 1232 1392 .

4 1435 5 1438 ¹
111 1414 162 1475 rili
176 1411 290 1492 habitu,
306 1415 354 1476 alii
372 1414 429 1476 ilde
444 1415 589 1477 clientium
601 1417 728 1476 contecti
740 1424 769 1475 et
783 1416 998 1477 iuterearciuas
1009 1413 1109 1475 abditi.

110 1497 194 1559 luere
212 1501 260 1580 qui
275 1507 403 1580 excepto
419 1498 639 1561 Vitellianorum
654 1500 757 1576 signo,
778 1515 835 1577 quo
850 1499 926 1558 inter
950 1517 983 1558 se
1006 1516 1110 1559 nosce·

5 1669 15 1687 ι
109 1579 228 1659 bantur,
244 1583 319 1643 ultro
336 1585 499 1660 rogitantes
510 1580 762 1663 respondentesve
774 1581 921 1643 audaciam
932 1599 986 1661 pro
998 1581 1144 1643 latebram

110 1662 427 1810 hab(idlednllomitianus
448 1751 540 1830 prima
559 1751 724 1830 inruptione
745 1717 821 1830 apud
844 1748 987 1811 aedituum
1010 1750 1107 1811 occul·

4 1833 13 1888 Γ
108 1841 200 1909 tatus,
217 1833 348 1894 sollertia
362 1832 459 1894 liberti
474 1833 552 1894 lineo
563 1834 668 1894 amictu
680 1833 782 1894 turbae
791 1834 998 1894 sacricolarum
1008 1834 1107 1895 inmix-

4 1935 5 1971 ;
107 1925 154 1978 tus
167 1918 393 1995 ignoratusque,
417 1917 493 1996 apud
515 1914 681 1978 cornelium
701 1918 824 1978 Primum
845 1926 994 1998 paternum
1019 1918 1107 1978 elien·

107 2009 166 2060 tem
182 2001 262 2061 iuxta
273 1998 432 2060 Velabrum
442 1999 561 2061 delituit.
590 2018 626 2060 ao
640 2002 773 2080 potiente
783 2019 879 2062 rerum
890 2010 977 2080 patre·
986 2001 1107 2062 disiecto

108 2081 215 2142 aeditui
236 2080 446 2159 contubernio,
471 2083 615 2144 modicum
642 2085 781 2145 sacellum
808 2081 879 2145 lovi
900 2084 1131 2146 conservatoris

106 2181 246 2245 mamque
260 2167 358 2246 posuit
374 2183 460 2226 casus
475 2182 546 2224 suos
563 2167 592 2224 in
610 2185 754 2244 marmore
771 2185 956 2248 expressam
972 2186 1041 2229 mox
1058 2171 1107 2228 im·

12 2281 19 2314 2
105 2250 219 2329 perium
238 2248 361 2329 adeptus
379 2248 441 2311 lovi
463 2245 583 2308 Custodi
606 2250 743 2328 templum
757 2252 860 2328 ingens
885 2271 977 2330 seque
1000 2255 1029 2313 in
1047 2255 1109 2312 sinu

5 2333 6 2336 ’
105 2332 155 2392 dei
171 2332 306 2393 sacrauit.
343 2332 465 2393 Sabinus
486 2340 515 2392 et
535 2330 650 2393 Atticus
668 2335 779 2393 onerati
798 2335 907 2394 catanis
922 2344 951 2394 et
965 2334 1002 2396 ad
1015 2336 1108 2398 Vitel-

105 2415 175 2475 lium
190 2415 267 2478 ducti
281 2433 461 2495 nequaquam
482 2415 589 2475 infesto
606 2433 741 2476 sermone
756 2416 897 2496 uoltuque
914 2419 1106 2500 excipiuntur,

4 2505 6 2532 ⁷
105 2498 295 2560 frementibus
311 2501 359 2577 qui
375 2501 419 2560 ius
435 2497 533 2562 caedis
556 2507 586 2559 et
607 2500 733 2579 praemia
753 2509 874 2561 navatae
894 2518 1004 2582 operae
1024 2510 1105 2581 pete·
1118 2521 1143 2562 ro
1196 2507 1202 2516 ‘

4 2583 5 2586 ’
105 2582 184 2643 bunt.
203 2583 330 2644 clamore
347 2600 368 2644 α
382 2584 523 2663 proximis
538 2586 603 2643 orto
620 2583 736 2644 sordida
747 2602 817 2663 pars
829 2584 924 2663 plebis
934 2585 1108 2665 supplicium

105 2665 205 2726 Sabini
223 2668 375 2746 exposcit,
391 2667 483 2727 minas
499 2665 738 2746 adulationesque
754 2668 882 2728 miscet·
913 2677 1035 2730 stantem
1052 2687 1107 2749 pro

105 2751 244 2828 gradibus
263 2749 364 2812 Palatii
384 2750 532 2813 Vitellium
556 2759 585 2810 et
606 2767 714 2829 preces
732 2761 883 2831 parantem
907 2753 1062 2832 pervicere
1077 2763 1108 2813 ut

103 2833 276 2895 absisteret:
292 2843 350 2896 tum
366 2835 534 2895 confossum
544 2835 819 2914 conieceratumque
837 2843 867 2896 et
880 2834 998 2897 absciso
1011 2838 1107 2915 capite

102 2927 234 2978 truncum
250 2935 358 2997 corpus
372 2917 472 2979 Sabini
486 2919 513 2977 iu
529 2915 683 2979 Gemonias
698 2919 821 2983 trabunt.
1115 2944 1141 2986 15

168 3002 218 3062 75.
240 3000 296 3062 llic
318 3002 412 3062 exitus
435 3003 488 3082 riri
514 3001 589 3062 baud
618 3019 689 3062 sane
717 3004 884 3082 spernendi.
929 3006 1056 3083 quinque
1079 3014 1109 3066 at

103 3083 221 3159 trtglnta
238 3085 380 3164 stipendia
396 3087 425 3144 in
438 3103 472 3144 re
488 3083 604 3164 publica
618 3086 747 3162 lecerat,
765 3086 842 3147 domi
857 3087 1034 3167 militiaeque
1044 3088 1106 3150 cla·

102 3181 162 3225 rus.
197 3167 389 3228 innocentiam
409 3169 604 3247 iustitiamque
625 3170 687 3229 eius
708 3187 766 3230 non
784 3188 940 3246 argueres:
963 3173 1106 3238 sermonis

102 3249 205 3310 nimius
229 3259 308 3312 erat:
328 3249 357 3310 id
378 3267 462 3311 unum
486 3259 599 3330 septem
619 3254 701 3312 annis
728 3253 832 3332 quibus
850 3254 1007 3330 lloesiam,
1034 3255 1104 3315 duo-

101 3333 196 3396 decim
218 3334 321 3414 quibus
345 3333 557 3415 praefecturam
584 3335 662 3395 urbis
683 3335 820 3413 obtinuit,
845 3338 1031 3398 calumniatus
1058 3345 1128 3396 ests

99 3435 207 3480 rumor.
238 3419 267 3478 in
282 3419 339 3480 bue
355 3419 432 3480 vitae
447 3417 497 3478 alii
511 3436 649 3498 segnem,
665 3419 744 3480 multi
758 3418 936 3480 moderatum
955 3428 985 3479 et
1000 3419 1105 3478 civium
