2536 3870
201 154 260 214 too
420 165 586 216 ooanuun
600 165 716 220 nactur
732 168 973 218 ursnomxauu

196 339 291 400 aeque
306 319 467 380 Domitiano
482 323 627 400 mitigatus
642 340 725 400 quam
747 321 804 383 liti
821 324 931 400 pietate
945 323 1096 401 gaudens,
1121 323 1201 396 hono

198 423 265 466 esse
282 407 374 464 animo
389 405 469 465 iubet
488 405 628 484 belloque
651 415 680 465 et
704 409 789 466 armis
804 425 865 468 rem
880 405 1025 485 publicam
1045 408 1201 470 attollere:

197 489 253 549 sibi
273 506 376 566 pacem
399 488 569 568 domumque
591 507 678 549 curae
699 489 771 551 iore.
806 499 864 550 tum
889 491 1058 551 celerrimas
1074 495 1202 552 'narium
1246 491 1247 570 ᾗ

197 574 340 634 frumento
356 581 474 634 onustas
488 591 580 633 saevo
595 573 686 634 adhue
701 574 771 634 mari
794 575 957 635 committit:
988 577 1098 653 quippe
1119 582 1202 636 tanto
1246 571 1247 624 l

164 668 188 708 ¹⁵
199 657 362 718 discrimine
379 656 448 716 urbs
463 658 594 734 nutabat,
617 667 647 717 ut
662 657 763 718 decem
785 656 859 718 haud
875 658 997 736 amplius
1013 657 1126 718 dierum
1143 659 1202 720 iru·
1246 641 1247 724 l

197 749 322 800 mentum
338 741 366 800 in
380 741 494 801 horreis
512 743 614 820 luerit,
631 759 694 801 curn
708 760 725 801 a
738 741 923 821 Vespasiano
939 750 1117 802 commeatus
1132 744 1203 804 sub·
1246 793 1247 818 ,

196 843 316 885 venere

259 909 309 969 53.
336 907 440 969 (lunam
461 909 630 969 restituendi
652 907 788 988 Capitolii
808 911 837 968 in
850 908 882 969 L.
900 911 1049 969 Vestinum
1070 911 1203 986 confert,

197 993 343 1070 equestris
367 992 475 1054 ordinis
495 994 603 1070 virum,
623 992 676 1052 sed
696 994 867 1056 auctoritate
886 993 1020 1072 famaque
1037 996 1114 1053 inter
1131 1013 1202 1072 pro·

198 1094 293 1135 ceres.
321 1075 407 1136 abeo
425 1078 566 1137 contracti
581 1076 752 1154 haruspices
765 1093 903 1137 monuere
921 1085 951 1136 ut
967 1077 1110 1156 reliquiae
1122 1080 1202 1156 prio·

198 1160 238 1219 ris
253 1159 365 1220 delubri
380 1163 408 1220 in
424 1160 545 1240 paludes
561 1159 771 1236 eueherentur,
799 1159 936 1239 templum
957 1160 1049 1220 isdem
1065 1162 1201 1238 uestigiis

173 1247 365 1308 instaretur:
392 1244 473 1304 nolle
496 1244 570 1304 deos
591 1245 691 1304 mutari
711 1253 842 1304 veterem
863 1243 993 1305 iormam.
1022 1245 1065 1304 Xl
1098 1244 1195 1304 kalen·

198 1327 249 1388 das
271 1328 358 1388 lulias
384 1347 488 1389 serena
514 1328 580 1388 luce
595 1329 717 1406 spatium
734 1347 835 1406 omne,
865 1327 944 1406 quod
958 1329 1067 1406 templo
1083 1328 1189 1390 dtcata·

197 1423 260 1491 tur,
282 1413 425 1473 evinctum
441 1412 519 1472 vittis
542 1414 716 1490 coronisque
730 1413 856 1490 ingressi
870 1412 993 1488 milites,
1024 1412 1089 1491 quis
1106 1413 1197 1474 fausta

197 1501 328 1574 nomina,
344 1496 479 1558 felicibus
494 1497 595 1567 ramis;
624 1496 691 1556 dein
705 1496 836 1574 virgines
852 1495 1004 1574 Vestales,
1023 1499 1199 1575 cumpueris

197 1582 360 1662 puellisque
379 1581 507 1660 patrimis
524 1581 730 1658 matrimisque,
748 1597 821 1658 aqua
836 1599 853 1641 e
868 1579 995 1640 lontibus
1008 1579 1200 1660 amnibusque

40 1665 54 1689 ³
162 1692 188 1732 ιο
198 1666 299 1725 hausta
323 1666 469 1742 perluere.
505 1674 562 1724 tum
582 1663 730 1724 Helvidius
754 1664 870 1725 Priscus
885 1673 1015 1743 praetor,
1039 1675 1202 1742 praeeunte

197 1749 309 1810 Plautio
328 1748 453 1808 Aeliano
475 1748 626 1826 pontillce,
656 1748 775 1808 lustrata
797 1747 1041 1808 suovetaurilibus
1070 1767 1140 1808 area
1175 1759 1202 1808 et

198 1850 286 1910 super
309 1831 468 1909 caespitem
491 1830 609 1892 redditis
626 1832 717 1906 extis,
738 1830 855 1908 lovem,
873 1829 1022 1908 lunonem,
1037 1831 1202 1892 Minervam

198 1914 406 1995 praesidesque
422 1915 535 1993 imperii
558 1915 631 1974 deos
646 1924 783 1994 precatus
798 1917 837 1975 uti
861 1924 967 1993 coepta
989 1925 1203 1994 prosperarent

198 1999 343 2078 sedesque
362 2017 429 2059 suas
446 2001 554 2078 pietate
568 1997 711 2058 hominum
725 1997 875 2058 inchoatas
893 1999 986 2059 divina
1003 2015 1061 2077 ope
1083 1999 1201 2060 attolle-

164 2108 187 2148 rs
197 2092 278 2160 rent,
297 2084 382 2144 vittas
399 2085 462 2162 quis
477 2084 581 2160 ligatus
597 2082 672 2160 lapis
689 2084 842 2162 innexique
864 2083 948 2142 lunes
964 2091 1046 2142 erant
1059 2083 1200 2159 contigit:

196 2167 280 2228 simul
298 2169 388 2227 ceteri
406 2168 589 2244 magistratus
605 2175 634 2225 et
649 2166 820 2228 sacerdotes
837 2175 866 2226 et
881 2162 996 2226 senatus
1016 2175 1046 2225 et
1061 2184 1156 2244 eques
1173 2177 1202 2226 et

197 2269 301 2330 magna
317 2270 385 2330 pars
401 2251 517 2330 pepuli,
539 2250 632 2310 studio
656 2249 822 2329 laetitiaque
843 2250 957 2327 conixi,
978 2269 1078 2312 saxum
1093 2252 1201 2327 ingens

197 2347 323 2396 traxere.
356 2339 521 2414 passimque
536 2336 660 2394 iniectae
674 2333 866 2394 fundamentis
881 2336 992 2410 argenti
1012 2336 1134 2412 aurique
1151 2338 1201 2393 sti-

198 2439 251 2500 pes
273 2430 302 2480 et
322 2419 502 2480 metallorum
516 2420 671 2497 primitiae,
693 2418 779 2478 nullis
793 2417 960 2478 lomacihus
975 2419 1082 2494 vietae,
1100 2417 1156 2478 sed
1173 2429 1202 2478 ut

162 2507 367 2582 regignuntur:
400 2503 571 2583 praedixere
583 2502 765 2581 hamspices,
780 2520 817 2562 ne
831 2511 1021 2563 temeraretur
1033 2520 1108 2580 opus
1125 2519 1200 2562 saxo

196 2607 306 2650 aurore
320 2591 349 2648 ia
365 2588 440 2649 aliud
459 2587 611 2648 destinato.
645 2585 763 2647 altitudo
780 2586 901 2646 aedibus
912 2585 1039 2646 adiecta:
1058 2584 1087 2644 id
1103 2585 1200 2646 soleam

196 2673 301 2750 religio
317 2671 443 2733 adnuere
462 2680 490 2730 et
506 2672 613 2750 prioris
628 2670 728 2748 templi
742 2669 973 2747 magnificentiae
988 2669 1119 2730 doluisse
1135 2688 1199 2729 cre—

194 2757 327 2817 debatur.

258 2841 308 2901 54.
331 2839 436 2901 Audita
460 2842 573 2900 interim
597 2859 652 2920 per
673 2839 781 2903 Gallias
803 2840 1027 2921 Germaniasque
1048 2857 1130 2901 mors
1148 2841 1198 2901 Vi·

196 2924 268 2985 tellii
285 2923 483 3004 duplicaverat
500 2924 617 2985 bellom.
647 2943 712 2986 uam
725 2924 827 2986 Civilis
848 2927 953 2985 omissa
968 2924 1200 2984 dissimulatione

196 3012 224 3070 in
239 3009 377 3089 populum
392 3009 550 3070 Romanum
564 3027 666 3087 ruere,
681 3009 857 3070 Vitellianae
873 3010 1007 3086 legiones
1027 3008 1078 3069 vel
1100 3017 1198 3068 exter·

195 3113 260 3154 num
276 3093 423 3154 servitium
439 3110 521 3172 quam
538 3095 741 3171 imperatorem
756 3089 969 3172 Vespasianum
989 3092 1086 3153 malle.
1123 3091 1198 3154 Galli

173 3178 369 3238 ssustulerant
399 3178 525 3254 animos,
550 3176 672 3237 eandem
702 3177 808 3256 ubique
829 3178 1009 3238 exercituum
1029 3184 1197 3236 nostrorum

195 3263 339 3321 fortunam
360 3263 432 3338 rati,
453 3261 572 3338 volgato
588 3259 702 3322 rumore
719 3280 734 3321 a
754 3263 890 3322 Sarmatis
903 3261 1051 3340 Dacisque
1065 3260 1197 3320 lloesica

197 3363 231 3402 ae
245 3345 410 3405 Pannonica
426 3345 545 3406 hiberna
557 3345 778 3414 circumsederi;
793 3349 873 3424 paria
890 3345 925 3405 de
941 3345 1086 3406 Britannia
1103 3345 1197 3422 linge·

197 3426 308 3487 bantur.
340 3429 392 3489 sed
408 3429 477 3488 nihil
494 3447 586 3507 aeque
602 3448 685 3508 quam
710 3431 871 3491 incendium
893 3428 1040 3510 Capitolii,
1063 3437 1093 3488 ut
1109 3429 1198 3488 linem
