2540 3874
410 187 516 235 aranu
530 189 552 236 1.
570 187 647 236 ese.
661 185 781 241 7246.
1079 178 1120 242 37

111 361 199 424 quam
214 351 322 424 postea
337 341 483 403 celebrem
499 343 632 404 miseriae
646 351 808 423 temporum
823 353 852 404 et
872 343 1009 408 audaciae
1029 343 1118 406 bomi-

108 447 179 490 num
198 427 344 488 iecerunt.
381 443 446 488 nam
468 444 577 505 egens,
598 428 730 507 ignotus,
757 428 886 508 inquies,
911 429 975 490 dum
996 429 1143 493 occultisa

108 511 222 575 libellis
246 511 388 573 saevitiae
412 510 552 592 principis
577 511 704 591 adrepit,
732 528 801 572 mox
828 513 989 574 clarissimo
1016 515 1119 593 cuique

109 596 274 676 periculum
288 595 425 674 meessit,
441 597 600 676 potentiam
616 595 691 676 apud
708 613 807 675 unum,
825 596 919 658 odium
936 597 1012 679 apud
1029 599 1120 660 omnis

109 681 236 761 adeptus
251 679 331 741 dedit
346 679 525 761 exemplum,
544 681 621 760 quod
639 681 730 742 secuti
751 699 788 742 en
811 681 986 762 pauperibus
1003 681 1119 760 divites,

108 785 148 826 ex
171 764 349 846 contemptis
368 763 512 826 metuendi
536 765 696 844 perniciem
718 765 782 826 aliis
808 784 844 827 ao
864 775 1041 846 postremum
1064 765 1120 828 sibi

108 853 262 910 invenere.
297 847 350 909 sed
371 848 541 910 blarcellum
566 848 749 911 insimulabat
778 851 911 912 sinistros
938 850 974 912 de
1000 849 1154 914 'liberiora

106 949 264 995 sermones
284 932 432 1012 babuisse,
448 932 615 994 inevitabile
634 935 752 1012 crimen,
769 952 833 996 cum
849 953 887 996 ex
901 934 1029 996 moribus
1041 935 1117 1015 prin-

107 1019 184 1098 cipis
209 1015 381 1079 foedissima
403 1033 537 1098 quaeque
558 1017 703 1096 deligeret
726 1028 880 1082 accusator
897 1018 1117 1098 obiectaretque

105 1120 171 1163 reo.
207 1120 273 1163 nam
289 1102 356 1182 quia
374 1119 445 1164 uera
467 1109 565 1180 eraut,
582 1105 666 1163 etiam
683 1102 758 1164 dicta
780 1103 982 1166 credebantur.
1012 1101 1119 1164 addidit

102 1188 201 1267 Hispo
218 1194 341 1248 statuam
355 1185 488 1248 dlarcelli
501 1185 587 1248 altius
611 1204 701 1266 quam¹
712 1185 869 1250 Caesarum
886 1189 985 1266 sitam,
1008 1197 1038 1248 et
1062 1185 1118 1248 alia

103 1273 133 1332 in
155 1279 253 1332 statua
275 1279 421 1350 amputato
443 1271 539 1351 cupite
558 1269 684 1350 Augusti
707 1271 835 1350 eidgiem
857 1271 966 1334 Tiberii
991 1270 1153 1332 inditamra
1258 1279 1259 1282 ’

106 1357 141 1418 ad
160 1353 241 1435 quod
257 1355 369 1416 exarsit
385 1353 474 1433 adeo,
495 1363 526 1414 nt
546 1363 631 1434 rupta
652 1357 845 1419 taciturnitate
868 1356 1064 1436 proclamaret
1085 1373 1117 1416 se

110 1459 225 1520 quoque
242 1439 274 1499 iu
289 1457 324 1500 ea
341 1455 428 1500 eausa
443 1439 565 1499 laturum
581 1441 752 1500 sententiam
765 1440 859 1520 palam
871 1449 900 1501 et
911 1442 1043 1516 iuratum,
1060 1454 1117 1518 quo

114 1526 215 1586 ceteris
231 1523 337 1584 eadem
350 1523 513 1584 necessitas
529 1523 621 1584 lieret.
651 1523 805 1584 manebant
822 1525 981 1585 etiamtum
992 1523 1119 1600 vestigia

113 1608 260 1670 morientis
276 1605 427 1668 libertatis.
467 1606 555 1685 igitur
568 1604 620 1666 Cn.
635 1606 703 1668 Piso
723 1607 816 1687 ‘quo'
832 1608 924 1688 inquit
945 1606 1034 1668 ‘loeo
1051 1624 1116 1666 cen·

109 1692 197 1772 sebia,
214 1687 349 1754 Caesari
365 1690 390 1751 si
400 1691 521 1772 primus,
540 1688 654 1751 habebo
669 1690 746 1770 quod
760 1708 881 1771 sequar:
898 1691 924 1752 si
936 1691 1152 1772 postomniaco

106 1793 215 1838 vereor
235 1793 276 1836 ne
296 1774 454 1856 inprudens
470 1773 658 1836 dissentiam!
693 1783 841 1855 permotus
862 1775 926 1854 bis,
952 1783 1118 1854 quantoque

105 1861 249 1922 incautius
273 1859 446 1936 ederuerat,
468 1858 644 1941 paenitentia
666 1861 780 1939 patiens
808 1859 872 1921 tulit
899 1859 1013 1922 absolvi
1038 1877 1117 1919 reum

106 1944 276 2006 criminibus
297 1945 471 2005 maiestatis:
494 1943 530 2004 de
553 1943 685 2022 pecuniis
701 1942 870 2025 repetundis
886 1942 921 2005 ad
937 1943 1116 2024 reciperato·

105 2049 155 2091 res
171 2031 242 2092 itum
260 2037 316 2089 est.

171 2115 223 2176 75.
245 2112 312 2174 Nec
325 2121 437 2193 patrum
454 2112 670 2191 cognitionibus
692 2112 810 2174 satiatus
833 2110 945 2174 iudiciis
966 2111 1117 2174 adsidebat

10 2223 11 2230 ¹
104 2200 134 2260 in
147 2215 242 2260 cornu
262 2196 428 2274 tribunalis,
451 2214 489 2258 ue
513 2195 679 2276 praetorem
702 2195 794 2257 curuli
814 2194 992 2276 depellerem
1015 2195 1115 2256 multa-

105 2301 165 2364 que
186 2300 224 2344 eo
241 2299 340 2344 coram
358 2280 500 2342 adversus
515 2280 649 2342 ambitum
663 2291 692 2341 et
706 2281 865 2360 potentiam
881 2297 989 2359 preces
1010 2280 1115 2341 consti·

105 2377 177 2430 tuta.
218 2376 265 2428 set
293 2365 359 2427 dum
379 2366 495 2427 ueritati
518 2365 695 2443 consulitur,
722 2363 842 2427 libertas
868 2363 1115 2444 corrumpebatur.

105 2454 183 2513 inter
197 2469 274 2532 quae
288 2450 357 2512 Pius
372 2448 510 2512 Aurelius
527 2458 645 2512 senator
661 2457 780 2529 questus
796 2448 875 2510 mole
895 2447 1030 2529 publicae
1050 2447 1138 2518 viae,

106 2537 253 2616 ductuque
273 2551 410 2615 aquarum
423 2533 584 2596 labefactas
603 2533 683 2596 aedis
701 2551 779 2611 sues,
799 2532 936 2594 auxilium
951 2540 1062 2612 patrum
1075 2531 1116 2592 in·

106 2619 243 2684 vocabat.
275 2617 478 2680 resistentibus
508 2619 613 2680 aerarii
640 2637 675 2699 pr
713 2617 823 2681 toribus
851 2616 985 2680 subvenit
1007 2615 1117 2678 caesar

107 2707 293 2786 pretiumque
312 2703 426 2765 aedium
449 2701 571 2764 Aurelio
592 2701 704 2780 tribuit,
727 2700 894 2780 erogandae
917 2719 971 2782 per
993 2701 1116 2762 honesta

106 2791 252 2870 pecuniae
274 2789 411 2868 cupiens,
435 2804 518 2868 mam
538 2787 671 2848 uirtutem
692 2785 739 2848 din
756 2787 888 2865 retinuit,
917 2803 980 2847 cum
1003 2793 1116 2848 ceteras

107 2882 240 2936 exueret.
274 2871 431 2953 Propertio
447 2870 547 2932 Celeri
561 2871 720 2951 praetoria,
738 2871 850 2932 veniam
869 2870 978 2932 ordinis
996 2869 1034 2931 ob
1047 2887 1151 2950 pau-10

106 2966 253 3040 pertatem
272 2957 400 3038 petenti,
416 2955 536 3018 deciens
551 2955 716 3017 sestertium
736 2955 860 3032 largitus
879 2963 941 3032 est,
960 2955 1031 3017 eatis
1047 2971 1115 3015 eon·

109 3051 193 3124 perto
221 3041 359 3123 pateruae
379 3041 408 3102 ei
435 3039 584 3119 augustias
606 3057 684 3101 esse.
722 3040 888 3118 temptantis
917 3036 1019 3101 eadem
1042 3038 1116 3100 alios

109 3125 237 3207 probare
254 3141 361 3187 causas
384 3124 496 3186 senatui
506 3124 599 3202 iussit,
616 3121 750 3204 cupidine
762 3124 927 3184 seueritatis
942 3123 971 3184 in
981 3123 1018 3184 iis
1031 3123 1116 3185 etiam

113 3225 183 3290 qnae
198 3209 256 3272 rite
273 3208 387 3271 laceret
403 3207 537 3272 acerbus.
566 3207 642 3268 unde
667 3208 759 3269 ceteri
786 3207 931 3270 silentium
947 3216 976 3268 et
990 3223 1114 3286 pauper·

110 3301 195 3358 tatem
213 3293 393 3356 confessioni
408 3300 438 3355 et
455 3292 601 3354 beneflcio
614 3309 826 3373 praeposuere.
1125 3309 1150 3348 aa

171 3379 225 3444 76.
246 3375 360 3440 Eodem
375 3393 449 3440 enno
466 3376 610 3440 continuis
624 3375 763 3440 imbribus
779 3385 878 3439 auctus
893 3371 1008 3436 'liberis
1029 3371 1117 3452 plana

107 3461 189 3526 urbis
204 3469 407 3541 stagnaverat;
421 3461 717 3524 relabentemsacuta
732 3470 777 3522 est
798 3458 994 3522 aedificiorum
1012 3462 1041 3516 et
1062 3453 1114 3514 bo·
