2570 3878
419 115 526 162 menn
537 115 600 166 xrs.
618 115 693 164 cnr.
709 113 829 170 53—58·
1084 105 1156 166 219-

210 269 260 330 56.
289 232 352 330 Sub
368 269 445 331 idem
466 274 579 350 tempus
608 271 682 332 iuter
702 270 795 332 lacum
816 273 954 334 Fucinum
977 290 1146 351 amnemque

148 351 233 414 Lirim
254 361 394 432 perrupto
416 362 530 454 moute,
552 372 609 435 quo
630 355 843 434 magnificentia
865 359 963 437 operis
984 356 1146 449 apluribus
1260 411 1261 418 ,

146 439 304 514 viseretur,
328 436 423 498 lacu
414 455 442 496 sn
460 439 525 517 ipso
540 438 643 500 navale
660 439 802 519 proelium
816 440 988 516 adornatur,
1010 450 1040 500 ut
1056 443 1145 519 quon'-

145 522 209 582 dam
224 521 373 599 Augustus
406 529 516 582 structo
540 524 584 581 uls
615 523 742 584 Tiberim
756 532 878 604 stagno,
901 525 954 586 sed
968 524 1082 584 levibus
1098 542 1146 584 na·

23 669 29 690 ¹
145 605 231 684 vigiis
252 612 281 663 et
295 605 405 665 minore
427 606 512 684 copia
527 606 667 668 ediderat.
700 606 836 668 Claudius
851 609 984 670 triremes
999 607 1172 687 quadrires

144 706 263 768 mesque
278 697 309 748 et
324 688 500 767 undeviginti
517 673 665 750 homiuum
676 691 753 751 milia
771 695 907 771 armavit,
927 695 1022 753 cincto
1037 691 1146 753 ratibus

144 773 266 851 ambitu,
291 789 328 833 ne
331 790 419 872 vaga
435 773 543 852 effugia
557 775 670 853 iurent,
693 792 727 835 ac
747 777 979 856 tenenspedum
995 777 1147 857 amplexus

143 857 180 919 ad
195 858 252 916 vim
267 857 396 956 remigii,
412 856 631 934 gubernantium
645 868 734 935 artes,
749 861 875 938 impetus
889 862 1003 929 navium
1016 869 1046 920 et
1060 877 1158 942 proe-

143 943 183 1002 lio
205 941 300 1001 solite.
343 942 372 1000 in
391 940 500 1002 ratibus
521 943 729 1022 praetoriarum
749 943 912 1005 cohortium
932 944 1067 1044 manipuli
1089 955 1146 1003 tur-

143 1042 266 1106 maeque
279 1023 449 1086 adstiterunt
455 1025 655 1104 ,antepositis
672 1028 916 1108 propugnaculis,
936 1046 973 1089 ex
990 1029 1053 1107 quis
1070 1036 1146 1088 cata·
1158 1051 1183 1093 m

143 1110 242 1190 pultue
255 1107 447 1188 ballistaeque
461 1108 656 1171 tenderentur.
683 1111 796 1190 reliqua
810 1112 892 1173 lucus
908 1113 1047 1174 classiarii
1061 1113 1148 1172 tectis

143 1191 265 1255 naribus
281 1191 458 1254 obtinebant.
492 1197 571 1294 ripas
587 1201 616 1253 et
634 1193 727 1255 eolles
742 1199 937 1276 montiumque
952 1196 1051 1257 edita
1043 1214 1071 1256 ru
1086 1213 1146 1279 rno-

141 1279 208 1339 dum
225 1276 331 1338 theatri
345 1275 522 1337 multitudo·
514 1295 660 1338 mnumera
677 1279 850 1358 complevit,
866 1281 1005 1359 proximis
1026 1282 1146 1358 emuni-

142 1363 227 1442 cipiis
240 1369 269 1421 et
284 1361 332 1422 alii
346 1360 418 1420 urbe
432 1380 469 1421 ex
483 1364 564 1440 ipsa,
580 1361 692 1422 visendi
705 1363 839 1443 cupidine
854 1373 902 1424 aut
917 1365 1037 1426 cilicio
1028 1382 1056 1423 m
1069 1364 1146 1443 prin·

143 1447 248 1524 cipem.
284 1446 349 1524 ipse
369 1445 473 1523 insigni
494 1445 713 1524 paludamento,
740 1464 837 1527 neque
860 1449 962 1526 procul
984 1448 1183 1526 Agrippinam

143 1528 294 1604 chlamyde
320 1538 437 1606 aurata,
467 1528 655 1610 praesedere.
695 1540 852 1611 pugnatum
880 1549 1049 1611 quamquam
1073 1532 1147 1592 iuter

142 1621 242 1675 sontes
256 1613 370 1674 lortium
388 1613 515 1674 virorum
533 1613 645 1692 animo,
667 1632 703 1674 ac
717 1624 785 1699 post
800 1615 917 1676 multum
932 1615 1081 1676 vulnerum
1097 1632 1147 1675 oc-

142 1698 248 1761 cidioni
265 1699 392 1776 exempti
409 1706 483 1758 suut.

204 1781 255 1842 57.
279 1780 338 1842 Sed
359 1781 494 1860 perlecto
517 1781 688 1863 spectaculo
710 1790 842 1860 apertum
858 1783 1072 1863 aquarumiter.
1106 1783 1160 1842 iu
1182 1817 1185 1822 -

142 1867 222 1927 curia
237 1866 337 1942 operis
350 1865 502 1926 manifesta
517 1865 586 1944 luit,
607 1864 683 1927 haud
705 1865 777 1927 satis
791 1865 925 1946 depressi
939 1867 975 1927 ad
996 1865 1078 1928 lacus
1093 1867 1148 1927 ima

141 1949 190 2010 sel
206 1947 309 2010 media.
340 1966 452 2028 eoque,
471 1958 602 2030 tempore
620 1950 789 2028 interiecto,
812 1951 896 2012 altius
912 1951 1013 2012 ellossi
1029 1969 1148 2030 specus,

142 2043 171 2096 et
188 2031 402 2094 contrahendae
422 2033 711 2094 rursusmultitudini
735 2033 926 2111 gladiatorum
950 2035 1148 2114 spectaculum
1260 2113 1261 2116 Ἴ

143 2118 250 2196 editur,
270 2117 366 2178 inditis
386 2117 522 2198 pontibus
543 2117 710 2198 pedestrem
731 2117 768 2178 ad
784 2135 918 2196 pugnam.
950 2121 1017 2197 quin
1032 2127 1061 2178 et
1078 2133 1172 2180 oon-e

142 2202 248 2262 rivium
273 2200 391 2261 eilluvio
419 2201 501 2263 lacus
522 2202 685 2282 adpositum
708 2219 812 2279 magna
843 2202 997 2263 formidine
1028 2210 1148 2263 cunctos

142 2286 268 2364 adiecit,
292 2286 359 2365 quia
384 2286 430 2346 vis
458 2304 595 2365 aquarum
625 2303 819 2365 prorumpens
846 2287 978 2366 proxima
1004 2285 1148 2364 trahebat,

142 2369 291 2433 conuulsis
315 2369 501 2431 ulterioribus
518 2380 566 2432 aut
584 2370 705 2470 fragore
721 2377 751 2431 et
771 2370 867 2430 sonitu
881 2371 1037 2434 exterritis.
1067 2368 1149 2430 simul

140 2454 307 2555 Agrippina
321 2453 514 2534 trepidatione
526 2455 666 2535 principis
681 2471 732 2516 usa
747 2454 908 2517 ministrum
922 2454 1023 2534 operis
1032 2453 1174 2515 Narcis-

141 2558 203 2602 sum
218 2537 330 2599 incuset
347 2538 489 2618 cupidinis
512 2556 547 2600 ec
562 2539 747 2639 praedarum..
781 2557 836 2600 nec
859 2539 908 2601 ille
924 2540 1043 2617 reticet,
1065 2539 1183 2617 iupa-1⁰

141 2625 256 2685 tentiam
273 2621 443 2698 muliebrem
460 2624 618 2704 nimiasque
634 2641 704 2703 spes
721 2624 784 2684 eius
799 2641 936 2702 arguens.

202 2706 254 2770 58.
276 2705 311 2767 D.
328 2706 462 2784 lunioQ
477 2707 596 2770 llaterio
617 2706 785 2768 oonsulibus
805 2707 937 2769 sedecim
959 2726 1051 2768 annos
1066 2716 1149 2769 natus

140 2896 198 2958 que
213 2875 314 2937 studiis
334 2874 466 2936 honestis
482 2884 512 2938 et
527 2875 713 2956 eloquentiae
728 2876 825 2954 gloria
846 2871 1037 2953 enitesceret,
1060 2893 1149 2938 cansa

23 2965 29 2977 “
138 2961 289 3022 Iliensium
309 2970 448 3041 suscepta
461 2963 620 3023 Romanum
638 2960 724 3022 Troia
745 2959 900 3021 demissum
920 2969 950 3020 et
971 2960 1061 3022 luliae
1083 2962 1147 3022 stir-

140 3047 188 3127 pis
205 3054 355 3106 auctorem
368 3043 499 3108 Aeneam
522 3045 637 3124 aliaque
653 3043 728 3104 haud
752 3044 856 3125 procul
870 3044 975 3107 fabulis
991 3052 1094 3104 uetera
1105 3045 1170 3108 isa-s

141 3129 235 3190 eunde
256 3138 412 3206 exsecutus
434 3138 583 3209 perpetrat
602 3137 633 3188 ut
647 3128 770 3188 Ilienses
791 3129 868 3190 omni
888 3127 1008 3209 publico
1029 3145 1148 3188 munere

138 3213 334 3294 solverentur.
376 3214 479 3275 eodem
500 3222 616 3274 oratore
636 3212 813 3274 Bononiensi
835 3213 969 3274 coloniae
989 3213 1049 3290 igni
1067 3211 1137 3272 huu-

138 3308 203 3360 stae
217 3297 387 3359 subventum
408 3298 537 3360 centiens
557 3298 683 3359 sestertii
705 3297 871 3375 largitione.
914 3294 1043 3355 redditur
1069 3294 1148 3356 uuo-

138 3381 194 3442 diis
222 3379 357 3462 libertas,
384 3381 518 3464 adempta
543 3399 634 3461 saepe
657 3389 705 3442 aut
726 3380 849 3459 firmata,
874 3386 961 3460 prout
984 3378 1075 3439 bellis
1098 3395 1147 3438 ex-
