2570 3878
164 175 222 237 204
411 184 576 233 connum
594 184 712 236 nactur
727 184 910 233 annnorum

164 341 261 420 ligiam
278 339 413 402 Caesarie
436 309 606 419 procubuit,
628 357 732 417 magua
751 338 848 416 gloria
868 341 1015 401 exercitus
1030 341 1165 420 Romani,

164 444 248 506 quem
269 427 447 486 incruentum
471 434 501 483 et
518 425 661 484 victorem
676 422 760 484 tridui
781 424 885 484 itinere
904 423 1012 484 afuisse
1029 424 1064 486 ab
1082 443 1166 492 amne
1223 496 1226 501 ¹

163 509 252 574 Tanai
268 511 405 570 constitit.
436 509 489 572 sed
504 510 533 568 iu
547 525 686 585 regressu
702 507 802 585 dispar
816 507 932 568 fortuna
947 509 1018 584 luit,
1035 511 1102 588 quia
1116 527 1165 570 na·

163 597 239 654 vium
259 592 398 672 quasdam
417 593 543 674 (quippe
563 594 634 652 mari
655 589 838 671 remeabant)
859 593 888 651 in
907 591 992 653 litora
1007 592 1166 654 Taurorum

131 698 153 738 ta
163 677 275 739 delatas
287 678 504 739 circumvenere
515 675 644 754 barbari,
660 677 811 756 praelecto
827 674 956 736 cohortis
971 685 1000 736 et
1016 676 1167 757 plerisque

163 761 343 824 auxiliarium
355 763 526 827 interiectis.

227 844 274 906 18.
296 844 411 908 interca
426 845 604 908 Mithridates
620 844 698 905 nullo
719 845 748 903 in
765 844 851 904 armis
866 843 995 905 subsidio
1011 845 1165 924 consultat,

162 931 243 990 cuiue
258 929 485 992 misericordiam
501 931 691 1011 experiretur.
715 927 807 990 irater
818 927 924 1006 Cotys,
941 927 1072 1007 proditor
1084 928 1165 1008 olim,

162 1013 265 1074 deinde
283 1012 393 1091 hostia,
415 1013 610 1076 metuebatur:
629 1014 823 1074 Romanorum
838 1029 924 1073 nemo
940 1011 968 1072 id
984 1015 1164 1076 auctoritatis

163 1097 273 1173 aderat,
288 1106 319 1158 ut
330 1099 471 1177 promissa
483 1099 545 1158 eins
559 1099 655 1174 magui
670 1095 873 1175 penderentur.
894 1096 930 1156 ad
940 1094 1082 1158 Eunonen
1094 1115 1164 1158 cou-

137 1183 263 1257 avertit,
287 1183 416 1260 propriis
438 1182 512 1242 odiis
529 1199 591 1244 non
609 1181 751 1241 infensum
773 1189 802 1241 et
822 1198 928 1242 recens
946 1180 1098 1242 coniuncta
1112 1199 1168 1241 uo-

162 1265 273 1326 biscum
288 1265 411 1326 amicitia
426 1265 559 1326 validum.
588 1265 675 1342 igitur
691 1264 767 1325 cultu
782 1263 920 1342 vultuque
938 1281 1022 1342 quam
1040 1269 1164 1328 maxime

162 1347 198 1408 od
215 1359 398 1428 praesentem
418 1350 561 1412 fortunam
583 1357 752 1427 comparato
774 1349 885 1425 regiam
904 1347 1065 1426 ingreditur
1079 1351 1163 1427 geni-

163 1432 275 1512 busque
290 1433 352 1494 eius
374 1432 546 1513 provolutus
570 1432 782 1494 ‘Mithridates’
806 1433 898 1511 iuquit
916 1435 1013 1494 ‘terra
1035 1435 1164 1514 marique

161 1517 299 1578 Romarris
315 1535 369 1596 per
383 1525 427 1580 tot
440 1535 532 1580 annos
545 1519 694 1597 quaesitus
708 1525 814 1594 sponte
830 1515 944 1578 adsum:
960 1524 1053 1594 utere,
1070 1526 1101 1578 at
1113 1535 1164 1578 vo-

92 1675 94 1680 ,
129 1601 223 1680 1oles‚
247 1600 331 1679 prole
346 1603 443 1680 magni
459 1601 669 1678 Achaemenis,
697 1599 774 1680 quod
793 1600 861 1662 mihi
879 1599 972 1661 solum
987 1599 1089 1661 hostes
1105 1618 1163 1662 non

161 1683 368 1746 abstulerunt’
1274 1739 1275 1746 ,

227 1767 275 1828 19.
295 1767 334 1828 At
344 1767 481 1830 Eunones
495 1767 664 1830 claritudine
675 1769 739 1846 uiri,
755 1769 911 1830 mutatione
925 1786 1020 1828 rerum
1032 1778 1062 1830 et
1073 1786 1164 1849 prece
1274 1765 1275 1768 ’

161 1851 236 1912 haud
252 1851 392 1930 degeneri
406 1861 571 1932 permotus,
593 1852 708 1914 adlevat
729 1852 891 1931 supplicem
914 1851 1069 1932 laudatque
1086 1853 1165 1932 quod

162 1934 470 2013 gentemhoraorom,
495 1936 574 2015 quod
588 1953 668 1998 auam
686 1935 815 2001 dextram
832 1934 977 2015 petendae
993 1937 1097 1998 veniae
1115 1936 1165 1999 de·

162 2019 278 2096 legerit.
308 2019 391 2080 airnul
405 2021 522 2097 legatos
537 2019 695 2099 literaeque
707 2020 743 2082 ad
755 2018 910 2081 Caesarem
921 2021 950 2080 iu
961 2020 1164 2086 huucmodum

138 2103 260 2163 emittit:
291 2103 392 2183 populi
411 2103 533 2170 Romatri
559 2103 795 2183 imperatoribus,
823 2121 990 2182 magnarum
1006 2107 1165 2174 ,nationum

160 2185 280 2264 regibus
303 2189 422 2266 primaru
440 2206 479 2250 ex
500 2187 683 2250 similitudine
704 2188 839 2250 iortuuaa
865 2188 1034 2266 amcitiam,
1059 2188 1113 2254 aibi
1136 2198 1165 2249 et

162 2269 282 2332 Glaudio
303 2272 388 2333 etiam
404 2275 633 2333 commonionem
650 2273 791 2336 victoriae
809 2289 884 2332 esae.
921 2263 1066 2334 bellorum
1078 2290 1164 2351 egre·
1273 2265 1274 2312 t

160 2347 228 2434 gio's
243 2356 332 2432 dues,
350 2357 484 2435 quotiens
498 2356 678 2432 ignoscendo
693 2357 884 2434 transigatur:
900 2356 945 2417 aio
957 2354 1070 2418 zonam
1085 2357 1164 2417 ricto

160 2437 230 2499 nihil
250 2449 389 2517 ereptum.
427 2456 481 2518 pro
506 2438 689 2516 Mithridate,
714 2437 829 2518 quaudo
854 2441 972 2516 gravius
992 2449 1164 2516 mereretur,

126 2539 218 2584 tonon
239 2524 398 2602 potentiam
413 2540 509 2602 neque
530 2541 651 2600 reguum
665 2523 797 2603 precari,
817 2521 870 2584 sed
891 2541 928 2584 oe
942 2523 1165 2603 triumpharetur

161 2623 236 2666 neve
253 2623 364 2684 poenas
381 2607 478 2687 capite
495 2606 686 2685 expenderet.
1091 2639 1101 2656 ·

221 2689 273 2752 20.
294 2689 334 2749 At
349 2688 500 2767 claudius,
522 2708 693 2771 quamquam
707 2689 904 2752 nobilitatibus
926 2692 1055 2754 externis
1076 2692 1164 2769 mitia,

160 2770 299 2834 dubitavit
314 2781 421 2851 tamen,
439 2774 577 2854 accipere
592 2777 736 2854 captivum
751 2782 838 2852 pacto
856 2774 956 2835 salutis
971 2793 1008 2836 au
1026 2785 1164 2855 repetere

159 2857 245 2918 munis
264 2858 372 2918 rectius
387 2857 475 2922 foret.
506 2857 574 2918 hinc
587 2858 674 2920 dolor
688 2858 854 2920 iniuriarum
869 2867 899 2919 et
913 2856 1003 2922 libido
1019 2858 1166 2920 vindictae

159 2939 311 3018 adigebat:
327 2941 381 3004 aed
396 2940 595 3004 disserebatur
609 2951 711 3004 contra
726 2943 834 3021 suscipi
846 2941 954 3002 bellum
966 2943 1034 3004 ario
1049 2944 1162 3020 itinere,

136 3026 331 3104 tinportuoeo
345 3027 432 3095 mari;
456 3025 492 3086 ad
508 3024 566 3087 hoe
580 3044 671 3104 reges
685 3027 820 3103 feroces,
842 3042 935 3103 vagoa
952 3026 1094 3106 populos,
1116 3044 1164 3088 ao·

159 3108 217 3170 lum
231 3107 346 3186 lrugnm
364 3127 502 3187 egenum,
518 3109 643 3171 taedium
655 3128 693 3171 en
703 3127 798 3182 mora,
813 3109 944 3208 pericula
956 3128 993 3171 en
1004 3129 1165 3190 properan-

158 3192 1165 3359 ttttttlt'tltttlttlttlttdtttltt:tutemet

160 3369 267 3438 quanto
284 3359 448 3439 longiorem
468 3363 569 3444 vitam„
591 3371 670 3424 tanto
686 3361 753 3442 plus
769 3361 906 3442 supplicii
919 3361 995 3424 lore.
1034 3363 1079 3424 his
1097 3381 1165 3442 per·

125 3449 253 3505 tomotos
274 3445 392 3524 scripsit
410 3443 542 3524 Eunoni,
563 3447 694 3508 meritum
718 3445 831 3528 quidem
852 3447 1009 3524 norissima
1027 3447 1163 3528 exempla
