2440 3886
104 160 107 166 ·
159 145 196 208 18
415 156 901 208 οοιιιιιιιιιιιοιιιιιιιιιιιιιιι

157 314 216 376 ries
235 324 264 376 et
279 313 428 376 saeviendi
444 313 622 392 principium.
652 321 814 391 prostratos
830 311 1001 372 verberibus
1017 313 1160 396 mulcant,

134 400 296 478 ssexageni
309 398 450 476 singulos,
466 406 496 456 ut
507 415 653 458 numerum
666 397 862 458 centurionum
875 395 1084 475 adaequarent:
1098 407 1162 460 tum

158 483 315 546 convulsos
331 483 521 580 laniatosque
529 489 560 548 et
575 481 676 560 partim
692 482 840 540 exanimos
856 480 1040 540 antevallnrn
1063 483 1137 542 aut
1127 501 1162 543 ιιι

156 583 267 628 amnem
281 567 411 628 Rhenum
428 565 579 644 proiciunt
612 565 767 644 Septimius
780 583 843 624 cum
861 565 1039 643 perfugisset
1057 565 1092 625 ad
1107 567 1161 626 tri·

156 643 242 712 bunal
259 651 441 730 pedibusque
458 646 602 709 Caecinae
618 648 833 725 advolveretur,
850 664 885 708 eo
901 666 994 728 usque
1010 648 1163 726 flagitatus

158 744 218 812 est,
246 735 341 796 donec
364 734 399 794 ad
425 733 540 794 exiuum
565 732 729 794 dederetur.
773 729 891 794 Cassius
914 730 1065 808 Chaerea,
1089 749 1164 794 mox

124 819 248 886 raeaede
265 817 317 880 Gai
333 815 469 879 caesaris
492 817 657 876 memoriam
679 817 754 896 apud
777 825 914 896 posteros
936 815 1074 895 adeptus,
1099 826 1162 877 tum

157 903 330 964 adulescens
345 910 374 961 et
390 901 474 961 animr
466 899 590 977 ierox,
613 901 687 960 inter
705 900 854 962 obstantes
876 909 906 960 et
928 908 1053 961 armatos
1075 899 1163 960 ferro

156 987 230 1047 riam
245 986 395 1065 patefecit.
423 1001 480 1044 nou
495 983 623 1044 tribunus
638 985 724 1061 ultra,
740 1001 798 1044 nou
814 994 974 1044 castrorum
990 983 1163 1064 praefectus

157 1071 201 1129 ius
218 1069 353 1129 obtinuit:
375 1068 507 1146 vigilias,
524 1068 682 1146 stationes,
706 1069 776 1138 etsi
793 1087 847 1148 qua
861 1068 916 1128 alia
931 1084 1071 1146 praesens
1087 1086 1164 1130 usus

156 1152 313 1231 indixerat,
331 1152 387 1232 ipsi
408 1150 613 1230 partiebantur.
642 1152 671 1212 id
692 1152 831 1212 militares
855 1153 964 1212 animos
987 1151 1072 1211 altius
1089 1169 1163 1213 con·

124 1236 328 1300 iniectantibus
341 1236 527 1315 praecipuum
542 1235 676 1296 indicium
690 1237 784 1314 magni
800 1243 886 1335 atque
901 1233 1083 1314 inplacabilis
1095 1253 1161 1296 mo·

157 1329 213 1397 tus,
231 1321 308 1399 quod
323 1338 419 1398 neque
435 1318 548 1379 disiecti
565 1325 615 1378 aut
632 1335 789 1414 paucorum
812 1319 960 1394 instinctu,
983 1327 1029 1378 set
1048 1321 1161 1398 pariter

157 1404 357 1504 ardescerent,
375 1403 501 1487 pariter
499 1400 640 1479 silerent,
646 1412 723 1464 tanta
742 1402 918 1518 aequalitate
940 1410 969 1462 et
985 1404 1160 1482 constantia,

156 1496 187 1548 ut
202 1488 266 1564 regi
283 1487 432 1549 crederes.

219 1571 270 1634 33.
290 1571 406 1632 luteres
428 1569 598 1631 Germanico
619 1589 674 1650 per
695 1569 819 1649 Gallias,
840 1580 869 1630 ut
890 1570 1028 1647 diximus,
1050 1588 1162 1632 census

157 1655 310 1734 accipienti
327 1655 494 1716 excessisse
507 1653 819 1732 Augustum-adfertur.
849 1663 965 1734 neptem
976 1655 1036 1716 eius
1050 1653 1160 1735 Agrip-

156 1738 251 1817 pinam
269 1740 298 1798 in
313 1738 492 1800 matrimonio
513 1739 669 1819 pluresque
684 1757 722 1799 ex
746 1756 779 1799 ea
800 1737 911 1798 liberos
928 1737 1054 1799 habebat
1061 1739 1161 1818 ,ipse

155 1821 251 1884 Druso
264 1822 352 1882 iratre
362 1821 470 1883 Tiberii
481 1824 604 1901 genitus,
617 1823 766 1901 Augustae
774 1839 878 1902 nepos,
891 1832 934 1882 set
946 1823 1047 1882 auxius
1056 1783 1159 1884 dccul

133 1906 216 1974 atis
207 1924 235 1965 ιιι
247 1924 280 1965 se
294 1907 386 1991 patrui
405 1907 545 1987 aviaeque
563 1907 652 1983 odiis,
674 1923 793 1987 quorum
812 1924 917 1968 causae
934 1906 1074 1982 aciones,
1090 1908 1161 1985 quia

154 1989 278 2070 iniquae
289 1985 599 2069 qurppellruslmagna
610 1991 686 2070 apud
696 1991 832 2070 populum
841 1989 1160 2070 Romanummemoria,

156 2072 399 2175 credebaturque,
417 2075 440 2134 si
456 2092 551 2134 rerum
566 2075 673 2153 potitus
688 2075 782 2152 toret,
798 2074 961 2135 libertatem
975 2073 1159 2146 redditurus;

155 2157 255 2218 unde
246 2176 275 2217 ιιι
293 2156 492 2219 Germanicum
508 2158 591 2218 iavor
606 2167 636 2219 et
653 2177 724 2238 spes
742 2120 854 2220 eddem.
885 2177 949 2218 narn
961 2159 1056 2220 iuvem
1049 2159 1159 2220 civile

156 2242 311 2320 ingenium,
328 2242 398 2302 mira
416 2242 535 2303 comitas
552 2251 580 2303 et
596 2243 710 2304 diversa
724 2243 759 2303 ab
777 2241 886 2304 Tiberii
908 2259 1042 2304 sermone
1064 2243 1157 2324 vultu,

120 2348 147 2390 aa
157 2324 363 2403 adrogantibus
380 2334 409 2386 et
424 2325 566 2386 obscuris.
597 2326 777 2388 accedebant
797 2325 954 2388 muliebres
978 2326 1157 2388 offensiones

156 2408 360 2469 novercalibus
372 2407 469 2470 Liviae
481 2410 509 2470 in
522 2408 711 2490 Agrippinam
724 2411 856 2488 stimulis,
872 2419 960 2490 atque
971 2411 1034 2489 ipsa
1047 2408 1155 2488 Agrip·
1218 2433 1219 2452 2

81 2557 83 2560 ,
155 2494 220 2572 pina
242 2492 327 2571 paulo
352 2494 538 2570 commotior,
561 2494 615 2554 nisi
637 2494 714 2574 quod
736 2495 868 2556 castitate
891 2503 920 2554 et
944 2494 1035 2556 mariti
1055 2509 1156 2554 amore

155 2576 283 2656 parneis
298 2574 463 2638 indomitum
479 2578 600 2638 animum
615 2577 644 2636 in
656 2577 762 2639 bouum
776 2577 919 2639 vertebat.

217 2659 266 2722 34.
290 2659 349 2720 Sed
366 2658 552 2722 Germanicus
567 2670 672 2742 quanto
689 2678 816 2724 summae
832 2663 896 2741 spei
914 2662 1051 2742 propior,
1075 2669 1155 2720 tanto

154 2743 310 2823 impensius
332 2761 386 2822 pro
406 2743 524 2805 Tiberio
540 2745 605 2822 niti,
629 2764 721 2824 seque
742 2756 772 2807 et
792 2746 941 2825 proximos
958 2754 986 2806 et
1001 2745 1155 2822 belgarum

77 2899 85 2904 ι
156 2827 512 2889 civitatesinverbaeius
530 2829 628 2907 adigit.
662 2828 766 2891 debinc
780 2830 875 2892 audito
890 2830 1036 2907 legionum
1052 2829 1154 2890 tumul·
1217 2891 1218 2906 ζ

155 2920 184 2971 tu
197 2911 300 2991 raptim
312 2911 462 2990 proiectus
478 2911 578 2982 obvias
595 2922 677 2976 extra
693 2923 786 2975 castra
801 2912 907 2994 habuit,
920 2913 1042 2974 deiectis
1056 2912 1083 2971 in
1096 2920 1156 2972 ter·
1217 2945 1218 2984 3

131 3011 216 3075 ,ram
233 2995 326 3055 oculis
343 2995 423 3056 velut
440 2997 625 3075 paenitentia.
659 3006 811 3077 postquam
830 2997 934 3058 vallum
951 2997 1027 3072 iniit,
1044 2996 1156 3057 dissoni
1217 3005 1218 3026 ³

157 3085 275 3158 questus
298 3078 389 3139 audiri
411 3096 549 3158 coepere.
591 3081 754 3160 etquidem
779 3099 883 3161 prensa
903 3098 987 3142 manu
1010 3080 1071 3140 eius
1101 3099 1156 3160 per

154 3161 284 3240 speciem
302 3162 492 3223 exosculandi
509 3164 691 3225 inseruerunt
713 3165 834 3264 digitos,
856 3173 887 3224 ut
907 3182 998 3225 vacua
1019 3163 1155 3225 dentibus

153 3261 206 3306 ora
236 3245 431 3323 contingeret:
466 3247 515 3307 alii
546 3257 663 3326 curvata
689 3250 770 3309 senio
796 3248 925 3310 membra
951 3248 1155 3311 ostendebant
1216 3301 1217 3320 ,

154 3327 339 3390 adsistentem
357 3330 538 3428 contionem,
561 3332 627 3410 quia
644 3333 784 3413 permixta
805 3331 972 3408 videbatur,
999 3331 1153 3393 discedere
1216 3331 1217 3338 ’

121 3429 183 3474 torn
199 3412 471 3490 manipulosrrbet
494 3432 537 3474 arc
552 3416 656 3476 melros
670 3416 815 3476 audituros
830 3433 1018 3496 responsum
1043 3415 1153 3476 vexilla
1215 3459 1217 3514 ,ἦ
