2540 3874
146 169 205 232 tta
412 179 577 229 conatuum
600 177 715 227 uacuus
737 177 920 226 uuunnuuu

138 339 267 399 ‘amicitia
283 335 444 398 Germanici
458 334 625 415 peruiciosa
640 334 768 413 utrique,
790 332 907 395 silicet
922 331 999 413 quod
1015 332 1142 410 ingentia
1216 345 1219 350 ·

143 422 291 483 exercitus
306 428 419 500 septern
434 437 488 499 per
512 410 789 479 anncs'moderator
811 417 960 497 partisque
980 417 1056 495 apud
1071 414 1141 477 Ger-

142 506 263 567 maniam
280 501 497 582 triumphalibus
513 502 707 563 Sacroviriani
730 501 801 563 belli
821 502 931 580 victor,
957 509 1065 580 quante
1085 517 1142 561 ma·

119 593 207 652 siore
221 589 299 650 mole
313 587 492 669 procideret,
507 586 573 666 pius
587 585 746 646 formidinis
765 587 794 645 in
816 584 890 646 alios
910 584 1142 664 dispergebatur.

143 673 301 735 credebant
320 672 453 753 plerique
470 679 581 731 auctam
599 671 789 730 offensionem
805 669 896 749 ipsine
914 670 1143 748 intemperantia,

141 756 294 820 immodice
309 757 442 817 iactantis
458 773 539 814 suum
556 754 673 815 militem
689 754 718 814 in
734 752 876 832 obsequio
892 752 1061 830 duravisse,
1079 769 1143 812 cum

143 842 191 904 alii
215 841 250 902 ad
272 839 430 901 seditiones
455 838 693 918 prolaberentnr;
718 855 814 918 neque
839 855 1002 898 mansurum
1024 836 1142 898 Tiberio

142 927 309 1004 imperium,
330 926 355 984 si
375 925 410 984 iis
434 940 550 1002 quoque
572 921 735 1000 legionibus
756 919 861 1001 cupido
885 920 1010 982 novandi
1030 921 1140 981 inisset.

110 1010 251 1074 indestrui
272 1027 326 1090 per
346 1008 422 1069 haec
443 1007 585 1068 fortunam
613 1023 692 1066 snam
715 1004 824 1067 Caesar
847 1005 1034 1086 inparcmque
1061 1013 1140 1064 tanto

142 1096 245 1154 merito
261 1090 389 1156 rebatur.
418 1108 482 1150 nam
502 1089 645 1151 beneflcio
663 1106 699 1150 eo
714 1107 806 1170 usque
821 1090 899 1150 laeta
914 1099 991 1170 sunt,
1016 1089 1080 1150 dunr
1101 1090 1141 1149 vi·

143 1175 244 1236 dentur
265 1176 379 1237 exsolvi
403 1190 509 1255 posse:
537 1172 584 1234 ubi
603 1175 719 1236 multum
745 1183 935 1254 antevenere,
966 1191 1022 1254 pro
1048 1175 1141 1252 gratia

143 1258 238 1322 odium
254 1258 392 1321 redditur.

207 1346 256 1407 19.
277 1343 347 1406 Erat
360 1359 435 1404 uxor
450 1342 522 1403 Silio
538 1342 623 1403 Sosia
638 1341 736 1422 Galla,
760 1345 879 1405 caritate
898 1343 1082 1423 Agrippinae
1101 1344 1142 1404 in-

143 1429 204 1490 visa
220 1429 353 1509 principi.
385 1427 440 1490 lros
455 1427 564 1506 corripi
579 1427 668 1488 dilato
684 1427 721 1488 ad
739 1437 851 1510 tempus
869 1426 976 1490 Sabino
994 1427 1142 1508 placitum,

142 1514 333 1592 inmissusque
348 1513 443 1574 Varro
459 1511 572 1591 consul,
591 1512 638 1591 qui
655 1521 790 1592 paternus
807 1513 970 1574 inimicitias
981 1511 1143 1573 obtendens

143 1597 217 1658 odiis
231 1595 328 1658 Seiani
342 1613 397 1677 per
419 1595 546 1656 dedecus
567 1613 648 1656 suurn
668 1596 893 1675 gratificabatur.
928 1604 1067 1676 precante
1089 1613 1142 1658 reo

119 1682 263 1742 ebrevem
277 1697 402 1758 moram,
423 1680 488 1741 dum
508 1689 660 1741 accusator
675 1681 825 1742 consulatu
845 1680 951 1758 abiret,
973 1680 1143 1743 adversatus
1246 1737 1265 1762 ,

34 1821 40 1834 ,
142 1773 188 1825 est
200 1763 325 1826 caesar:
337 1764 452 1825 solitum
465 1764 575 1842 quippe
586 1763 800 1842 magistratibus
813 1765 888 1826 diem
900 1765 1021 1845 privatis
1028 1764 1140 1833 dicere;¹

142 1865 198 1908 nec
212 1846 425 1926 infringendum
442 1847 569 1907 consulis
583 1849 638 1926 ius,
654 1847 734 1909 cuins
746 1850 853 1928 vigiliis
865 1849 1006 1910 niteretur
1016 1865 1053 1909 ne
1066 1847 1141 1928 quod

141 1950 190 1992 res
212 1929 329 2011 publica
350 1930 550 1992 detrimentum
572 1941 700 2012 caperet.
737 1935 887 2014 proprium
908 1932 937 1993 id
951 1931 1070 1995 'liberio
1091 1933 1145 1993 init

141 2015 257 2076 seelera
271 2033 365 2095 nuper
378 2023 495 2094 reperta
517 2015 621 2094 priscis
639 2015 738 2076 verbis
760 2017 913 2096 obtegere.
950 2017 1037 2096 igitur
1056 2016 1144 2080 multa

108 2114 133 2157 ro
143 2098 377 2177 adseveratione,
396 2099 478 2179 quasi
494 2107 542 2159 aut
558 2098 675 2177 legibus
689 2118 753 2162 curu
767 2100 840 2163 Silio
855 2110 993 2180 ageretur
1006 2110 1055 2162 aut
1071 2102 1143 2165 Var-

140 2201 175 2245 ro
192 2182 293 2244 consul
308 2192 356 2245 aut
366 2183 436 2244 illud
450 2199 500 2243 res
513 2182 628 2262 publica
641 2191 731 2263 esset,
747 2193 890 2263 coguntur
902 2192 1011 2265 patres.
1038 2186 1143 2247 silente

141 2285 204 2342 reo,
219 2266 266 2328 vel
282 2269 307 2326 si
325 2267 524 2328 defensionem
539 2276 709 2348 coeptarei,
730 2286 788 2330 non
812 2269 976 2332 occultante
998 2270 1079 2331 cuius
1101 2272 1143 2329 ira

140 2360 332 2431 premeretur,
349 2352 528 2412 conscientia
541 2351 612 2413 belli
622 2352 761 2414 Sacrovir
772 2353 819 2414 diu
831 2353 1034 2433 dissimulatus,
1050 2357 1150 2416 victe·

140 2436 183 2496 ria
206 2453 260 2513 per
281 2436 429 2496 avaritiam
447 2435 565 2496 foedata
585 2445 615 2496 et
634 2453 709 2499 uxor
729 2437 814 2500 Sosia
841 2438 1044 2518 arguebantur.
1087 2456 1144 2499 neu

107 2545 131 2586 aa
141 2517 226 2579 dubie
242 2518 465 2597 repetundarum
481 2519 646 2581 criminibus
661 2521 836 2602 haerebant,
860 2522 913 2584 sed
938 2530 1039 2583 cuncta
1055 2539 1143 2600 quae·

140 2603 235 2664 stione
251 2604 409 2664 maiestatis
424 2604 564 2682 exercita,
581 2612 611 2665 et
624 2604 711 2667 Silius
726 2605 918 2669 imminentem
933 2604 1144 2668 damnationem

140 2685 304 2746 voluntario
324 2687 381 2746 line
397 2689 565 2766 praevertit.

203 2771 254 2832 20.
278 2771 423 2832 Saevitum
439 2781 534 2833 tamen
556 2772 584 2832 in
599 2770 691 2853 hona,
713 2791 770 2836 nun
790 2783 820 2835 ut
841 2774 1035 2855 stipendiariis
1055 2794 1143 2856 pecu·
1216 2791 1220 2798 ’

138 2855 204 2914 niae
225 2853 433 2938 redderentur,
457 2873 580 2936 qnorum
597 2873 682 2918 nemo
707 2859 875 2939 repetebat,
902 2859 954 2921 sed
983 2860 1144 2922 liberalitas
1214 2920 1218 2926 .

138 2938 264 3016 Augusti
281 2938 392 3018 avulsa,
413 2943 577 3019 conputatis
592 2941 760 3018 singillatim
775 2962 849 3025 quae
864 2945 936 3006 lisco
960 2944 1141 3025 petebantur.

139 3039 174 3082 ea
202 3023 293 3100 prima
317 3020 436 3084 'liberio
469 3041 540 3102 erga
570 3027 720 3106 pecuniam
752 3027 875 3090 alienam
903 3029 1050 3108 diligentia
1080 3026 1172 3089 tuin·

113 3105 225 3166 sSosia
247 3107 275 3165 in
302 3107 418 3168 exilium
439 3108 555 3186 pellitur
573 3110 668 3170 Asinii
690 3108 765 3173 Galli
787 3114 947 3192 sententia,
970 3115 1019 3194 qui
1033 3120 1146 3194 partem

138 3188 280 3249 bonorum
297 3190 515 3269 publicandam,
539 3211 606 3272 pars
621 3203 652 3254 ut
667 3194 768 3256 liberis
783 3196 998 3278 relinqueretur
1022 3214 1146 3258 censue·

138 3281 192 3333 rat.
229 3282 330 3334 contra
358 3275 408 3337 Μ’.
433 3275 559 3355 Lepidus
586 3288 716 3350 quartam
741 3279 962 3343 accusatoribus
987 3281 1185 3343 secunduma

137 3357 380 3426 necessitudinem
393 3359 480 3438 legis,
497 3370 596 3423 cetera
611 3362 711 3425 liberis
729 3368 884 3427 concessit.
916 3366 992 3426 lrunc
1011 3383 1070 3445 ego
1091 3361 1178 3426 nei

138 3437 234 3514 pidum
252 3441 431 3521 temporibus
459 3443 516 3505 illis
541 3463 661 3524 gravem
689 3456 718 3508 et
744 3449 904 3528 sapientem
933 3449 1025 3510 virum
1051 3450 1148 3511 luisse

268 3733 327 3784 Oa
