2546 3872
418 178 523 226 nunna
537 179 560 225 1.
584 177 659 228 cns.
679 177 799 231 rn—rt.
1091 169 1111 229 9

105 330 282 394 habebatur:
307 348 342 391 ea
365 348 434 410 pars
457 348 567 394 morum
590 333 748 413 eius,'quo
773 334 1110 413 suspectior-sollicitis,

104 415 254 494 adoptanti
272 412 417 492 placebat.
1121 433 1148 474 aa

170 499 220 560 15.
241 496 334 574 Igitur
350 496 458 575 Galba,
474 498 655 577 adprehensa
670 499 784 561 l’isouis
800 519 900 579 manu,
916 502 945 560 in
958 501 1034 562 bunc
1050 518 1111 561 rno-

105 585 172 645 dum
187 583 302 643 locutus
317 581 425 643 fertur:
446 583 484 641 ‘si
503 591 532 643 te
554 585 682 661 privatus
697 585 767 662 lege
783 587 891 645 curiata
909 584 985 663 apud
999 587 1111 664 pontili-
1177 638 1180 642 .

104 687 173 744 ces,
196 674 227 726 ut
243 667 332 725 moris
348 673 412 741 est,
435 665 619 745 adoptarem,
643 666 754 728 etmihi
771 668 921 746 egregium
944 677 1007 729 erat
1022 667 1113 730 Gnaei

102 749 226 828 Pompei
241 757 271 808 et
283 746 322 808 bl.
339 747 438 809 Crassi
452 748 584 810 subolem
600 752 629 810 in
642 760 763 830 penates
777 769 860 812 meos
875 751 1057 828 adsciscere,
1083 761 1112 811 et

102 835 156 896 tibi
173 835 287 910 insigne
302 832 449 910 Sulpiciae
465 850 501 893 ac
516 833 645 894 Lutatiae
656 833 768 896 decora
788 834 931 896 nobilitati
951 845 1018 896 tuae
1033 835 1110 896 adie-
1123 849 1139 888 t·

103 921 199 980 cisse:
222 933 298 976 uano
313 934 359 976 mc
377 915 497 977 deorum
517 915 721 996 hominumque
738 935 884 980 consensu
911 918 947 979 ad
962 920 1112 994 imperium

104 1009 240 1064 vocaturn
261 1000 414 1079 praeclara
434 999 549 1060 indoles
571 1009 618 1062 tua
640 1010 670 1062 at
690 1019 772 1063 amor
794 1003 906 1080 patriae
927 1001 1056 1081 impulit,
1082 1009 1113 1060 ut

106 1085 312 1165 principatum,
333 1083 369 1144 de
390 1100 448 1162 quo
471 1085 596 1144 maiores
618 1086 709 1145 nostri
732 1087 817 1145 armis
840 1084 1007 1162 certabant,
1029 1085 1110 1145 bello

103 1168 228 1246 adeptus
239 1168 400 1247 quiescenti
414 1166 551 1244 offeram,
572 1169 709 1248 exemplo
723 1167 783 1229 divi
797 1169 941 1246 Augusti,
963 1172 1013 1249 qni
1028 1184 1111 1229 soro-

102 1256 145 1314 ris
160 1253 246 1312 filium
261 1249 445 1327 Marcellum,
462 1250 527 1310 dein
545 1269 684 1328 generum
701 1253 885 1331 Agrippam,
901 1271 971 1313 mox
985 1261 1145 1332 nepotesue

101 1351 192 1412 suos,
218 1343 367 1414 postremo
390 1333 536 1394 'liberium
556 1333 702 1396 Neronem
732 1337 896 1415 privignum
922 1338 951 1395 in
977 1338 1111 1416 proximo

101 1419 158 1481 sibi
175 1419 293 1496 iastipio
313 1417 489 1478 conlocauit.
520 1418 573 1479 sed
588 1419 737 1498 Augustus
756 1421 785 1478 iu
806 1419 893 1479 domo
908 1434 1112 1479 successorem

101 1503 260 1584 quaesivit,
277 1519 334 1580 ego
349 1501 377 1560 iu
393 1519 425 1562 re
441 1500 579 1580 publica,
596 1521 655 1564 uon
669 1505 736 1583 quia
751 1505 934 1582 propinquos
948 1512 996 1562 aut
1011 1505 1111 1562 socios

101 1587 173 1647 belli
185 1602 243 1647 nou
254 1584 386 1664 babeam,
402 1585 454 1646 sed
468 1603 564 1664 neque
580 1588 644 1665 ipse
659 1587 810 1664 imperinm
825 1583 980 1648 ambitione
996 1587 1111 1664 accepi,
1185 1641 1191 1646 .

103 1679 134 1732 et
148 1669 314 1731 iudicii-ruci
329 1669 530 1730 documentum
552 1669 590 1731 sit
609 1687 666 1729 uon
686 1687 771 1730 meae
790 1677 898 1730 tantum
920 1668 1109 1730 uecessitudi-
1121 1681 1144 1722 tt

100 1773 174 1832 nes,
191 1771 263 1844 quas
277 1753 329 1814 tibi
344 1756 514 1832 postposui,
529 1752 580 1814 sed
596 1762 626 1814 et
642 1763 719 1814 tuae.
748 1752 857 1813 esttibi
872 1754 963 1813 irater
980 1755 1043 1831 pari
1058 1770 1109 1813 no·

100 1839 228 1916 bilitate,
244 1847 311 1898 natu
324 1840 428 1915 maior,
445 1837 548 1915 dignus
567 1836 622 1898 bac
639 1837 771 1914 fortuna,
786 1835 841 1896 uisi
854 1846 884 1898 tu
903 1838 1001 1915 potior
1016 1853 1109 1896 esses.
1135 1911 1138 1916 Ι
1240 1853 1247 1866 ·

99 1941 138 1984 ea
153 1931 235 1982 aetas
250 1931 315 2000 tna,
332 1936 407 2000 quae
425 1922 597 2000 cupiditates
612 1919 829 1981 adulescentiae
844 1921 899 1980 iam
914 1921 1060 1998 effugerit,
1075 1937 1110 1980 ea

98 2009 175 2083 vita,
198 2007 227 2065 iu
242 2023 298 2085 qna
313 2005 383 2067 nibil
405 2005 592 2084 praeteritum
608 2003 802 2065 excusandum
816 2003 935 2064 babeas.
964 2003 1110 2064 fortunam

97 2090 197 2153 adhuc
213 2098 319 2150 tentum
337 2088 489 2150 adversam
510 2088 615 2148 tulisti:
638 2088 785 2148 secundae
805 2105 855 2146 res
877 2086 1039 2146 acrioribus
1057 2088 1106 2146 sti·
1119 2100 1146 2141 ao

98 2174 187 2235 mulis
210 2169 323 2234 animos
343 2167 514 2250 explorant,
534 2173 600 2250 quia
619 2171 753 2230 miseriae
768 2169 946 2246 tolerantur,
968 2169 1110 2230 felicitate

100 2259 323 2335 corrumpimur.
347 2255 443 2332 iidem,
459 2253 632 2330 libertatem,
648 2253 810 2330 amicitiam,
823 2255 983 2332 praecipua
995 2253 1109 2313 humani

99 2342 188 2403 animi
206 2340 297 2417 bona,
319 2349 349 2400 tu
365 2339 480 2418 quidem
501 2338 602 2399 eadem
624 2337 784 2398 constantia
803 2335 961 2412 retinebis,
987 2336 1039 2397 sed
1061 2335 1109 2396 alii

99 2445 157 2507 per
172 2424 342 2504 obsequium
353 2425 532 2483 imminuent:
550 2425 692 2499 inrumpet
706 2419 844 2496 adulatio,
860 2419 1026 2496 blanditiae,
1043 2437 1109 2515 pes.-

98 2511 203 2570 simum
218 2509 281 2568 veri
301 2507 434 2568 adiectus
455 2521 612 2582 venenum,
635 2521 686 2564 sna
702 2505 812 2583 'cuique
832 2503 948 2563 utilitas.
978 2505 1063 2565 etiarn
1083 2503 1145 2563 sies

98 2609 161 2670 ego
175 2609 213 2652 ao
228 2600 257 2651 tn
273 2591 485 2668 simplicissime
507 2591 584 2649 luter¹
604 2605 659 2648 uos
680 2585 768 2648 bodie
788 2587 946 2665 loquimur,
971 2588 1062 2648 ceteri
1077 2585 1109 2646 li·
1163 2625 1167 2629 -

98 2677 216 2736 beutius
242 2693 306 2734 cum
326 2674 441 2735 fortuna
464 2683 564 2734 nostra
585 2689 670 2752 quam
700 2671 866 2738 nobiscnm:
895 2687 960 2730 uam
986 2669 1110 2732 suadere

99 2760 227 2840 principi
244 2756 322 2839 quod
339 2766 476 2837 oporteat
495 2755 575 2817 multi
596 2756 721 2832 laboris,
745 2754 905 2814 adsentatio
921 2771 994 2832 erga
1011 2770 1123 2833 quem·-

101 2855 224 2921 cnmque
240 2843 401 2920 principem
418 2845 480 2902 siue
496 2840 612 2902 adiectu
629 2840 802 2920 peragitur!
933 2908 938 2917 1

167 2925 216 2986 16.
235 2923 280 2985 ‘si
295 2925 452 2986 inmensum
468 2925 581 3003 imperil
597 2940 705 3002 eorpus
718 2931 797 2983 stare
807 2939 849 2983 ac
866 2921 966 2983 librari
987 2923 1049 2982 siue
1064 2941 1109 2983 re·

101 3019 184 3071 ctore
199 3017 317 3088 posset,
333 3009 435 3087 dignus
450 3021 529 3074 eram
545 3027 560 3069 a
574 3025 634 3088 ,quo
650 3025 699 3066 res
717 3005 834 3084 publica
850 3007 1009 3084 inciperet:
1033 3021 1109 3066 nnuc

100 3111 138 3155 eo
157 3094 342 3174 necessitatis
356 3094 412 3154 iam
431 3091 542 3172 pridem
559 3101 677 3153 ventum
694 3099 753 3168 est,
777 3099 807 3149 ut
821 3106 876 3151 uec
890 3106 955 3149 mea
971 3097 1108 3149 senectus

100 3176 239 3238 conterre
255 3175 321 3256 plus
336 3175 447 3256 populo
465 3177 595 3237 Romano
611 3177 707 3255 possit
725 3190 810 3254 quam
825 3173 932 3236 bonum
953 3187 1108 3232 successo-

98 3276 178 3338 rem,
200 3273 256 3320 nec
272 3269 321 3320 tua
343 3260 407 3339 plus
431 3261 546 3320 iuventa
564 3274 648 3338 quam
663 3259 770 3319 bonum
785 3260 955 3336 principem.
989 3253 1042 3314 sub
1059 3254 1131 3314 'li-s

71 3417 75 3421 ,
98 3341 182 3406 berlo
206 3353 235 3404 et
251 3341 323 3405 Gaio
348 3353 377 3403 et
394 3341 515 3404 Claudio
539 3345 622 3402 nnius
640 3341 765 3402 familiae
788 3341 870 3418 qnasi
891 3337 1038 3399 hereditas
1055 3337 1108 3396 lui·

97 3445 177 3502 mna:
190 3426 412 3489 looolibertatis
424 3427 479 3487 erit
491 3425 568 3504 quod
581 3425 651 3502 eligi
665 3425 829 3502 coepimns;
843 3431 872 3481 et
883 3419 961 3480 linita
972 3419 1110 3480 Iuliorum
