2570 3878
427 170 533 218 nunna
549 171 597 243 rur.
621 171 697 220 car.
712 169 834 224 ιιι-ιι.
1073 159 1136 228 ιιι

129 334 194 407 tur,
211 327 280 407 quin
293 325 385 408 prims
400 326 518 390 iuventa
536 327 717 389 consulatum
731 334 761 388 et
775 327 930 390 dictaturas
945 329 1059 392 tument
1084 330 1138 392 sed

127 423 307 492 questurus
316 410 437 489 regibus
449 412 535 472 etiam
546 420 604 472 tam
615 411 844 494 imperantibus
835 413 956 476 restituti
967 422 1043 492 sunt,
1058 415 1137 493 quod

128 496 181 558 lex
203 497 312 557 curiata
333 494 460 558 ostendit
480 495 666 558 arbitrum
681 498 816 577 repetita.
852 497 1014 578 mansitque
1032 513 1136 560 oonsu-

126 579 206 642 libus
222 588 352 661 potestas
367 577 532 659 deligendi,
542 581 638 643 donec
647 599 712 642 eum
722 598 839 661 quoque
852 580 995 644 honorem
1009 582 1136 662 populus

127 664 287 726 mundaret
313 665 464 764 creatique
478 667 599 744 primum
610 665 865 727 ValeriusPotitns
879 673 909 726 et
922 665 1134 732 Aemiliuella·
1149 685 1176 729 ιι

127 766 245 811 marcus
260 750 465 827 sexagensimo
480 751 566 811 tertio
583 766 657 811 anno
672 758 742 828 post
756 749 929 828 tarquinius
945 759 1085 828 exactos,
1107 760 1138 812 ιι

126 851 191 894 rem
213 833 366 895 militarem
389 834 603 895 comitarentur
637 832 705 894 dein
725 833 918 912 glisuandbus
934 836 1062 912 negotiis
1079 835 1137 896 duo

6 931 7 934 ’
126 917 216 979 additi
223 919 298 998 ,qut
308 918 419 978 Romae
436 927 584 979 curarent:
599 935 667 980 mox
681 917 847 998 duplicatus
860 936 1014 998 numeras,
1028 922 1137 999 stipen-

127 1001 221 1064 diaria
241 1001 295 1064 laur
311 1000 394 1064 ltalia
415 1009 445 1062 ιι
465 1003 674 1064 accedentibus
695 1003 910 1082 provinciarum
925 1004 1137 1083 vectigalibus:

126 1093 197 1168 post
213 1085 282 1164 lege
296 1084 395 1146 Sullae
411 1085 515 1163 viginti
532 1089 623 1148 oreeti
640 1085 805 1168 supplendo
820 1088 949 1167 senatui,
972 1090 1018 1150 cui
1033 1087 1174 1150 iudiolaar

126 1168 297 1232 tradideret
346 1178 375 1231 et
405 1186 576 1250 quamquam
605 1171 720 1250 equites
746 1171 850 1234 iudicia
877 1173 1138 1252 reciperavissent,

127 1263 285 1336 quaestura
306 1259 400 1316 ιιιιιιι
416 1271 455 1314 ex
471 1254 611 1333 dignitate
633 1254 849 1316 candidatorum
866 1265 914 1318 aut
929 1256 1071 1319 facilitate
1088 1259 1138 1318 tri-

126 1339 276 1400 buentium
290 1340 417 1416 gratuito
438 1339 673 1418 concedebatur,
696 1339 791 1402 donec
807 1342 950 1401 sententia
963 1340 1138 1404 Dolabellae

127 1423 210 1484 relat
226 1422 447 1483 venundaretur.

190 1506 242 1568 23.
264 1505 479 1568 avtnetticl.
494 1508 639 1588 Vipstano
656 1506 825 1569 consulibua
839 1525 904 1568 cnm
919 1507 956 1568 de
972 1509 1137 1589 supplendo

127 1599 231 1652 senatu
246 1592 405 1668 agltarctur
420 1592 624 1671 primoresque
639 1590 768 1670 Galliae,
784 1609 859 1672 quae
872 1589 991 1653 (lomata
1006 1593 1138 1692 appella·

125 1683 189 1753 ιιι,
206 1672 329 1739 loedere
346 1683 377 1735 et
392 1674 538 1737 civitatem
551 1677 710 1738 Romanam
725 1675 837 1756 pridem
856 1676 1029 1755 adsecuti,
1019 1695 1064 1738 ιιι
1080 1677 1138 1738 adi·

127 1758 360 1840 piscendorum
350 1776 380 1818 nn
398 1756 472 1820 urbe
492 1759 634 1821 bonorum
657 1767 848 1840 expeterent,
868 1760 973 1821 multus
992 1779 1028 1822 ιι
1049 1779 1138 1841 super

125 1861 162 1906 re
176 1845 334 1922 rariusque
348 1858 455 1903 rumor.
486 1853 516 1904 et
536 1844 639 1906 studiis
659 1844 783 1906 dirersis
805 1844 881 1924 apud
896 1845 1058 1926 prinoipem
1074 1864 1136 1907 cer·
1147 1865 1160 1904 ι

127 1927 240 1990 tabatur
259 1927 491 1989 adseverantium
511 1945 569 1990 non
590 1927 664 1990 adeo
687 1944 805 2007 aepranr
826 1928 945 1996 ltaliam,
957 1937 988 1990 ιιι
1006 1939 1137 1992 senatum

127 2011 317 2093 suppeditare
341 2010 407 2072 urbi
434 2029 505 2074 snae
532 2013 677 2093 nequiret.
718 2012 872 2074 suffecisse
895 2012 964 2074 olim
985 2013 1137 2091 indIgenas

7 2119 8 2130 ι
127 2096 353 2174 consangnineis
379 2096 512 2175 populis,
538 2115 594 2157 nec
616 2097 768 2175 paenitere
789 2097 902 2157 veteris
924 2097 969 2157 rei
989 2097 1136 2177 publicae.

127 2182 195 2261 quin
210 2179 305 2242 'adhuc
324 2180 478 2241 memorari
500 2180 636 2260 exempla
659 2198 735 2260 quae
758 2181 865 2260 priscis
880 2179 1009 2241 moribus
1027 2181 1064 2242 ad
1078 2181 1135 2242 vir·

126 2273 215 2327 tutem
230 2273 260 2325 et
274 2264 400 2341 gloriam
414 2264 545 2325 Romana
558 2264 674 2326 indoles
689 2263 859 2344 prodiderit.
889 2278 926 2324 an
942 2281 1042 2343 parurn
1058 2264 1137 2343 qnod
1146 2287 1173 2329 ru

127 2349 234 2411 Veneti
249 2356 279 2408 et
292 2347 431 2408 lnsnbres
450 2349 558 2409 curiam
573 2349 749 2428 inruperint,
770 2349 827 2408 uisi
839 2356 927 2408 coetu
957 2348 1136 2425 alienigena·

126 2451 189 2499 rum
202 2431 284 2493 relat
299 2433 453 2512 eaptivitas
475 2430 637 2494 inferatur?
658 2449 744 2512 quem
758 2431 833 2494 ultra
855 2430 998 2492 bonorem
1011 2430 1137 2492 residuis

127 2517 286 2594 nobilium,
302 2524 350 2578 ant
363 2517 388 2576 si
404 2518 468 2596 quis
484 2534 597 2596 pauper
613 2516 726 2578 ebatio
743 2525 860 2577 senator
877 2513 977 2578 toret?
1000 2516 1135 2595 oppletu-

125 2620 177 2664 ros
193 2602 288 2665 omnia
309 2599 414 2662 divites
438 2599 524 2678 illos,
544 2618 665 2679 quoram
680 2602 726 2661 avi
749 2601 911 2680 proavique
925 2599 1071 2661 hostilium
1086 2618 1135 2660 na-

126 2690 235 2749 tionum
250 2683 341 2745 duces
355 2685 503 2746 exercitas
517 2692 635 2745 ιιιιιιι
651 2685 730 2746 ιιιιο
747 2685 835 2762 rique
851 2683 1026 2761 ceciderint,
1041 2683 1136 2748 dirum
1146 2706 1170 2747 ιι

126 2771 230 2832 lulium
243 2768 322 2848 apud
336 2768 467 2831 Alesiam
482 2767 661 2830 obsederint.
688 2770 821 2830 recentis
836 2767 929 2828 baeu:
946 2767 1015 2847 quid
1035 2769 1061 2830 si
1075 2787 1134 2829 me-

126 2859 221 2918 moria
237 2873 338 2918 eorem
350 2867 498 2937 oreretur,
513 2862 561 2938 qui
572 2859 719 2938 capitolio
732 2868 763 2919 et
774 2875 843 2918 aree
853 2857 983 2918 Romana
993 2856 1129 2916 *imant

126 2941 184 3002 bne
213 2941 371 3003 eorundem
393 2941 576 3022 periissent?
612 2949 778 3005 fruerentur
802 2959 877 3002 sane·
891 2938 1040 3001 vocabulo
1059 2939 1131 3000 civi·

7 3047 15 3060 .,
125 3027 212 3087 tatis:
230 3027 355 3104 iusignia
370 3037 499 3105 patrum,
522 3027 629 3088 decora
644 3029 860 3104 magistratuum
873 3043 910 3086 ne
925 3023 1127 3101 vulgarentur.

151 3125 155 3132 '
186 3117 238 3177 ιι.
259 3111 312 3175 llis
333 3123 419 3193 atque
441 3111 548 3176 talibas
567 3112 642 3174 haud
663 3119 811 3190 permotus
833 3111 972 3192 princeps
989 3118 1019 3171 et
1036 3113 1132 3172 statim

125 3208 227 3262 contra
250 3198 386 3260 disseruit
405 3207 436 3260 et
454 3205 562 3260 roceto
579 3205 681 3257 senatu
699 3198 739 3257 ita
760 3212 886 3256 exorsus
899 3205 960 3256 est:
985 3195 1131 3255 maiores

123 3287 199 3361 mei,
221 3293 341 3363 quotum
361 3281 573 3364 antiquissimus
594 3279 720 3346 clausus
737 3280 852 3380 enipius
869 3278 977 3340 Sabina
998 3276 1081 3336 simul
1101 3278 1131 3336 ln

126 3369 272 3431 civitatem
291 3367 451 3430 Romanam
473 3366 552 3427 etin
574 3365 697 3426 familias
719 3364 908 3443 patriciorum
923 3360 1050 3423 adscitus
1074 3370 1130 3435 est,

39 3443 43 3448 ’
126 3453 278 3515 hortantur
298 3455 339 3514 ιιι
365 3451 484 3533 paribus
517 3450 647 3510 consiliis
679 3449 708 3507 ιιι
732 3465 767 3507 ιι
794 3445 911 3526 publica
939 3442 1157 3520 capessendas
