2440 3886
375 197 479 246 urens
491 199 514 244 r.
534 196 742 250 cnr.ro-13.
762 231 764 238 1
1049 183 1069 242 9

80 351 247 430 Tiberioque
269 352 353 412 etiam
373 352 402 412 in
423 352 511 412 rebus
532 369 604 432 quas
626 369 684 412 nou
706 352 873 430 occuleret,
896 368 949 412 seu
970 361 1069 412 natura

79 438 134 496 sive
149 435 352 512 adsuetudine,
374 453 515 514 suspensa
536 454 653 516 semper
678 446 708 497 et
731 436 855 498 obscura
874 436 979 497 verba:
1002 445 1105 496 tuncto

80 537 143 579 vero
157 521 268 595 nitenti,
286 529 315 578 ut
332 537 435 580 seusus
450 536 520 580 suos
536 523 651 598 penitus
673 519 810 598 abderet,
834 522 862 580 in
882 521 1022 580 incertum
1040 528 1070 578 et

77 603 230 680 ambiguum
245 604 338 680 magis
352 603 582 680 implicabantur.
594 651 602 660 .
614 613 644 664 at
657 613 774 683 patres,
797 605 903 684 quibus
921 621 993 664 unus
1009 622 1067 662 me·

78 695 117 765 tuq
128 689 151 746 si
164 686 341 763 intellegere
353 687 532 765 viderentur,
548 689 576 748 in
589 697 708 768 questus
721 689 855 749 lacrimas
866 696 936 749 nota
948 687 1069 757 effundi;

77 770 108 830 ad
123 770 204 847 deos,
220 771 257 830 ad
273 770 400 848 effigiem
413 771 549 849 Augusti,
566 771 601 833 ad
616 790 711 854 gqnua
723 773 813 850 ipsius
824 790 924 834 manus
936 772 1068 846 tendere,

77 873 132 912 cum
146 854 273 932 proferri
286 853 417 916 libellum
430 856 607 935 recitarique
622 856 714 916 iussit.
744 873 818 935 opes
841 855 978 935 publicae
999 871 1066 915 con·
1078 867 1105 909 rs

76 936 237 1015 linebantur,
258 948 394 1017 quantum
410 939 513 1000 civium
528 941 734 1019 sociorumque
750 941 778 999 in
796 941 892 1017 armis,
908 948 978 1017 quot
995 938 1069 1000 clas·
1094 994 1096 996 ,

75 1039 127 1096 ses,
140 1039 243 1099 regna,
263 1023 443 1100 provinciae,
459 1023 565 1084 tributa
580 1034 628 1085 aut
640 1024 814 1102 vectigalia,
833 1033 863 1084 et
875 1023 1070 1084 necessitates

75 1104 304 1182 aclargitiones„
324 1124 399 1185 quae
411 1115 514 1168 cuneta
531 1126 582 1168 sua
597 1126 681 1168 manu
695 1109 912 1186 perscripserat
922 1107 1070 1185 Augustus

75 1187 274 1269 addideratque
292 1191 443 1250 consilium
460 1192 616 1252 coercendi
632 1193 705 1252 intra
719 1192 856 1252 terminos
877 1191 1006 1269 imperii,
1028 1192 1069 1250 in·

76 1281 172 1333 certum
186 1282 267 1334 metu
283 1291 319 1333 au
336 1292 390 1353 per
403 1274 546 1337 iuvidiam.
1078 1277 1105 1318 ²⁹

129 1355 175 1416 12.
198 1356 282 1418 lnter
299 1375 373 1436 quae
396 1367 497 1420 senatu
516 1361 551 1420 ad
572 1360 683 1420 intimas
703 1359 915 1420 obtestationes
936 1375 1068 1437 procum-

79 1439 161 1517 bente,
178 1441 252 1501 dixit
269 1440 348 1502 forte
363 1441 498 1503 Tiberius
514 1462 547 1504 se
564 1452 594 1504 ut
610 1461 667 1504 non
681 1444 734 1503 toti
749 1444 793 1503 rei
809 1442 945 1521 publicae
957 1459 1068 1520 parem,

81 1524 111 1582 ita
121 1542 323 1604 quaecumque
339 1543 408 1604 pars
422 1527 478 1586 sibi
492 1527 691 1602 mundaretur,
707 1528 769 1587 eius
786 1526 906 1587 tutelam
918 1535 1068 1603 susceptu·

80 1625 133 1668 rnn.
160 1619 221 1669 turn
237 1608 359 1670 Asinius
375 1609 474 1670 Gallus
489 1612 674 1689 ‘interrogo’
692 1611 799 1689 inquit,
820 1608 964 1687 roseam,
986 1626 1069 1688 qnam

77 1702 172 1767 partem
186 1694 234 1753 rei
249 1691 389 1771 publicae
403 1695 529 1756 mandari
546 1695 596 1754 tibi
610 1694 715 1758 uelis’,
747 1694 900 1772 perculsus
920 1695 1091 1771 inprovisat

75 1775 297 1856 interrogatione
312 1776 427 1856 paulum
443 1779 575 1839 reticuit:
600 1777 667 1852 dein
688 1776 816 1838 collecto
839 1777 931 1838 animo
946 1794 1068 1854 respen-

74 1858 106 1918 dit
116 1870 302 1940 nequaquam
320 1861 457 1922 decorum
472 1862 575 1941 pudori
590 1879 644 1922 sno
661 1862 764 1940 legere
779 1861 886 1942 aliquid
900 1870 947 1920 ant
960 1862 1082 1921 evitare'

74 1961 104 2002 ex
117 1961 162 2020 eo,
182 1946 231 2006 cui
248 1946 281 2005 in
294 1945 459 2006 universum
475 1948 610 2007 excusari
620 1945 728 2006 mallet.
754 1963 868 2006 rursum
880 1943 979 2006 Gallus
991 1945 1069 2022 (ete-

74 2028 120 2087 nim
132 2029 211 2088 vultu
232 2028 427 2090 cliensionem
443 2030 674 2107 coniectaverat)
694 2047 750 2090 non
774 2027 885 2106 idcirco
908 2029 1068 2103 interroga·

73 2119 121 2170 tnnr
134 2114 183 2189 ait,
199 2122 232 2172 ut
248 2112 394 2172 divideret
409 2131 483 2192 quae
499 2115 630 2191 s‘eparari
645 2115 808 2192 nequirent,
826 2112 1105 2172 sedutsuacon·1a

73 2196 191 2257 lessione
207 2205 400 2276 argueretur,
423 2215 507 2258 unum
530 2215 598 2257 esse
620 2198 664 2257 rei
688 2196 825 2274 publicae
845 2213 953 2274 eorpus
981 2204 1068 2274 atque

73 2280 144 2339 nnius
158 2282 257 2340 animo
273 2281 441 2358 regendum.
472 2281 580 2342 addidit
590 2279 705 2342 laudern
718 2281 753 2341 de
766 2280 899 2357 Augusto
911 2277 1069 2338 'liberium-

73 2380 120 2439 qne
141 2365 239 2443 ipsum
252 2364 438 2448 victoriarum
453 2382 568 2426 suarum
583 2382 716 2443 quaeque
732 2365 761 2424 in
775 2373 843 2441 toga
857 2380 912 2442 per
922 2370 965 2422 tot
979 2377 1069 2421 annos

73 2451 184 2526 egregie
199 2448 329 2510 iecisset
342 2449 511 2510 admonuit,
527 2467 583 2509 nec
598 2450 666 2509 ideo
677 2450 747 2508 iram
761 2449 823 2508 eius
834 2447 945 2523 lenivit,
958 2445 1069 2524 pridem

72 2530 187 2610 inrisus,
209 2541 356 2610 tamquam
371 2532 456 2593 ducta
479 2535 508 2592 in
522 2533 730 2601 matrimonium
746 2531 886 2610 Vipsania
903 2529 941 2590 bl.
958 2530 1065 2608 Agrip·
1078 2543 1104 2584 rs

73 2632 120 2689 pac
137 2617 208 2693 lilia,
226 2633 304 2695 qnae
319 2616 461 2695 quondam
476 2615 586 2678 'liberii
600 2635 674 2678 uxor
688 2617 800 2692 luerat,
819 2615 885 2693 plus
901 2632 985 2692 quam
1000 2614 1068 2674 ciui·

72 2696 103 2758 lia
115 2698 456 2779 agitaretd‘mltonisque
471 2701 564 2760 Asinii
580 2702 670 2779 patris
684 2700 824 2760 ferociam
839 2700 989 2759 retineret.
1067 2767 1069 2774 ‚

128 2783 175 2844 13.
199 2785 274 2846 Post
298 2801 373 2862 quae
393 2785 427 2846 b.
442 2784 596 2845 Arruntius
618 2784 694 2845 haud
714 2783 833 2843 multum
857 2782 1027 2861 discrepans
1052 2800 1068 2842 a

73 2864 137 2927 Galli
152 2869 290 2929 oratione
305 2869 427 2946 perinde
445 2868 582 2944 oliendit,
600 2885 771 2948 quamquam
786 2865 905 2927 liberio
920 2866 998 2927 nulla
1017 2883 1068 2942 ve·-

72 2958 110 3008 tns
122 2953 150 3011 in
163 2953 333 3012 Arruntium
349 2954 408 3013 ira:
425 2952 478 3013 sed
495 2951 627 3031 divitem,
652 2959 832 3029 promptum,
853 2950 962 3011 artibus
982 2967 1068 3027 egre·

74 3034 122 3108 giis
134 3044 164 3095 et
179 3037 246 3114 pari
260 3035 335 3097 fama
351 3035 479 3114 publIce,
498 3035 695 3114 suspectabat.
723 3035 832 3113 quippe
850 3035 1001 3113 Augustus
1021 3053 1067 3093 su·

75 3120 173 3191 premis
190 3119 373 3180 sermonibus
390 3138 453 3180 cunr
470 3127 626 3194 tractaret,
642 3119 755 3196 quinam
770 3118 892 3196 adipisci
907 3120 1092 3198 principemt

77 3198 161 3262 locum
178 3204 329 3266 suffecturi
344 3203 505 3264 abnuerent
519 3212 566 3263 aut
579 3203 697 3282 inpares
712 3201 824 3262 vellent
844 3202 893 3262 vel
908 3203 984 3263 idem
1000 3217 1067 3278 pos·

76 3295 132 3346 seut
145 3295 363 3367 cuperentque,
384 3285 716 3365 tl’.1.epioumutxcmt
737 3303 874 3364 capacem
895 3281 948 3345 sed
969 3300 1068 3361 asper·

78 3379 201 3448 nantem,
216 3370 329 3434 Gallum
344 3372 474 3432 Asinium
490 3370 602 3432 avidum
628 3381 656 3431 et
675 3370 832 3445 minorem,
855 3370 887 3432 t.
904 3367 1069 3427 Arruntium

78 3468 127 3516 non
143 3456 288 3534 indignum
306 3465 351 3533 et,
381 3458 405 3515 si
430 3473 515 3515 casus
535 3455 667 3532 daretur,
693 3470 835 3514 ausurum.
865 3451 902 3510 de
924 3446 1070 3528 prioribus
