2536 3870
441 211 548 257 ursus
562 211 609 258 tv·
628 210 704 259 car.
723 207 841 262 rt-au.
1066 200 1140 273 ‚trs

110 401 114 414 ‹
137 381 200 430 tur:
232 365 302 428 illuo
317 366 474 426 incubuere
491 365 638 442 Gennaui,
660 376 689 428 ct
704 367 756 426 iuit
771 368 883 427 interim
901 367 1037 444 eliugium
1049 357 1145 444 legio-¹

138 451 223 512 nibus
242 452 382 510 incastus
405 449 508 529 quibus
524 451 663 513 Veterum
684 463 788 511 nomeu
809 461 862 510 est.
892 453 1059 531 praefectus
1076 451 1141 510 alae

138 537 311 597 batavorum
329 533 465 594 Claudius
479 533 597 611 Labeo,
613 534 760 615 oppidano
776 538 931 596 certamine
949 536 1076 596 aemulus
1093 533 1140 594 Gi·

140 620 208 695 mii,
227 637 262 678 ne
277 619 447 680 interiectus
465 619 599 678 invidiam
615 621 690 698 apud
705 619 863 699 populares
880 619 945 696 vel,
962 621 986 680 si
1001 619 1138 678 retinere·
1149 628 1175 668 tt

138 715 198 781 tur,
214 703 323 763 semina
339 701 502 762 discordiae
517 703 692 782 praeberet,
712 705 740 762 in
754 703 866 764 Frisios
881 702 1022 764 avehitur.

199 787 247 848 19.
278 785 374 846 Isdem
404 785 506 847 diebus
528 787 700 848 batavorum
726 797 755 848 et
782 786 1009 848 Canninefatium
1036 787 1139 848 cobor-

135 883 198 948 tes,
221 889 285 931 oum
307 872 385 931 iussu
404 871 514 931 Vitellii
535 873 563 930 in
585 870 684 932 urbem
699 873 995 951 pergerent,·missus
1012 891 1029 934 a
1047 870 1141 932 Civile

134 959 250 1016 nuntius
280 954 455 1034 adsequitur.
491 957 651 1017 intumuere
676 959 771 1016 statim
796 956 933 1036 superbia
960 957 1140 1035 ferociaque,

138 1051 167 1100 et
189 1039 311 1119 pretirim
339 1041 450 1100 itineris
478 1039 658 1116 donativum,
686 1041 796 1120 duplex
822 1041 1010 1119 stipendium,
1039 1041 1140 1118 augeri

138 1125 264 1203 equitum
283 1141 446 1201 numerum,
476 1127 619 1203 promissa
639 1143 710 1186 sane
734 1145 750 1186 a
777 1125 917 1201 Vitellio,
945 1124 1163 1203 postulabant,s

137 1225 195 1268 non
209 1216 240 1267 ut
254 1208 492 1286 adsequerentur,
507 1209 561 1268 sed
574 1227 689 1270 oausam
704 1209 849 1272 seditioni,
870 1218 898 1268 et
911 1208 1036 1269 Flaccus
1052 1207 1140 1267 multa

137 1291 327 1353 concedendo
342 1291 412 1352 nibil
428 1293 505 1352 aliud
521 1293 661 1354 effecerat
681 1311 765 1372 quam
780 1301 810 1351 ut
830 1293 925 1352 acrius
941 1301 1142 1371 exposcerent

137 1394 211 1456 quae
227 1375 359 1437 sciebant
378 1385 559 1454 negaturum.
591 1387 691 1455 spreto
709 1376 819 1436 Flacco
842 1376 1010 1435 inferiorem
1025 1374 1140 1435 (leuma-

136 1461 211 1521 niam
233 1461 381 1540 petivere,
407 1470 437 1521 ut
457 1457 543 1520 Girili
562 1461 760 1537 iungerentur.
797 1457 983 1518 Hordeonius
1007 1457 1141 1518 adhibitis

136 1543 258 1606 tribunis
287 1544 561 1622 centurionibusque
588 1543 778 1617 consultavit,
806 1561 873 1602 num
900 1542 1070 1620 obsequium
1090 1541 1176 1601 abio

136 1637 258 1689 urentes
279 1629 308 1687 vi
330 1636 499 1694 coerceret;
525 1643 595 1688 mox
616 1628 699 1688 insita
722 1628 836 1704 ignavia
863 1636 893 1687 et
918 1626 1041 1704 trepidis
1062 1627 1140 1685 mini·

137 1713 222 1788 stris,
251 1728 325 1790 quos
354 1711 504 1789 ambiguus
535 1710 706 1792 auxiliorum
726 1713 836 1771 animus
859 1719 889 1770 et
915 1709 1010 1770 subito
1023 1710 1141 1772 ,dilectu

136 1795 292 1876 suppletae
312 1796 447 1873 legiones
475 1794 638 1875 augebant,
663 1797 761 1856 statuit
781 1796 932 1854 continere
952 1795 1034 1856 intra¹
1046 1802 1140 1854 castra

135 1880 269 1941 militem.
290 1879 357 1940 dein
371 1881 562 1960 paenitentia,
580 1888 609 1939 et
623 1878 836 1957 arguentibus
827 1881 901 1958 rpsis
916 1881 964 1957 qui
982 1889 1140 1954 suaserant,

135 1975 278 2045 tamquam
301 1973 466 2059 secuturus,
488 1965 606 2043 scripsit
623 1962 769 2024 Herennio
786 1961 870 2024 Gallo
886 1962 1013 2041 legionis
1030 1965 1139 2042 primae
1151 1985 1175 2026 ιι

137 2050 254 2126 legato,
276 2066 323 2127 qur
316 2042 464 2110 Bo'rmam
488 2047 653 2123 obtinebat,
673 2056 704 2107 ut
725 2056 841 2107 arceret
860 2049 980 2106 transitu
998 2046 1138 2107 Batavos:

137 2151 169 2193 se
186 2150 250 2192 oum
265 2132 395 2192 exercitu
407 2133 499 2210 tergis
513 2147 611 2192 eorum
625 2131 788 2191 haesurum
811 2140 840 2190 et
855 2131 978 2211 opprimi
993 2140 1139 2210 poteraut,

136 2237 160 2276 ιι
153 2216 242 2277 hinc
254 2215 457 2294 Hordeonius,
473 2217 540 2276 inde
560 2213 676 2291 Gallus,
692 2216 777 2275 motis
793 2215 936 2294 utrimque
954 2214 1065 2294 copiis,
1081 2233 1138 2273 me·

137 2301 201 2362 dios
230 2299 413 2364 clausissent.
453 2297 578 2361 Flaccus
603 2301 700 2360 omisit
726 2301 873 2378 inceptum
902 2297 1026 2396 aliisque
1046 2298 1139 2359 literis

115 2385 249 2447 *Gallum
269 2385 378 2446 monuit
398 2403 436 2444 ue
459 2389 584 2446 terreret
603 2384 757 2445 abeuntes:
800 2382 874 2443 unde
890 2382 1020 2460 suspicio
1035 2391 1140 2462 sponte
1149 2403 1175 2442 co

137 2472 300 2548 legatorum
322 2469 443 2530 excitari
471 2467 598 2546 bellum,
623 2478 784 2547 cunctaque
806 2485 880 2546 quac
903 2465 1070 2527 acciderant
1093 2476 1141 2526 arat

136 2554 352 2632 metuebantur,
367 2569 425 2614 non
443 2554 545 2616 inertia
563 2553 659 2614 militis
674 2571 770 2632 neque
782 2552 908 2612 hostium
922 2569 952 2610 vr
944 2550 1020 2611 sed
1037 2541 1139 2612 fraude

136 2639 239 2699 ducum
255 2639 383 2700 evenire

194 2723 245 2784 20.
267 2723 368 2784 Batavi
382 2742 446 2784 oum
464 2723 566 2784 eastris
577 2721 778 2784 Bonnensibus
796 2721 1039 2802 propinquarent,
1056 2739 1139 2801 prae·

134 2807 241 2869 misere
264 2809 311 2887 qui
338 2805 486 2869 llercuuio
508 2806 592 2868 Gallo
620 2805 753 2867 mandata
776 2805 936 2867 cohortium
965 2815 1139 2884 exponeret.

135 2893 243 2953 nullum
264 2891 319 2952 sibi
346 2891 454 2952 bellum
479 2890 622 2970 adversus
644 2891 810 2967 Romanos,
833 2907 888 2971 pro
907 2888 1011 2968 quibus
1032 2891 1140 2950 totiens

136 2976 314 3036 bellassent:
345 2976 433 3054 longa
450 2985 538 3055 atquo
552 2977 631 3036 irrita
643 2976 742 3036 militia
757 2973 843 3036 lassis
861 2977 972 3055 patriae
987 2983 1073 3053 atque
1090 2975 1140 3034 otii

138 3059 300 3138 cupidinem
315 3077 392 3119 esse.
420 3063 445 3120 si
460 3077 546 3120 nemo
561 3060 733 3137 obsisteret,
756 3061 901 3120 innoxium
915 3060 971 3119 iter
985 3058 1066 3118 iore:
1096 3059 1162 3119 sins

127 3161 216 3212 ¹arma
233 3152 403 3221 occurrant,
419 3144 500 3204 ierro
515 3146 591 3205 ιίιιιιι
604 3147 783 3205 inventuros.
815 3151 996 3204 cunctantem
1012 3141 1140 3218 legatum

137 3227 243 3288 milites
252 3225 442 3306 perpulerant
455 3227 597 3284 loctunam
613 3225 722 3302 proelii
735 3225 875 3301 experiri.
899 3225 989 3296 igitur
1000 3225 1054 3282 tria
1064 3224 1141 3282 milia

137 3310 364 3391 legionariorum
386 3317 415 3370 et
434 3308 635 3370 tumultuariae
649 3309 804 3386 belgarum
821 3308 974 3381 cobortes,
994 3307 1075 3367 simul
1094 3325 1142 3384 pa-

137 3415 278 3478 ganorum
290 3395 489 3474 lixarumque'
479 3411 585 3472 ignava
598 3394 650 3455 sed
661 3411 773 3472 procax
785 3401 850 3452 ante
861 3391 1021 3469 periculum
1031 3407 1141 3484 manus,

137 3482 269 3544 omnibus
285 3481 377 3559 portis
393 3488 598 3560 prorumpunt,
619 3487 648 3538 ut
664 3477 789 3536 batavos
806 3491 925 3535 numero
945 3476 1062 3552 inpares
1083 3472 1176 3528 cir-1⁰
