2546 3872
402 175 507 222 erese
521 175 545 220 1.
567 139 642 223 car.
657 173 778 229 ao-ss.
1039 144 1091 226 '17

83 326 259 389 manendum
275 327 348 387 intra
363 327 493 403 domum,
515 330 692 407 opponenda
707 329 843 407 servitia,
864 329 1017 392 firmandos
1032 331 1092 392 adi·
1179 402 1181 408 7

82 423 151 488 tus,
173 427 232 471 non
255 409 377 471 eundum
400 411 435 470 ad
457 412 546 472 iratos
561 412 715 475 censebat:
738 414 820 474 daret
837 413 976 474 malorum
992 417 1126 494 paeni·1o

83 496 216 571 tentiae,
238 494 321 554 daret
336 493 477 555 honorum
493 497 647 556 consensui
668 498 801 575 spatium.
834 499 952 558 scelera·
971 499 1090 577 impeta,

85 579 164 640 bona
180 577 302 638 consilia
321 595 402 637 mora
418 578 581 640 valescere.
614 580 739 659 denique
757 579 842 640 eundi
861 579 954 658 ultro,
977 584 1000 640 si
1015 586 1090 643 ratio

84 665 136 738 sit,
153 661 274 723 eandem
287 677 355 720 mon
370 660 548 740 facultatem,
564 680 744 747 regressum,
751 668 776 724 sl
784 665 940 743 paeniteat,
952 665 980 724 in
994 665 1091 728 aliena

108 755 244 806 otestate.
633 791 634 798 ,

84 764 105 827 p
151 829 201 890 33.
222 828 426 890 Festinandum
449 829 557 890 ceteris
579 829 746 907 videbatur,
770 840 924 910 autequam
940 841 1091 894 cresceret

82 913 212 974 invalida
224 911 318 972 adhuc
331 913 489 972 coniuratio
502 930 673 992 paucorum:
686 912 891 993 trepidaturum
903 917 988 975 etiam
1000 915 1089 977 Otho-

82 1015 172 1073 nem,
195 997 241 1075 qui
259 996 354 1056 iurtinr
376 994 541 1073 digressus,
564 997 600 1057 ad
621 999 740 1074 ignaros
760 998 882 1075 inlatus,
905 1002 1089 1059 cunctatione

86 1097 166 1140 nunc
185 1081 358 1157 ‹tt-segnitia
379 1081 531 1140 terentium
548 1089 661 1159 tempus
682 1083 784 1140 imitari
803 1082 963 1160 principem
985 1083 1087 1147 discat.

86 1181 147 1223 non
159 1164 384 1241 exspectandum
397 1171 426 1222 ut
437 1165 606 1241 compositis
623 1165 726 1225 castris
742 1164 836 1224 iorum
852 1165 967 1226 invadat
979 1175 1008 1226 et
1020 1182 1111 1244 pro-s

84 1257 241 1328 spectante
257 1245 347 1306 Galba
366 1244 537 1325 Oapitoliom
560 1249 661 1324 adeat,
686 1249 752 1308 dum
778 1249 917 1324 egregius
933 1249 1091 1328 imperator

83 1347 152 1393 oum
166 1329 292 1390 fortibus
309 1330 408 1389 amicis
423 1331 506 1389 ianua
522 1347 556 1390 ao
572 1331 667 1390 limine
682 1340 765 1391 tenus
780 1331 893 1390 domurn
909 1330 1013 1409 cludit,
1037 1331 1089 1391 ob-

84 1415 229 1476 sidionem
250 1413 378 1472 nimirum
400 1412 583 1474 toleraturus.
615 1423 643 1472 et
662 1413 843 1493 praeclarum
858 1415 886 1473 iu
902 1416 995 1474 servis
1009 1415 1089 1474 auni-

83 1497 172 1576 lium,
189 1499 214 1556 si
231 1501 389 1558 corisensus
404 1504 500 1556 tantae
517 1496 703 1557 multitudinis
719 1507 766 1572 et,
782 1515 857 1576 quae
874 1495 1023 1574 plurimum
1039 1517 1088 1558 va·

83 1585 146 1658 let,
169 1584 259 1660 prima
279 1581 436 1658 indignatio
456 1579 671 1656 relanguescat.
703 1579 825 1658 proinde
848 1581 935 1640 intuta
957 1599 1031 1661 quae
1047 1582 1124 1643 iuro

84 1667 211 1733 deoora;
234 1663 284 1725 vel
301 1665 326 1725 si
343 1663 449 1724 cadere
469 1666 663 1740 accessesit,
685 1663 895 1724 occurrendum
917 1662 1087 1725 discrimini:

82 1750 115 1810 id
136 1748 240 1809 Othoni
268 1748 437 1808 invidiosius
457 1755 487 1806 et
510 1748 581 1825 ipsis
604 1747 765 1808 honestum.
794 1757 1003 1824 repugnantem
1022 1747 1090 1808 buia

82 1834 249 1896 sententiae
270 1831 384 1890 Vinium
406 1829 484 1890 haco
505 1831 655 1891 minaciter
674 1833 794 1907 invasit,
821 1831 984 1891 stimulante
1006 1832 1087 1892 loelo

81 1918 193 2000 privati
209 1916 266 1976 odii
282 1915 441 1994 pertinacia
458 1915 486 1974 in
503 1913 649 1992 publicum
665 1915 791 1974 exitium.

151 2002 202 2061 34.
225 1999 290 2060 Neo
307 1998 411 2058 diutius
427 1996 519 2057 Galba
537 2008 685 2059 cunctatus
702 1999 884 2074 speciosiora
902 1998 1088 2059 suadentibus

80 2085 224 2148 accessit.
256 2084 433 2161 praemissus
449 2090 544 2142 temen
561 2083 588 2140 in
606 2090 700 2142 castra
715 2080 798 2158 Piso,
813 2089 844 2139 ut
857 2081 969 2141 iuvenis
984 2099 1089 2158 magno

81 2171 219 2244 nomine,
233 2167 345 2226 recenti
361 2167 464 2226 lavore
481 2174 510 2224 et
524 2165 653 2224 infensus
671 2164 736 2224 Tito
750 2163 854 2239 Vinio,
877 2181 930 2222 seu
946 2166 1012 2243 quia
1027 2175 1091 2225 erat

81 2273 140 2316 seu
155 2253 223 2331 quia
237 2251 302 2311 irati
320 2251 358 2310 ita
374 2247 524 2318 volebant;
549 2257 579 2308 et
593 2247 706 2309 facilius
722 2248 758 2307 de
776 2247 843 2306 odio
859 2246 995 2308 ereditur.
1026 2249 1089 2308 vix·

4 2355 5 2358 ’
81 2339 153 2400 dum
168 2351 292 2413 egresso
308 2333 414 2394 Pisone
439 2334 566 2392 occisum
586 2334 615 2391 in
636 2333 739 2394 castris
754 2330 895 2391 Othonem
917 2349 1009 2408 vagus
1030 2335 1112 2411 pri-a

81 2439 162 2484 mum
179 2429 209 2478 et
222 2421 351 2478 incertus
368 2433 480 2476 rumor:
495 2431 577 2492 mon,
593 2417 666 2474 utin
680 2415 791 2492 magnis
807 2413 980 2492 mendaciis,
1001 2416 1088 2475 inter-

81 2507 179 2568 fuisse
200 2521 234 2563 se
257 2501 371 2580 quidam
391 2509 422 2559 et
441 2500 548 2560 vidisse
563 2496 766 2574 adfirmabant,
790 2496 909 2558 credula
925 2497 999 2558 larua
1014 2498 1089 2560 inter

82 2588 248 2671 gaudentes
263 2594 294 2646 et
307 2585 480 2644 incuriosos.
509 2582 590 2642 multi
610 2580 820 2642 arbitrabantur
836 2583 1025 2660 compositum
1040 2602 1089 2643 au·

83 2682 223 2751 ctumapue
238 2684 383 2729 rumorem
397 2668 492 2727 mixtis
513 2667 567 2726 ianr
584 2665 768 2743 Othonianis,
792 2666 841 2744 qui
858 2665 895 2725 ad
910 2667 1088 2727 evocandum

83 2757 209 2820 Galbam
223 2754 300 2815 laeta
314 2751 391 2812 laiso
407 2751 602 2830 vulgaverint.
1098 2761 1126 2804 ro

149 2839 200 2902 35.
224 2838 296 2898 Tum
317 2853 389 2895 vero
412 2853 469 2896 non
495 2833 621 2913 populus
642 2843 749 2894 tantuna
768 2842 796 2894 et
817 2835 939 2913 inperita
959 2834 1043 2912 plebs
1059 2835 1087 2894 in

82 2927 208 3007 plausus
224 2931 253 2980 et
268 2921 408 2980 inmodica
427 2917 536 2995 studia,
558 2917 611 2978 sed
633 2919 759 2996 equitum
776 2918 908 2996 plerique
924 2935 958 2976 ao
973 2928 1088 2978 senato-

86 3028 166 3085 rum,
187 3005 284 3085 posito
305 3011 382 3062 metu
403 3004 523 3078 incauti,
547 3002 681 3062 refractis
696 3001 797 3062 Palatii
817 3001 928 3061 loribus
943 3019 1029 3062 ruere
1047 3003 1088 3060 in·

70 3105 133 3155 ·tus
151 3109 186 3152 ao
201 3107 234 3148 se
247 3087 356 3150 Galbae
373 3096 530 3164 ostentare,
543 3093 725 3163 praereptam
741 3084 796 3143 sibi
812 3085 949 3144 ultionem
966 3103 1087 3164 queren-

86 3190 152 3252 tes,
168 3171 369 3252 ignavissimus
385 3172 507 3250 quisque
523 3179 567 3246 et,
591 3178 685 3228 utres
704 3167 816 3244 docuit,
837 3169 865 3226 in
884 3168 1015 3245 periculo
1031 3181 1112 3227 nona

87 3276 228 3332 ausurus,
242 3257 320 3315 nimii
334 3253 448 3331 verbis,
465 3254 580 3331 linguae
594 3252 728 3320 ierooes;
749 3266 833 3310 nemo
851 3250 927 3310 scire
943 3258 972 3308 et
990 3268 1090 3309 omnes

87 3343 259 3413 adfirmare,
281 3338 376 3400 donec
398 3339 494 3417 inopia
514 3337 576 3396 veri
601 3344 631 3395 et
652 3351 796 3394 consensu
818 3333 972 3392 errantium
996 3333 1090 3390 victus

90 3433 208 3502 sumpto
230 3422 351 3484 thorace
363 3419 455 3482 Galba
477 3421 599 3480 inruenti
622 3415 739 3493 turbae,
763 3432 859 3491 neque
879 3422 974 3471 aetate
994 3429 1092 3488 neque

128 3523 224 3560 recrrr
237 3519 304 3556 raus
317 3518 350 3554 η.
599 3574 601 3578 .
900 3495 919 3551 2
978 3498 981 3505 '

1118 2983 1124 3014 l
