2546 3872
170 148 207 208 rt
392 158 558 207 connum
578 157 696 206 rncrnr
712 157 953 207 nrsrcnmnurs

166 331 240 394 quos
265 313 403 374 memoria
423 311 550 374 Neronis
578 331 614 374 ac
637 313 810 374 desiderium
831 314 938 392 prioris
964 313 1101 374 licentiae
1126 331 1171 373 ac

166 397 321 460 canderet:
344 399 373 457 iu
397 414 547 458 commune
569 415 670 459 omnes
686 407 764 458 metu
779 396 931 459 mutandae
946 397 1064 464 militiae
1082 405 1173 457 terre·

164 482 279 628 banthO.
300 563 406 627 Infecit
422 583 457 626 ea
472 565 556 627 tabes
575 566 723 644 legionum
737 583 856 646 quoquc
873 575 903 627 et
922 567 1095 628 auxiliorum
1114 582 1177 626 mo-

165 661 209 712 tas
228 652 284 711 iam
305 659 434 728 mentes,
461 660 615 730 postquam
635 651 783 729 vulgatum
804 660 867 711 erat
887 648 989 712 labare
1011 649 1177 710 Germanici
1251 681 1252 732 q

165 735 312 796 exercitus
326 735 422 795 tidem.
453 734 588 814 adeoque
611 745 711 814 parata
732 736 809 814 apud
824 735 918 795 malos
941 735 1065 808 seditio,
1089 734 1179 794 etiam

164 819 241 899 apud
255 819 387 897 integros
402 819 592 880 dissimulatio
605 819 673 894 luit,
719 828 750 879 ut
777 829 900 898 postero
922 819 1017 882 iduum
1040 817 1103 878 lau.
1126 819 1174 880 die

142 903 332 964 eredeuntcm
352 920 369 964 a
390 921 463 964 cena
481 902 623 964 Othonem
637 903 747 983 rapturi
761 903 882 980 luerint,
905 905 934 963 ni
953 904 1063 963 incerta
1080 898 1178 962 noctis

165 997 195 1048 et
209 997 270 1048 tota
285 988 358 1048 urbe
377 1005 482 1066 sparsa
497 986 615 1046 militum
632 996 727 1048 castra
742 1005 798 1047 nec
813 987 930 1048 facilem
944 987 1019 1046 inter
1034 985 1176 1046 temulen-

164 1081 210 1132 tos
227 1088 402 1132 consensum
420 1072 598 1150 timuissent,
619 1087 677 1130 non
691 1070 886 1151 reipublicae
903 1089 986 1146 cura,
1010 1088 1095 1149 quam
1112 1069 1177 1130 loe·
1251 1087 1252 1092 ¹

163 1156 235 1216 dare
253 1155 393 1236 principis
408 1155 452 1214 sui
467 1157 608 1232 sanguine
623 1154 716 1214 sobrii
731 1155 882 1235 parabant,
900 1155 954 1216 sed
970 1173 1008 1214 ne
1024 1173 1079 1234 per
1094 1164 1176 1215 tene-

163 1240 247 1318 hras,
267 1247 298 1300 ut
313 1241 436 1318 quisque
453 1239 610 1300 Pannonici
625 1240 674 1299 vel
689 1239 852 1302 Germanici
875 1241 1022 1308 exercitus
1037 1238 1176 1299 milicho·

133 1336 155 1378 1⁰
164 1324 281 1385 oblatus
296 1333 392 1401 esset,
410 1324 610 1401 ignorantibus
626 1324 795 1403 plerisque,
811 1342 867 1403 pro
884 1323 999 1384 Othone
1014 1323 1171 1384 destinare-

163 1419 219 1472 tur.
248 1409 337 1470 multa
363 1409 541 1487 erumpentis
568 1408 719 1469 seditionis
747 1407 853 1468 indicia
878 1415 934 1487 per
960 1408 1099 1468 conscios
1125 1425 1174 1486 op·

163 1488 283 1573 pressa:
306 1493 448 1573 quaedam
466 1493 544 1572 apud
560 1491 669 1554 Galbae
685 1511 771 1554 aures
793 1492 962 1572 praelectus
978 1493 1057 1552 Laco
1078 1491 1175 1567 elusit,

162 1581 281 1656 ignarus
294 1577 455 1637 militarium
467 1579 625 1637 animorum
638 1577 812 1657 consiliique
825 1578 955 1656 quamvis
964 1572 1177 1656 egregii,quod

163 1681 221 1724 non
234 1663 299 1741 ipse
313 1658 453 1736 adferret,
470 1661 603 1722 inimicus
617 1671 646 1722 et
658 1663 799 1723 adversus
813 1662 924 1741 peritos
936 1663 1088 1740 pervicax.

223 1745 274 1806 27.
299 1744 412 1804 Octavo
434 1744 548 1805 decimo
570 1744 710 1806 kalendas
726 1743 901 1807 Februarias
923 1745 1098 1806 sacrificanti
1121 1761 1176 1824 pro

163 1828 236 1890 aede
251 1827 399 1908 Apollinis
416 1825 528 1888 Galbae
544 1829 694 1907 haruspex
710 1829 876 1890 Umbricius
898 1831 990 1890 tristia
1007 1837 1074 1889 exta
1090 1838 1121 1888 et
1135 1829 1176 1888 in-

163 1921 273 1974 stantes
292 1911 411 1971 insidias
433 1929 469 1972 cc
491 1910 682 1972 domesticum
706 1913 820 1974 hostem
850 1912 1010 1994 praedicit,
1038 1914 1177 1974 audiente

163 1996 278 2058 Othone
300 1995 382 2073 (nam
397 1996 546 2074 proximus
561 1996 728 2076 adstiterat)
749 1999 835 2078 idque
857 2007 887 2058 ut
902 1998 1010 2059 laetum
1027 2016 1043 2057 e
1059 2006 1176 2058 contra-

140 2083 206 2143 crio
222 2090 251 2140 et
267 2079 327 2140 suis
338 2079 563 2158 cogitationibus
575 2099 749 2160 prosperum
764 2082 986 2161 interpretante.
1013 2099 1070 2142 nec
1084 2081 1177 2142 multo

161 2175 230 2246 post
244 2165 367 2225 libertus
382 2163 556 2226 Onomastus
574 2167 683 2227 nuntiat
696 2168 864 2248 exspectari
880 2185 944 2227 eum
960 2165 996 2227 ab
1011 2165 1177 2226 architecto
1251 2159 1252 2168 ’

162 2261 191 2312 et
205 2249 457 2328 redemptoribus,
476 2267 551 2330 quae
567 2251 743 2328 significatio
761 2253 925 2312 coeuntium
940 2252 997 2312 iam
1011 2250 1132 2310 militum
1147 2259 1178 2310 ct

161 2343 281 2416 paratae
305 2335 511 2395 coniurationis
534 2343 723 2395 convenerat.
761 2334 853 2411 Otho,
885 2353 1002 2396 causam
1022 2335 1177 2413 digressus

160 2416 385 2500 requirentibus,
402 2436 466 2480 cum
482 2419 538 2478 emi
552 2419 608 2479 sibi
624 2419 744 2498 praedia
758 2428 904 2480 vetustate
922 2429 1062 2498 suspecta
1078 2435 1178 2498 eoque

128 2519 151 2561 ro
160 2505 240 2584 prius
255 2503 438 2582 exploranda
452 2503 594 2582 fluxisset,
609 2503 723 2564 innixus
739 2503 844 2565 liberto
858 2522 912 2582 per
924 2503 1107 2564 Tiberianam
1124 2503 1176 2563 do·

158 2607 233 2650 mum
249 2589 276 2647 in
293 2586 468 2664 Velabrum,
489 2587 558 2647 inde
576 2588 612 2648 cd
631 2587 781 2649 miliarium
801 2606 919 2649 aureum
935 2587 988 2648 sub
1005 2589 1107 2649 aedem
1123 2589 1179 2648 Sa·

158 2673 234 2734 turni
250 2671 355 2751 pergit.
387 2671 426 2731 ibi
443 2680 503 2731 tres
518 2679 548 2731 et
559 2671 661 2750 viginti
676 2667 881 2751 speculatores
899 2671 1112 2733 consalutatum
1124 2673 1176 2733 im-

159 2766 327 2838 peratorem
343 2774 378 2817 ac
394 2755 541 2836 paucitate
560 2756 741 2817 salutantium
760 2757 905 2836 trepidum
925 2765 955 2817 et
978 2756 1073 2817 sellae
1092 2757 1177 2817 lesti-

160 2850 263 2902 uauter
276 2841 442 2919 impositum
457 2840 565 2900 strictis
580 2841 767 2902 mucronibus
784 2841 914 2920 rapiunt;
938 2841 1059 2902 totidem
1080 2841 1177 2902 ferme
1251 2849 1252 2902 i

128 2939 150 2979 1⁵
160 2925 267 2986 milites
283 2925 312 2984 in
326 2925 431 2985 itinere
445 2922 661 3003 adgregantur,
686 2926 733 2986 alii
755 2926 948 3004 cotrucientia,
971 2925 1107 3006 plerique
1122 2928 1176 2986 mi·
1251 2983 1252 3012 ,

160 3010 279 3088 iaculo,
302 3026 371 3089 pars
393 3009 523 3070 clamore
548 3018 576 3069 ct
596 3010 727 3089 gaudiis,
752 3028 822 3090 pars
837 3009 970 3089 silentio,
995 3011 1121 3072 animum
1138 3029 1178 3071 ex
1251 3023 1252 3066 l

162 3104 268 3174 eventu
284 3095 433 3172 sumpturi.

63 3169 275 3240 ”sW‘OO
296 3178 457 3239 Stationem
473 3179 501 3237 in
522 3179 627 3240 castris
642 3179 751 3258 agebat
766 3179 856 3241 lulius
872 3178 1011 3241 Martialis
1028 3179 1174 3240 tribunus.

161 3264 185 3322 is
199 3261 395 3340 magnitudine
413 3261 500 3322 subiti
519 3262 654 3341 sceleris,
670 3283 706 3324 an
723 3274 862 3343 corrupta
877 3264 964 3325 latius
981 3273 1132 3342 castraret,
1150 3264 1175 3324 si

162 3355 262 3406 contra
280 3345 429 3422 tenderet,
452 3346 569 3406 exitium
587 3357 735 3426 metuens,
761 3349 896 3428 praebuit
909 3349 1059 3428 plerisque
1076 3349 1173 3429 suspi-

158 3427 270 3485 cionem
287 3431 499 3501 couscieutiae;
520 3441 717 3512 anteposuere
741 3434 833 3495 ceteri
849 3450 965 3512 quoque
980 3431 1086 3494 tm'bnni
1102 3451 1171 3493 cen·
