2536 3870
199 183 259 246 tta
413 191 578 240 coauuurr
592 190 712 239 nacrrr
728 189 970 238 ursnomususr

101 383 105 391 ·
198 367 283 410 omno
300 348 329 408 id
340 345 449 409 bellurn
460 344 582 406 meliore
592 345 638 404 usi
653 343 709 404 lide
725 360 809 422 quam
823 342 948 404 fortuna.
971 343 1099 404 contusis
1108 343 1197 406 -libiis

197 435 352 511 gravioret
367 447 507 491 successu
520 446 617 490 rerum
630 428 761 488 ierooior
775 425 877 487 Girilis
892 425 1036 486 obsidium
1049 427 1199 503 legionum

197 515 351 594 urguebat,
367 515 483 574 intentis
503 512 654 590 custodiis,
669 529 706 571 ne
723 511 788 592 quis
801 509 935 571 occultus
950 511 1064 572 nuntius
1077 511 1198 570 venien·

198 603 234 662 tis
265 600 364 660 auxilii
385 605 561 677 penetraret.
590 595 737 657 machinas
758 593 924 674 molemque
943 608 1066 672 operum
1080 592 1199 654 batavis

163 711 187 753 rr
201 684 333 762 delegat:
364 680 603 743 Transrhenanos
623 678 766 758 proelium
784 677 935 757 poscentis
958 677 995 738 ad
1011 677 1200 738 scindendum

197 767 303 828 vallum
325 769 369 826 ire
394 764 589 842 detrusosque
608 763 810 840 redintegrare
826 770 973 822 certamen
987 760 1083 837 iubet,
1111 780 1200 841 supe·

196 859 279 912 rante
291 848 470 910 multitudiue
487 857 516 908 et
530 848 608 909 lucili
624 847 736 909 damno.

95 997 101 1006 ,
258 934 308 994 29.
332 933 396 994 Neo
412 933 496 993 linem
515 931 609 992 labori
624 949 683 991 nox
697 929 802 991 attulit:
819 929 968 1006 congestis
987 930 1094 990 circum
1111 929 1202 1006 lignis

196 1018 399 1096 accensisque,
416 1015 499 1075 simul
515 1014 681 1094 epulantes,
696 1014 864 1094 utquisque
879 1013 946 1072 vino
962 1013 1138 1094 incaluerat,
1164 1013 1201 1073 ad

196 1097 782 1261 toltit‘trutttitttittltlb
793 1097 1201 1244 littbttitlltt

173 1255 175 1261 .
431 1229 438 1244 ·
1101 1225 1110 1260 a

173 1269 261 1346 equis
279 1266 400 1327 audacia
418 1276 467 1328 aut
486 1266 647 1345 insignibus
668 1265 829 1345 effulgens,
854 1263 890 1325 ad
903 1265 993 1330 totum
1005 1265 1195 1330 destinabant.

195 1351 373 1411 intellectum
388 1350 418 1410 id
436 1349 522 1412 Civili
539 1359 569 1412 et
583 1351 722 1412 restincto
737 1351 805 1428 igne
820 1349 937 1412 mistam
952 1359 1055 1412 cuncta
1070 1351 1194 1412 tenebris

196 1443 226 1494 et
240 1435 325 1496 arrnis
342 1434 430 1495 iubet.
454 1434 1197 1513 tumverostrepitusdissoni,incursusincontine-

196 1537 253 1598 qne
270 1519 392 1578 ieriendi
408 1533 503 1598 neme
518 1517 681 1579 declinandi
696 1517 894 1597 providentia:
910 1516 986 1578 unda
997 1517 1110 1579 clamor
1124 1521 1198 1580 aeci·

196 1601 294 1679 derat,
317 1604 518 1680 circumagere
540 1619 677 1680 corpora,
701 1600 822 1661 tondere
844 1609 940 1667 artus:
964 1601 1034 1662 nibil
1055 1603 1198 1681 prodesse

162 1701 186 1743 ro
196 1687 296 1762 uirtus,
312 1685 485 1746 iorscnncta
499 1684 616 1744 turbare
635 1693 664 1745 et
679 1686 848 1762 ignavorum
864 1703 956 1762 saepe
970 1685 1037 1748 telis
1052 1686 1203 1747 iortiesimi

195 1767 311 1828 eadere.
344 1767 421 1847 apud
436 1767 595 1829 Germanos
611 1768 773 1830 inconsulta
786 1769 843 1828 ira:
862 1767 1008 1828 Romanus
1024 1770 1110 1832 miles
1124 1771 1203 1850 peri·

195 1851 325 1911 culorum
346 1867 464 1928 gnarus
475 1851 599 1913 ferratas
621 1851 719 1929 sudes,
740 1851 842 1929 gravia
858 1865 929 1913 sana
946 1869 1004 1912 non
1018 1854 1096 1914 iorte
1113 1856 1202 1914 iacie-

194 1933 252 1993 bat.
285 1933 334 1994 ubi
360 1951 450 1994 sonus
473 1934 651 1996 molientium
674 1943 722 1996 aut
741 1936 894 2014 adpositae
918 1936 1018 1998 scalae
1038 1937 1156 1999 bostem
1175 1940 1203 1998 iu

193 2034 293 2078 manus
314 2017 463 2096 dederant,
487 2019 658 2098 propellere
681 2018 824 2096 umbone,
847 2020 907 2100 pilo
927 2022 1027 2098 saqui;
1052 2022 1160 2082 multos
1175 2023 1204 2081 in

162 2103 307 2162 rumoenia
326 2119 466 2180 egressos
481 2103 657 2181 pugionibus
670 2103 786 2163 fodere.
820 2104 863 2164 sio
889 2104 1028 2165 exhausta
1044 2115 1134 2166 nocte
1149 2123 1203 2166 no·

193 2203 258 2246 ram
272 2186 364 2246 aciem
381 2185 444 2246 dies
461 2187 586 2265 aperuit.

256 2271 307 2332 30.
328 2269 497 2330 Eduxerant
510 2269 610 2330 Batavi
623 2271 724 2330 turrim
733 2270 844 2350 duplici
859 2271 999 2349 tabulato,
1017 2291 1101 2352 quam
1114 2291 1204 2353 prae·

193 2355 287 2413 toriae
306 2363 410 2433 portae
427 2353 469 2432 (is
484 2354 676 2432 aequissimus
688 2354 790 2433 locus)
807 2358 1051 2434 propinquantem
1073 2359 1205 2436 promoti

194 2445 296 2497 contra
311 2437 400 2497 validi
414 2453 533 2498 asseres
549 2447 578 2498 et
595 2440 730 2499 incussae
745 2438 846 2498 trabes
861 2439 1038 2518 perfregere
1050 2441 1139 2501 multa
1157 2462 1203 2501 su-

193 2521 383 2600 perstantium
404 2522 547 2600 pernicia.
582 2531 801 2602 pugnatumque
823 2524 852 2583 in
880 2523 1033 2603 perculsos
1057 2524 1155 2586 subita
1178 2535 1205 2586 et

170 2623 338 2685 sprospcra
353 2606 522 2686 eruptione;
539 2606 624 2667 simul
637 2625 654 2667 a
667 2606 839 2685 legionariis
860 2609 964 2687 peritia
989 2617 1019 2668 et
1035 2618 1098 2668 arte
1116 2605 1203 2689 prae-

193 2689 335 2750 stantrbus
349 2689 434 2768 plura
450 2688 643 2751 struebantur.
665 2690 857 2770 praecipuum
873 2709 1013 2771 pauorem
1029 2692 1124 2753 intulit
1139 2713 1203 2753 sus·

193 2791 314 2851 pensum
330 2783 360 2834 et
374 2783 476 2836 nutans
487 2773 757 2852 machinamentum,
770 2791 828 2854 quo
841 2785 964 2854 repente
975 2775 1102 2838 demisso
1115 2795 1203 2857 prae·

192 2864 237 2926 ter
251 2875 369 2918 suorum
383 2875 435 2918 ora
449 2857 556 2934 singuli
574 2859 714 2938 pluresve
731 2858 856 2920 bostium
874 2859 997 2921 sublime
1018 2862 1094 2940 rapti
1110 2879 1202 2921 verso

134 3014 137 3016 ,
192 2941 324 3018 pondere
352 2941 427 3002 intra
450 2951 545 3002 castra
575 2943 806 3005 effundebantur.
844 2942 945 3005 Civilis
973 2945 1081 3005 omissa
1109 2945 1202 3025 obpu-

158 3025 297 3100 regnandi
318 3043 373 3106 spe
393 3043 493 3086 rursus
514 3044 569 3106 per
591 3028 678 3087 otium
697 3026 858 3105 adsidebat,
879 3028 985 3090 nuntiis
1001 3036 1031 3088 et
1045 3029 1202 3109 promissis

191 3101 277 3168 fldem
292 3109 438 3188 legionum
450 3111 631 3172 convellens.

138 3215 139 3219 ¹
252 3193 303 3254 31.
325 3193 408 3255 llaec
422 3195 451 3255 iu
468 3193 621 3256 Germania
639 3205 704 3254 ante
724 3194 922 3256 Cremonense
944 3197 1088 3276 proelium
1103 3207 1202 3275 gesta,

76 3343 78 3346 v
192 3276 272 3334 cuius
286 3287 419 3338 eventum
435 3278 537 3338 literae
551 3277 638 3338 Primi
660 3279 777 3338 Antonii
799 3277 945 3358 docuere,
975 3280 1073 3342 addito
1095 3279 1202 3342 Caeci·

190 3374 246 3416 nae
265 3360 377 3429 edicto;
402 3369 431 3421 et
453 3361 620 3440 praefectus
646 3361 775 3422 cohortis
792 3382 808 3423 e
823 3364 924 3439 victis,
937 3363 1072 3445 Alpinius
1086 3366 1201 3426 blonta-

190 3453 253 3515 uus,
267 3441 548 3523 fortunampartinm
567 3462 708 3523 praesens
722 3445 876 3509 fatebatur.
894 3447 1002 3510 diversi
1018 3451 1085 3511 bino
1102 3457 1202 3512 motus
