2440 3886
16 835 24 872 l

16 1013 26 1030 Ιι

18 1064 25 1082 ἢ

16 1083 41 1108 ’κ

16 1141 27 1182 'l

149 899 228 984 Gum
241 919 347 985 Taciti
363 919 464 986 libros
482 873 602 986 iterum¹
615 939 923 1005 recognosceremus,
940 941 1009 986 non
1021 923 1093 986 tan·

72 1009 139 1088 lum,
159 1012 194 1072 ut
219 1011 388 1092 parerat,
415 1009 562 1094 egregias
588 1007 764 1092 Nipperdei
792 1011 825 1074 et
851 1007 972 1074 Haasei
999 1031 1093 1074 curas

73 1095 272 1180 adhibuimus,
295 1097 352 1160 sed
366 1097 471 1174 etiam,
485 1101 631 1161 veterum
643 1097 826 1162 criticorum
845 1097 1093 1162 commentarios

16 1185 24 1234 Τ
73 1182 227 1268 diligenter
258 1185 538 1269 perlustravimus,
569 1185 625 1268 qui
652 1206 749 1269 quam
782 1184 904 1268 cogniti
935 1185 1001 1249 sint
1027 1207 1092 1249 uno

16 1325 31 1353 μ
72 1270 173 1336 illustri
195 1273 344 1356 exemplo
372 1272 540 1337 ostendere
568 1293 683 1356 operae
709 1272 848 1355 pretium
874 1271 1008 1336 videtur.
1053 1273 1092 1336 ln

16 1403 31 1444 ·,·
72 1357 141 1423 libro
169 1361 258 1424 enim
291 1361 458 1425 annalium
489 1359 567 1442 XII,
596 1369 633 1424 11
665 1360 836 1425 lectionem
863 1361 980 1424 falsam
1007 1365 1093 1425 tauto

72 1447 231 1512 lucratura
255 1469 296 1512 ex
318 1469 394 1512 uera
416 1453 502 1512 tanto
521 1448 650 1513 laetiora
672 1447 880 1531 depravatam
903 1469 972 1512 esse
990 1470 1093 1531 nuper

71 1531 161 1600 Haase
187 1536 222 1600 in
246 1535 349 1618 praef.
376 1536 437 1600 vol.
459 1533 485 1600 Ι.
508 1557 539 1618 p.
566 1535 653 1600 LXX
680 1540 766 1600 recte
788 1535 926 1599 monuit:
954 1539 989 1599 at
1015 1537 1104 1620 quid·

72 1622 124 1685 iam
138 1623 307 1688 Acidalius
330 1623 459 1688 criticus
479 1623 533 1687 ille
550 1624 586 1687 in
603 1623 714 1706 paucis
732 1623 920 1707 ingeniosus
941 1624 1091 1706 scripsit?

72 1707 210 1775 ‘Muretus
229 1711 337 1774 voluit
355 1715 439 1774 tento
458 1711 611 1791 tectiore,
630 1711 716 1794 quod
733 1711 829 1793 plane
847 1732 915 1776 non
933 1711 1092 1776 convenit.

17 1833 24 1884 3
68 1794 125 1861 Nec
145 1820 204 1883 ego
228 1798 299 1863 scio
323 1798 399 1881 quid
421 1797 546 1862 faciam.
590 1796 743 1863 Hariolor
764 1801 900 1880 tantum,
924 1803 1008 1863 tauto
1031 1799 1091 1864 luc·

68 1885 149 1963 tc'oru,
169 1887 260 1952 bono
290 1884 419 1969 quidem
451 1907 559 1950 sensu:
588 1888 708 1969 quanto
740 1885 895 1950 inusitata
921 1888 1025 1971 magis
1054 1909 1091 1950 ac

16 2038 23 2062 a
66 1993 140 2036 nova
165 1973 332 2056 barbaris,
359 1975 453 2037 tanto
480 1973 635 2056 gratiora
648 1973 778 2038 futura’
828 1973 946 2038 Postea
972 1996 1090 2058 cogno-

16 2103 20 2114 .
67 2059 158 2124 vimus
188 2063 226 2126 in
260 2060 396 2125 eandem
428 2061 696 2144 emendationem,
724 2083 805 2145 quae
836 2061 930 2125 nobis
963 2063 1091 2145 quidem

16 2177 25 2192 ν
66 2149 232 2214 certissima
250 2149 386 2232 videtur,
404 2147 470 2212 iam
488 2147 644 2212 Ursinum
662 2148 819 2231 incidisse,
838 2170 875 2212 ac
895 2152 1004 2224 tamen
1022 2151 1090 2214 eius

66 2235 144 2300 nulla
169 2237 295 2302 mentio
318 2237 353 2300 in
381 2231 619 2300 commentariis
646 2237 872 2318 recentiorum,
896 2259 1090 2321 quamquam
1202 2267 1203 2274 ,

66 2318 243 2389 Waltherus
263 2324 393 2409 quidem
412 2345 494 2408 quae
516 2327 638 2389 veteres
652 2324 754 2388 critici
771 2324 894 2388 habeut
907 2325 994 2388 bona
1011 2326 1091 2389 satis

65 2409 226 2496 diligenter
266 2413 405 2497 collegit.
459 2410 614 2476 Videmur
651 2415 758 2476 autem
790 2412 884 2476 nobis
921 2433 988 2476 non
1021 2413 1090 2477 sine

66 2498 162 2583 aliquo
184 2502 296 2565 fructu
318 2500 380 2564 hos
402 2501 510 2564 fontes
537 2499 681 2564 nondum
704 2501 876 2565 exhaustos
900 2500 1018 2584 adisse3
1040 2501 1089 2564 in-

64 2589 183 2653 venient
207 2589 296 2652 enim
317 2588 466 2652 homines
487 2588 607 2652 literati
630 2588 752 2672 aliquot
768 2588 871 2652 bonas
894 2588 1090 2678 emendatio·

64 2693 112 2738 nes
133 2699 153 2740 a
175 2676 274 2741 nobis
301 2675 443 2760 primum
465 2677 500 2739 in
527 2676 697 2740 verborum
725 2679 909 2740 contextum
936 2680 1091 2760 receptas,

64 2783 134 2843 quae
165 2765 305 2828 nimium
336 2763 391 2827 diu
422 2763 587 2848 neglectae
619 2765 791 2827 iacuerunt.
839 2763 879 2827 In
912 2763 983 2828 aliis
1010 2765 1090 2829 locis
1195 2747 1203 2798 †

64 2851 156 2916 critici
183 2857 315 2916 nostrae
339 2851 453 2915 aetatis
481 2850 557 2935 quid
580 2850 709 2915 Tacitus
732 2850 913 2934 scripsisset
937 2852 1019 2915 bene
1042 2852 1088 2918 illi

63 2939 182 3019 quidem
206 2940 405 3021 divinarunt,
428 2939 484 3002 sed
511 2938 581 3002 laus
603 2938 728 3002 inventi
755 2938 851 3003 alicui
877 2939 1032 3022 superiori
1054 2939 1089 3004 in

63 3028 286 3092 commentario
313 3029 426 3091 nostro
454 3026 564 3090 critico
591 3026 784 3100 vindicanda
810 3029 887 3090 erat.
936 3025 976 3090 In
1002 3027 1089 3091 hunc

61 3117 162 3178 sutem
187 3137 299 3179 omnes
326 3115 481 3179 lectiones
504 3113 660 3197 codicum,
684 3136 764 3198 quae
788 3113 829 3178 ob
853 3114 993 3198 aliquam
1016 3135 1087 3178 cau-

62 3221 124 3266 sam
152 3203 287 3287 cognitu
319 3203 436 3287 dignae
463 3202 666 3283 videbantur,
693 3202 874 3265 rettulimus
903 3223 962 3265 nec
989 3200 1088 3263 ullam

59 3289 149 3354 nobis
178 3291 430 3374 praetermisisse
456 3289 613 3372 videmur,
633 3297 723 3372 'quae
752 3288 891 3371 aliquem
922 3308 1015 3349 usum
1047 3287 1087 3348 ad

59 3377 153 3442 uerba
177 3379 341 3462 scriptoris
364 3376 564 3442 emendanda
585 3376 738 3460 praebere
756 3377 874 3459 posset.
918 3371 1088 3435 Praeterea

838 3458 875 3522 a*
