2546 3872
191 187 232 248 22
416 197 967 252 cosumuuuusouuruusuouusuua

192 350 325 428 Celsum,
347 351 495 412 consulem
516 353 695 430 designatum
716 363 745 412 et
761 353 871 416 Galbae
891 373 984 434 usque
1001 357 1030 416 iu
1046 366 1196 418 extremas

190 455 239 496 res
262 437 382 496 amioum
405 435 563 514 lidumque,
585 435 629 496 od
648 436 821 515 supplicium
843 439 1084 517 expostulabant,
1111 440 1194 500 indu·

190 521 280 582 striae
303 520 364 580 eius
385 521 627 597 innocentiaeque
648 522 729 597 quasi
750 521 833 582 malis
850 521 959 582 artibus
974 521 1087 582 iniensi.
1126 541 1196 584 cae·

156 610 181 652 ¹⁰
190 604 234 664 dis
250 613 278 664 et
293 603 463 682 praedarum
479 604 587 663 initium
602 610 632 662 et
652 604 761 682 optimo
784 605 889 683 cuique
911 605 1070 684 perniciem
1091 609 1197 684 quaeri

189 687 367 768 apparebat,
383 686 436 747 sed
452 685 555 748 Othoni
569 685 693 746 nondum
710 689 866 747 auctoritas
881 688 973 748 inerat
985 688 1021 748 ad
1036 688 1197 767 prohiben-

189 771 254 831 dum
270 770 381 832 scelus:
403 770 503 831 iubere
525 772 581 832 iam
601 779 727 849 poterat.
758 772 797 832 ita
818 771 997 832 simulatione
1014 773 1076 832 irae
1090 773 1197 834 vinciri

85 856 88 863 '
188 857 295 914 iussum
311 864 340 914 et
353 855 479 915 maiores
495 871 608 934 poenas
624 852 752 914 daturum
766 853 919 916 adhrmaus
936 856 1084 934 praesenti
1102 859 1196 918 exitio

188 938 339 998 subtraxit.
1138 943 1140 946 '

249 1021 301 1082 46.
325 1021 424 1083 Omnia
439 1021 545 1082 deinde
560 1021 678 1082 arbitrio
693 1023 811 1083 militum
826 1031 906 1084 acta:
924 1024 1061 1100 praetorii
1077 1024 1194 1102 praeie-

189 1115 253 1166 ctos
269 1104 394 1184 sibiipsi
410 1105 529 1183 legere,
546 1104 669 1166 Plotium
686 1103 811 1165 Firmum
827 1125 844 1165 e
860 1105 1085 1183 manipularibus
1103 1124 1195 1184 quon·

189 1190 263 1262 dam,
279 1198 337 1248 tum
353 1185 491 1266 vigilibus
506 1190 704 1267 praepositum
720 1200 749 1250 et
764 1189 899 1249 incolumi
914 1187 1007 1249 adhuc
1019 1189 1113 1250 Galba
1129 1207 1194 1268 par·
1261 1261 1263 1268 Ι

187 1282 232 1332 tes
250 1271 372 1334 Othonis
387 1281 531 1341 secutum
550 1272 713 1350 adiungitur
726 1273 856 1334 Licinius·
867 1272 1023 1349 Proculus,
1037 1274 1137 1334 intima
1149 1275 1189 1332 la-

165 1356 351 1418 aniliaritate
368 1356 489 1417 Othonis
504 1366 659 1436 suspectus
673 1358 796 1418 consilia
814 1358 877 1416 eius
894 1357 1015 1416 loaisae.
1047 1356 1113 1416 urbi
1128 1355 1187 1416 Fla·

186 1443 263 1500 vium
277 1440 413 1501 Sabinum
427 1441 618 1522 praefecere,
639 1440 775 1501 iudicium
789 1440 916 1500 Neronis
933 1441 1042 1512 secuti,
1063 1439 1119 1500 sub
1136 1457 1191 1517 quo

186 1524 309 1586 eundem
325 1543 422 1585 curam
440 1524 621 1600 obtinuerat,
634 1525 784 1604 plerisque
802 1525 1014 1602 Vespasianum
1030 1523 1150 1584 fratrem
1165 1526 1193 1582 in

187 1625 223 1668 eo
245 1609 480 1687 respicientibus.
511 1608 667 1686 flagitatum
689 1617 720 1668 ut
744 1609 912 1671 vacationes
935 1609 1078 1686 praestari
1095 1616 1193 1668 ceutu-

186 1690 315 1751 rionibus
332 1692 438 1752 solitae
453 1692 686 1759 remitterentum·
697 1709 819 1770 namque
834 1693 988 1768 gregarius
999 1691 1083 1751 miles
1099 1700 1131 1750 ut
1145 1693 1193 1751 tri·

155 1774 283 1834 ttbutum
303 1792 424 1834 aunuum
445 1773 601 1855 pendebat.
634 1781 733 1853 quartu
759 1793 827 1852 pars
846 1774 982 1853 manipuli
1009 1792 1112 1853 sparsa
1141 1793 1193 1853 per
1262 1803 1263 1844 n

188 1867 364 1918 commeatus
379 1867 427 1918 aut
443 1860 471 1918 iu
487 1859 559 1938 ipsis
578 1859 680 1917 castris
702 1875 794 1936 vaga,
819 1857 884 1921 dum
905 1857 1071 1918 mercedem
1093 1869 1192 1917 centn·
1262 1847 1263 1914 l

185 1942 260 2000 ricni
275 1941 454 2019 exsolveret,
471 1959 566 2020 neque
581 1940 695 2001 modum
713 1944 809 2001 oneris
825 1944 974 2020 quisquam
989 1959 1083 2020 neque
1099 1959 1194 2018 genus
1261 1947 1262 1974 ¹

187 2033 324 2102 quaestus
342 2027 424 2104 pensi
438 2024 580 2087 habebat:
605 2044 658 2103 per
679 2025 831 2085 latrocinia
853 2034 882 2084 et
901 2034 1001 2104 raptus
1016 2034 1064 2085 aut
1078 2025 1192 2084 servili·
1256 2041 1260 2115 p

186 2107 241 2168 bus
256 2109 421 2169 ministeriis
440 2109 564 2169 militare
586 2111 674 2168 otium
696 2107 885 2168 redimebant.
916 2117 974 2168 tum
996 2108 1193 2188 locupletissi·
1257 2128 1260 2139 ’

155 2205 249 2252 tomus
273 2194 395 2270 quisque
417 2193 502 2252 miles
526 2192 627 2252 labore
653 2209 687 2251 ac
701 2192 822 2252 saevitia
839 2193 971 2268 fatigari,
994 2191 1090 2251 donec
1106 2209 1193 2252 vaca·
1260 2251 1261 2254 ,

185 2278 293 2335 tionem
313 2284 433 2336 emeret.
471 2275 520 2335 ubi
540 2275 699 2355 sumptibus
726 2275 884 2354 eruhaustus
911 2275 1047 2336 socordia
1074 2277 1193 2354 insuper
1260 2285 1261 2362 p

186 2359 372 2437 elanguerat,
396 2362 482 2438 inops
505 2376 559 2438 pro
581 2358 731 2438 locuplete
747 2367 775 2418 et
790 2361 869 2418 iners
884 2376 938 2439 pro
955 2368 1074 2419 strenuo
1086 2361 1118 2426 in
1135 2377 1192 2419 ma·
1260 2385 1261 2454 p

185 2443 313 2521 nipulum
329 2442 458 2513 redibat;
475 2460 510 2504 ac
528 2461 629 2502 rursus
644 2442 717 2502 alius
732 2451 819 2521 atque
836 2442 925 2518 alius,
941 2443 1043 2502 eudem
1058 2451 1192 2520 egestate

185 2544 221 2586 ac
237 2526 355 2586 licentia
372 2528 519 2606 corrupti,
542 2525 578 2586 ad
599 2526 759 2586 seditiones
777 2534 807 2585 et
822 2525 983 2587 discordias
999 2535 1029 2585 et
1044 2525 1080 2586 ad
1095 2535 1192 2586 extre·

151 2625 261 2669 tomum
278 2609 357 2669 bella
374 2610 470 2670 civilia
485 2609 617 2672 rurobant.
648 2608 700 2669 sed
720 2608 794 2669 Otho
807 2627 845 2670 ne
857 2609 939 2686 volgi
955 2609 1110 2685 largitione
1125 2627 1192 2668 cen·

182 2695 328 2752 turicnum
348 2694 459 2754 animos
481 2702 644 2772 averteret,
666 2694 767 2754 liscum
791 2711 871 2752 suum
892 2693 1063 2754 vacationes
1084 2711 1193 2754 annuas

186 2777 384 2837 exsolutorum
400 2778 546 2855 promisit,
569 2795 630 2836 rem
650 2776 725 2837 haud
741 2777 827 2836 dubie
843 2776 941 2836 utilem
960 2785 1021 2836 eta
1040 2775 1125 2838 bonis
1140 2793 1192 2854 po·

185 2869 247 2919 stea
259 2859 438 2939 principibus
450 2863 646 2940 perpetuitate
658 2860 830 2938 disciplinae
842 2860 989 2920 firmatam.
1014 2859 1092 2934 Laco
1107 2877 1193 2938 prae·

184 2943 298 3021 iectus,
319 2944 462 3022 tam'qnam
478 2944 506 3003 in
523 2944 642 3005 insulam
658 2953 866 3023 seponeretur,
889 2943 924 3002 ab
940 2953 1083 3019 evocato,
1108 2962 1192 3023 quem

151 3026 220 3086 asad
239 3027 359 3087 caedem
372 3029 437 3087 cius
454 3028 529 3088 Otho
548 3029 757 3106 praemiserat,
781 3027 951 3096 confossum
972 3027 1001 3086 in
1016 3024 1192 3088 blanciauum

184 3109 294 3170 loeium
311 3121 342 3171 ut
357 3111 385 3170 iu
403 3111 538 3172 libertum
553 3112 646 3191 palam
661 3111 900 3172 animadversum.
1257 3117 1258 3120 ’

248 3197 299 3255 47.
322 3194 435 3257 Exacto
453 3215 506 3276 per
521 3196 635 3256 seelera
649 3196 696 3256 die
710 3196 896 3271 novissimum
908 3195 1049 3271 malorum
1063 3195 1117 3256 turn
1133 3195 1190 3255 lae·

185 3277 257 3338 titia.
289 3287 376 3339 vocat
392 3288 522 3340 senatum
538 3289 656 3359 praetor
678 3279 821 3356 urbanus,
845 3288 957 3340 certant
979 3279 1192 3340 adulationibus
1256 3313 1257 3378 l

187 3362 279 3420 ceteri
301 3363 498 3441 magistratus,
519 3362 674 3423 adcurrunt
697 3371 811 3442 patres:
835 3363 1002 3424 decernitur
1015 3363 1125 3424 Othoni
1143 3365 1192 3423 tri-

186 3441 299 3505 bunicia
312 3455 442 3524 potestas
450 3457 479 3508 et
490 3463 594 3508 nomen
602 3445 723 3524 Augusti
733 3457 762 3507 et
772 3464 870 3508 omnes
879 3449 1041 3530 principum
1049 3447 1191 3522 honores,
