2568 3870
215 145 274 206 112
434 157 600 207 conuuuu
615 157 734 206 nucum
749 157 990 210 ιιιιιοιιιιιιιιιι

215 321 321 393 potens
337 311 419 388 olim,
435 319 465 372 et
479 320 633 391 postquam
648 330 770 390 regnum
785 313 813 370 in
828 311 948 374 formam
964 317 1133 394 provinciae
1146 337 1209 378 ver·

192 405 296 472 uterat,
310 396 474 455 mutationis
486 397 638 475 inpatiens.
660 396 749 474 igitur
761 395 872 457 Vitellii
883 400 1000 459 nomine
1011 399 1131 460 adscitis
1140 420 1211 479 geu·

211 479 288 540 tibus
311 497 385 558 quae
408 479 529 539 Pontum
551 479 702 555 adsolant,
730 489 868 559 corrupto
890 482 919 540 in
943 501 1025 562 spem
1048 487 1216 564 rapinarum

214 564 401 642 egentissimo
419 580 553 640 quoque,
568 563 643 623 band
658 563 830 622 temnendae
849 581 948 625 manus
964 566 1082 643 ductor,
1102 568 1217 648 Trupc-

212 657 325 708 zuntem
344 655 457 706 vetusta
476 645 550 705 lama
569 647 730 722 ciuitatem,
754 663 770 704 a
786 644 907 706 Graecis
921 649 950 706 in
969 659 1100 708 extremo
1116 651 1217 711 Ponti·

214 749 266 791 cae
281 747 351 790 orae
367 727 519 806 conditam,
536 728 645 789 subitus
662 729 776 807 inrupit.
806 745 893 788 caesa
909 729 949 789 ibi
965 731 1082 809 cohors,
1098 735 1218 810 regium

178 814 347 874 roauxilium
364 813 446 882 olim;
470 829 539 872 mox
559 812 656 873 donati
678 814 795 872 civitate
818 811 947 874 Romana
971 816 1054 892 sigua
1074 833 1217 896 armaque

212 900 240 958 in
264 906 392 957 nostrum
412 897 540 975 modurn,
565 894 703 957 desidiam
724 895 928 973 licentiamque
944 896 1125 960 Graecorum
1147 904 1217 962 reti·

211 980 327 1044 nebant.
353 981 440 1041 classi
456 997 573 1060 quoque
589 980 670 1040 iaces
685 979 788 1054 intulit,
805 997 897 1040 vacuo
909 983 979 1041 mari
993 982 1129 1060 eludens,
1149 986 1216 1063 quia

211 1066 383 1127 lectissimas
395 1062 611 1125 Liburnicarum
625 1081 796 1143 omnemque
811 1064 929 1124 militem
940 1064 1091 1126 Mucianus
1102 1067 1215 1144 Byzan·

211 1151 280 1210 tium
295 1149 451 1227 adegerat:
468 1148 535 1228 quin
548 1156 576 1208 et
589 1146 705 1208 barbari
718 1149 905 1225 contemptim
917 1149 1109 1228 vagabantur,
1127 1151 1213 1212 iubri-

178 1253 202 1296 ιι
213 1235 284 1296 catis
299 1241 421 1312 repente
440 1231 571 1292 navibus.
609 1248 737 1293 camaras
756 1240 864 1292 vocant
879 1234 949 1292 artis
965 1233 1108 1294 luteribus
1126 1235 1209 1296 latum

212 1315 307 1378 alvom
321 1319 384 1378 sine
403 1316 519 1377 vinculo
535 1316 611 1377 aeris
630 1324 677 1375 aut
691 1315 761 1376 lerri
778 1332 934 1384 ιοιιιιιιιιιι
956 1325 985 1376 ιι
1000 1318 1111 1379 tumido
1131 1336 1210 1393 maru,

212 1411 298 1482 prout
312 1403 415 1464 ductus
430 1400 586 1476 attollitur,
602 1416 710 1460 summa
725 1399 838 1460 navium
854 1398 960 1460 tabulis
975 1411 1099 1479 augent,
1120 1403 1214 1464 donec

210 1488 239 1546 iu
261 1487 377 1547 modum
395 1486 466 1545 tecti
488 1484 663 1546 claudantur.
700 1485 743 1543 sic
760 1483 835 1543 inter
849 1482 939 1544 undas
954 1484 1127 1564 volvuntur,
1154 1487 1214 1565 pari

211 1571 351 1649 utrimque
372 1586 460 1648 prora
482 1577 510 1628 ιι
530 1567 658 1628 mutabili
681 1567 822 1644 remigio,
846 1566 960 1645 quando
982 1568 1050 1628 binc
1064 1570 1117 1630 vel
1133 1571 1214 1631 illinc

176 1653 365 1733 mappellere
380 1652 564 1712 indiscretum
580 1659 610 1712 et
623 1652 770 1711 innoxium
787 1660 841 1711 ιιι.

272 1735 325 1798 48.
345 1734 481 1796 Advertit
497 1753 532 1796 ea
546 1754 597 1795 ιιι
610 1735 784 1814 Vespasiani
801 1736 941 1814 animum,
958 1737 1213 1810 utvexillariose
1258 1763 1259 1768 ¹

210 1818 373 1896 legionibus
395 1817 555 1897 ducemque
576 1818 707 1880 Virdium
726 1818 890 1900 Geminum,
913 1829 1063 1899 spectatae
1079 1821 1212 1898 militiae,
1258 1829 1259 1890 i

210 1902 363 1980 deligeret.
393 1902 444 1963 illo
464 1903 676 1984 inconpositum
693 1912 723 1962 et
737 1902 865 1981 praedae
883 1903 1018 1982 cupidine
1036 1921 1143 1980 vagum
1160 1905 1211 1966 ho·

209 1997 282 2048 stem
304 1985 421 2048 adortus
444 1988 592 2066 coepitio
612 2004 718 2056 naves;
741 1987 914 2065 effectisque
931 1990 1033 2066 raptim
1048 1986 1212 2049 Liburnicis

184 2070 377 2152 sadsoqnitur
391 2071 544 2132 Anicetum
564 2071 592 2130 in
614 2072 691 2131 ostio
712 2070 834 2131 fluminis
851 2069 959 2148 Chobi,
981 2081 1070 2132 tutum
1086 2072 1143 2134 sub
1159 2074 1210 2134 Se·

208 2156 404 2216 docbeuorum
417 2157 498 2234 regis
514 2155 638 2230 auxilio,
664 2171 748 2232 quem
764 2155 888 2232 pecunia
905 2154 1046 2236 donisque
1060 2155 1096 2216 ad
1113 2158 1210 2216 socie·

207 2249 295 2300 tutem
316 2239 495 2318 perpulerat.
532 2256 567 2299 ac
585 2238 678 2316 primo
701 2255 755 2296 rex
775 2239 858 2297 minis
879 2241 1023 2317 armisque
1044 2240 1209 2318 supplicem

207 2324 296 2383 tueri:
315 2331 467 2402 postquam
484 2338 599 2388 merces
614 2319 788 2399 proditionis
803 2329 850 2382 aut
864 2321 972 2383 bellum
988 2322 1205 2399 ostendebatur,

161 2465 163 2468 ,
208 2407 300 2483 llnxa,
323 2415 353 2466 ut
375 2416 421 2467 est
441 2404 589 2481 barbaris,
614 2404 671 2465 lide
688 2413 789 2484 pactus
803 2404 918 2466 Aniceti
934 2407 1050 2468 exitium
1065 2409 1206 2487 perfugas

174 2489 338 2566 retradidit,
356 2490 494 2569 belloque
513 2489 612 2550 servili
629 2490 692 2549 linis
709 2489 861 2567 inpositus.

273 2573 391 2636 Laetum
416 2593 451 2635 ea
475 2574 598 2634 victoria
624 2573 854 2652 Vespasianum,
885 2574 996 2634 cunctis
1023 2593 1113 2653 snper
1139 2584 1204 2634 vota
1257 2625 1258 2630 ,

138 2677 140 2682 ’
207 2657 378 2736 luentibus,
396 2656 603 2722 Cremonensis
619 2658 723 2736 proclii
738 2658 852 2718 nuntius
867 2657 895 2717 iu
910 2656 1049 2737 Aegypto
1071 2658 1202 2738 adsequi·
1257 2655 1258 2670 ³

205 2749 260 2799 tur.
292 2758 328 2801 eo
349 2741 554 2823 properantius
569 2741 776 2802 Alexandriam
797 2743 911 2821 pergit,
933 2750 963 2801 ot
984 2742 1079 2803 fracto
1094 2741 1204 2803 Vitellii

207 2827 336 2885 exercitu
350 2825 452 2886 urbem
467 2842 583 2905 quoque
599 2834 739 2886 externae
754 2826 820 2905 opis
831 2824 957 2903 indigam
968 2825 1044 2886 lame
1056 2834 1203 2902 urgueret.

172 2928 197 2970 ιι
206 2925 329 2988 numque
345 2918 374 2969 et
389 2909 534 2986 Africam,
556 2909 661 2970 eodem
674 2909 768 2970 latere
783 2910 874 2986 situm,
890 2916 966 2969 terra
981 2911 1112 2988 marique
1125 2911 1203 2970 inva-

207 2991 277 3052 dere
300 2991 437 3073 parabat,
463 2993 569 3054 clausis
592 3011 722 3055 annonae
744 2992 879 3053 subsidiis
899 2993 1076 3073 iuopiamac
1092 2993 1201 3055 discor·

206 3075 280 3138 diam
295 3076 372 3138 hosti
386 3076 527 3137 facturus.

268 3161 319 3226 49.
337 3161 410 3221 Dum
424 3161 480 3221 bac
496 3163 584 3222 totius
598 3159 678 3221 orbis
692 3162 839 3222 nutatione
855 3161 971 3222 fortuna
983 3161 1098 3239 imperii
1112 3170 1199 3221 ιιιιιι-

205 3244 241 3320 it,
264 3245 376 3305 l’rimus
398 3243 541 3306 Antonius
567 3257 747 3324 nequaquam
770 3247 832 3325 pari
854 3244 1018 3306 innocentia
1040 3253 1107 3323 post
1132 3241 1198 3303 Gre-

205 3343 316 3388 monam
339 3328 462 3407 agebat,
489 3330 558 3389 satis
572 3329 678 3390 iactum
699 3327 778 3389 bello
801 3338 880 3391 ratus
896 3339 925 3391 et
941 3337 1039 3391 cetera
1058 3347 1096 3390 ex
1112 3325 1198 3400 lucili,

206 3426 258 3468 seu
279 3411 406 3477 felicitas
427 3413 455 3472 in
480 3413 529 3474 tali
549 3415 666 3492 ingenio
688 3414 1024 3495 avaritiumsnperbiam
1046 3423 1199 3490 ceteraque
1256 3491 1257 3496 ἵ
