2568 3870
456 151 717 200 dissensere.
735 151 821 204 1-5.
890 139 898 150 “
1087 142 1127 206 93

125 315 226 376 bortes
243 308 398 380 sufficient.
426 310 482 370 iam
497 319 655 372 reseratam
669 309 794 390 ltaliam,
807 313 936 393 inpulsas
952 315 1062 376 Vitellii
1078 333 1126 376 res

125 396 259 458 audietis.
289 392 397 454 iuuabit
411 394 494 472 sequi
511 403 540 454 et
556 397 691 474 vestigiis
709 398 852 457 vincentis
869 399 1028 459 insisteret

187 481 215 543 3.
235 479 316 541 llaec
339 495 375 538 ac
394 476 462 538 talia
479 477 607 555 flagrans
633 481 742 557 oculis,
763 484 837 542 truci
854 499 947 561 voce,
970 500 1026 563 quo
1042 483 1126 545 latius

126 565 272 626 audiretur
287 561 411 641 (etenim
426 579 459 621 se
473 565 659 625 centuriones
683 574 712 626 et
732 565 847 644 quidam
866 567 986 640 militurn
1003 567 1126 628 consilio

123 647 325 724 miscuerant),
346 647 384 707 ita
409 645 523 723 eliudit,
546 657 577 708 ut
598 658 699 709 cautos
718 667 835 729 quoque
853 668 888 711 ac
905 651 1044 731 providos
1060 670 1127 732 per·

2 798 7 803 ,
115 742 269 808 moveret,
285 729 393 808 volgus
405 739 435 790 et
451 733 541 792 ceteri
554 750 638 793 unum
650 736 740 794 virum
751 734 928 815 ducemque,
942 745 1039 816 spreta
1056 736 1126 797 alio·

119 837 183 879 rum
205 816 345 895 segnitia,
369 814 500 876 laudibus
523 816 642 878 ferrent.
683 818 759 878 bano
780 821 823 878 sui
849 820 954 881 lamam
977 838 1012 882 ea
1033 821 1150 881 statims

122 905 260 968 contione
276 908 489 978 commoverat,
513 919 569 980 qua
583 903 712 964 recitatis
728 903 902 982 Vespasiani
919 904 1052 984 epistulis
1067 921 1127 965 non

123 997 153 1048 ut
169 988 302 1068 plerique
326 985 436 1045 incerta
458 984 612 1063 disseruit,
638 986 694 1047 huc
709 986 778 1047 illuc
795 995 940 1048 tracturus
954 989 1126 1068 interpreta-
1152 989 1155 998 ’

123 1073 221 1148 tione,
246 1077 330 1149 prout
348 1069 549 1131 conduxisset:
577 1079 678 1150 aperte
697 1070 887 1133 descendisse
900 1073 929 1132 in
952 1091 1067 1134 causam
1084 1072 1126 1132 vi·

123 1155 258 1233 debatur,
285 1170 379 1234 eoque
408 1155 528 1233 gratim
553 1155 689 1217 militibus
718 1164 781 1218 erat
807 1156 912 1236 culpae
938 1157 986 1217 vel
1014 1157 1126 1235 gloriae

122 1242 231 1304 socius.
1137 1249 1162 1292 to

185 1327 216 1386 4.
242 1324 376 1385 Proxima
404 1321 533 1385 Gornelii
554 1323 641 1385 Fusci
669 1327 868 1404 procuratoris
893 1328 1061 1386 auctoritas.
1101 1328 1127 1385 is

123 1427 240 1492 quoque
255 1409 444 1470 inclementer
460 1411 489 1469 in
507 1409 654 1470 Vitellium
672 1408 769 1470 invehi
784 1409 887 1469 solitus
902 1409 971 1470 nibil
986 1410 1052 1489 spei
1071 1409 1126 1469 sibi
1185 1428 1188 1434 ·

123 1498 198 1560 inter
219 1494 342 1554 adversa
363 1493 532 1572 reliquerat.
569 1492 703 1574 'lampius
724 1493 894 1569 Flauianus,
913 1502 1014 1555 natura
1029 1511 1064 1554 ac
1080 1512 1125 1554 se·

122 1589 207 1640 necta
235 1579 429 1651 cunctantior,
455 1578 638 1656 suspiciones
664 1577 783 1638 militum
809 1576 959 1654 inritabat,
983 1587 1126 1657 tamquam

122 1663 275 1727 adfinitatis
298 1679 360 1722 cum
375 1661 496 1722 Vitellio
510 1662 700 1732 meminissem
720 1661 856 1740 idemque
873 1662 952 1740 quod
969 1670 1148 1741 coeptantet

122 1749 269 1826 legionum
284 1755 360 1806 motu
376 1746 535 1824 profugus,
556 1745 622 1806 dein
645 1754 750 1823 sponte
766 1755 964 1821 remeaverat,
988 1745 1128 1825 perfidiae
1156 1785 1159 1789 -

121 1834 218 1895 locum
234 1832 384 1910 quaesisse
401 1829 582 1890 credebatur.
612 1847 677 1890 nam
692 1828 876 1906 Flavianum,
893 1830 1000 1891 omissa
1015 1829 1126 1890 Panno·

121 1919 167 1978 nia
190 1918 354 1994 ingressum
369 1912 479 1974 ltaliam
502 1923 531 1973 et
545 1914 701 1975 discrimini
723 1923 906 1993 exemptum,
928 1932 1024 1974 rerum
1038 1931 1127 1974 nova·

120 2017 183 2061 rum
200 1998 305 2078 cupido
323 1998 414 2075 legati
432 2015 537 2058 nomen
552 2016 701 2058 resumere
717 2005 747 2058 et
760 1999 877 2059 misceri
891 1997 1024 2058 civilibus
1040 1999 1126 2058 armis

122 2084 289 2162 impulerat,
306 2080 446 2142 suadente
462 2080 601 2142 Cornelio
616 2080 730 2158 Fusco,
748 2097 806 2141 non
822 2082 889 2161 quia
904 2080 1044 2142 industrie
1058 2079 1125 2141 Fla·
1138 2094 1161 2133 tt

122 2169 198 2230 vieni
225 2165 348 2245 egebat,
372 2165 424 2226 sed
445 2175 475 2227 ut
497 2165 650 2226 consulare
667 2182 773 2225 nomen
787 2165 974 2242 surgentibus
990 2183 1052 2224 cum
1067 2181 1125 2224 ma-

121 2256 199 2315 xime
213 2251 344 2332 partibus
358 2250 482 2311 honesta
494 2252 595 2329 specie
612 2248 861 2328 praetenderetur.

188 2331 218 2396 b.
239 2332 655 2394 Ceterumuttransmitterein
664 2329 891 2389 ltaliambellnm
903 2331 1011 2408 inpune
1024 2338 1054 2389 et
1067 2333 1131 2390 usui

52 2455 55 2461 ·
120 2412 1127 2496 ioret,scriptumApouioSaturnino,cumexercitubloesicocelera·

120 2511 175 2562 ret.
191 2520 268 2562 acne
276 2499 577 2578 inermesprovinciae
585 2496 716 2557 barbaris
724 2496 888 2558 nationibus
897 2505 1130 2575 exponerentur,

120 2587 269 2668 principes
281 2586 475 2647 Sarmatarum
486 2583 640 2662 lazugum,
653 2601 746 2664 penes
760 2601 834 2664 qnos
847 2583 971 2644 civitatis
981 2583 1125 2660 regimen,

119 2676 147 2732 in
163 2670 356 2734 commilitium
374 2670 486 2731 adsciti.
521 2668 638 2749 plebem
655 2684 771 2747 quoque
789 2677 819 2728 et
835 2668 892 2728 vim
910 2668 1056 2746 equitum,
1069 2683 1146 2746 quas

120 2755 183 2816 sola
202 2755 313 2832 valent,
331 2753 511 2816 ollerebant:
528 2755 681 2816 remissum
696 2752 724 2813 id
738 2769 855 2828 munus,
870 2771 907 2813 ne
922 2753 998 2812 inter
1013 2750 1124 2811 discor·

119 2841 180 2900 dias
196 2848 316 2899 externa
338 2839 508 2900 molirentur
530 2846 579 2898 aut
597 2833 707 2898 maiore
728 2855 766 2896 ex
788 2837 906 2897 diverso
928 2834 1064 2896 mercede
1081 2835 1126 2895 ius

117 2927 223 3000 iusque
235 2931 386 2984 exuerent.
411 2923 561 2983 trabuntur
572 2923 601 2980 in
614 2929 711 2998 partes
723 2919 793 2980 Sido
808 2929 894 2999 atque
905 2919 1024 2980 Italicus
1036 2937 1125 2996 reges

0 3032 1 3035 ¹
52 3071 57 3074 κ
121 3005 296 3083 Sueborum,
313 3008 377 3086 quis
391 3016 475 3066 vetus
491 3005 662 3088 obsequium
677 3021 750 3081 erga
760 3005 908 3064 Romanos
924 3012 953 3063 et
966 3021 1042 3081 gens
1057 3002 1124 3064 fidei

119 3090 327 3168 loommissior]
357 3091 520 3167 patientior.
564 3087 700 3169 opposita
726 3088 754 3147 in
774 3087 848 3148 latus
875 3086 995 3163 auxilia,
1019 3086 1125 3146 intesta
1135 3094 1160 3135 1⁰

122 3169 238 3247 Raetia,
255 3173 300 3231 cui
316 3173 437 3234 Porcius
453 3175 628 3253 Septiminus
645 3180 820 3251 procurator
843 3181 920 3248 erat,
937 3171 1125 3248 incorruptae

122 3273 193 3334 erga
209 3256 357 3316 Vitellium
380 3257 455 3318 lidei.
494 3259 581 3335 igitur
598 3256 737 3318 Sextilius
752 3255 838 3316 Felix
854 3273 917 3316 cum
935 3253 980 3314 ala
995 3253 1124 3314 duriam
1182 3268 1184 3272 ⁴

120 3349 149 3402 et
173 3348 241 3402 octo
268 3343 438 3403 cohortibus
457 3359 491 3402 ac
506 3341 680 3403 Noricorum
698 3342 845 3399 iuventute
861 3338 905 3399 ‘ad
927 3334 1124 3415 occupandam

119 3426 213 3508 clpam
229 3424 306 3486 deni
317 3425 455 3505 fluminis,
472 3425 551 3506 quod
565 3426 675 3486 Raetos
689 3422 874 3498 Noricosque
890 3417 1041 3492 interfluit,
1057 3417 1122 3476 mis·
