2546 3872
448 135 823 224 uenenorum-en
910 203 925 233 ,
1093 155 1135 218 39

137 319 166 380 ln
189 325 284 378 castra
306 317 387 378 inriti
407 334 502 398 neque
523 319 706 403 ‚innocentes
739 328 858 398 postero
878 320 925 382 die
946 319 1027 381 velut
1050 331 1171 400 cupterc

136 400 210 463 urbe
226 400 343 462 clausae
359 400 477 478 domus,
498 419 580 462 rurus
595 419 651 482 per
664 404 727 463 rias
742 402 886 484 populus,
909 413 1018 466 moesta
1033 403 1133 483 plebs:

135 486 243 550 deisoti
274 485 304 544 in
336 493 442 550 terrun
472 483 592 546 militurn
623 485 719 551 voltus
744 505 780 547 ac
805 487 871 568 plus
893 488 1024 548 tristitiae
1050 507 1134 568 quarn

135 569 341 652 paenitentiae.
367 567 563 647 manipulatim
584 566 712 630 adlocuti
731 579 797 632 sunt
807 569 935 635 Licinius
949 571 1089 634 Proculus
1105 581 1135 632 et

135 653 247 714 Plotius
262 649 374 715 Firmus
389 651 549 737 preelecti,
573 671 612 715 ex
626 670 680 722 suo
701 655 823 738 quisque
841 656 958 733 ingenio
975 656 1069 716 mitius
1086 664 1135 719 sut

134 735 290 798 horridius.
333 734 396 798 linis
422 737 565 798 sermonis
591 737 620 796 in
646 753 698 816 eo,
726 746 757 798 nt
784 738 869 818 quino
892 740 968 808 milia
992 757 1133 802 nummum
1144 765 1170 806 ιι

134 819 259 900 singulis
286 819 426 883 militibus
447 829 681 884 numerarentur:
715 829 774 882 turn
798 820 875 883 Otho
899 822 1013 902 ingredi
1040 831 1134 884 oestro

134 920 231 966 ausus.
274 911 362 982 atque
389 902 471 968 illum
499 903 604 966 tribuni
635 906 879 984 centurionesque
910 907 1135 985 circumsistunt,

133 987 260 1054 abiectis
273 983 395 1048 militiae
408 986 569 1064 insignibus
588 988 675 1066 otium
691 999 721 1048 et
735 989 857 1050 salutem
870 990 1046 1069 flagitantes.
1068 1008 1134 1052 sen·
1227 1017 1231 1023 ‚

136 1072 174 1130 sit
202 1069 338 1133 invidiam
367 1069 451 1132 miles
478 1079 512 1130 ct
544 1073 723 1152 compositus
750 1073 778 1134 in
804 1071 974 1154 obsequium
996 1084 1134 1137 suctores

136 1153 287 1217 seditionis
302 1151 339 1214 ud
352 1154 528 1234 supplicium
541 1153 618 1216 ultro
636 1155 810 1234 postulabat
1142 1189 1169 1230 ιι

197 1234 246 1300 83.
275 1235 371 1316 Otho,
395 1252 564 1318 quemquam
585 1238 706 1301 turbidis
726 1240 815 1302 rebus
835 1248 864 1301 et
878 1240 1002 1302 diversis
1016 1241 1135 1303 militurn

133 1321 251 1400 animis,
273 1339 338 1384 cum
360 1323 485 1404 optimus
506 1323 630 1402 quisque
647 1324 805 1385 remedium
820 1325 984 1403 praesentis
999 1323 1136 1386 licentiae

132 1413 291 1488 posceret,
307 1403 415 1484 volgus
431 1414 462 1466 et
471 1405 576 1486 plures
591 1405 782 1470 seditionibus
796 1416 828 1468 et
843 1407 996 1470 ambitioso
1011 1409 1135 1487 imperio

132 1487 203 1552 laeti
228 1506 283 1574 per
303 1487 403 1554 turbas
423 1497 453 1550 et
472 1497 572 1568 rqptns
593 1489 708 1552 iecilius
729 1491 766 1553 ud
786 1491 874 1553 civile
888 1491 998 1553 bellurn
1011 1491 1134 1570 inpelle·

133 1581 249 1652 rentur,
273 1573 356 1634 simul
373 1581 511 1652 reputans
527 1590 585 1633 non
599 1591 690 1654 posse
706 1577 896 1655 principatum
913 1575 1029 1638 scelere
1045 1592 1157 1654 quse-s

135 1657 218 1720 situm
252 1656 346 1718 subite
377 1655 519 1720 modes-tie
551 1666 581 1717 et
614 1658 712 1738 prisce
735 1660 879 1738 qrevbete
903 1659 1046 1736 retineri,
1081 1658 1135 1720 sed

135 1739 301 1802 discrimine
323 1739 402 1802 urbis
426 1750 455 1801 et
473 1741 606 1820 periculo
628 1751 749 1806 senatus
771 1744 890 1822 anxius,
920 1752 1071 1822 postnemo
1095 1742 1135 1803 itu

134 1824 286 1886 disseruit:
310 1825 423 1903 ‘neque
443 1834 474 1884 ιι
495 1824 628 1887 adiectus
642 1835 759 1888 ¹cestros
772 1827 801 1888 in
816 1843 946 1888 amorem
959 1827 1016 1888 nei
1030 1844 1134 1889 eccen-

133 1907 251 1986 derem‚
274 1908 501 1985 commilitones,
524 1926 621 1990 neque
642 1917 674 1970 ut
688 1911 810 1972 animum
823 1903 861 1972 'ed
877 1910 1013 1972 virtutem
1029 1911 1134 1972 cobor-
1246 1979 1253 1990 ,

133 2001 214 2052 turer
228 1991 366 2072 (utruque
383 1992 460 2053 enirn
476 1993 600 2070 egregie
614 1995 802 2074 supersunt),
824 1993 877 2056 sed
891 1995 957 2070 reni
973 1995 1133 2074 postuletu-
1143 2019 1168 2059 ro

133 2094 184 2138 rus
205 2093 225 2134 s
244 2074 329 2137 robis
352 2084 608 2155 temperamentum
628 2085 744 2138 restrae
765 2077 940 2140 fortitudinis
955 2087 986 2138 et
1000 2096 1070 2156 erga
1088 2095 1135 2136 mc

133 2158 250 2232 modum
278 2159 415 2222 ueritatis.
449 2159 585 2223 tumultus
609 2162 733 2240 proximi
757 2161 867 2222 initium
893 2179 951 2222 non
972 2161 1134 2241 cupiditate

133 2242 183 2303 sel
200 2241 283 2324 odio,
304 2261 379 2324 quoe
392 2242 500 2304 multos
514 2246 662 2306 exercitus
679 2246 708 2306 in
724 2243 900 2308 discordiam
914 2262 1022 2324 egere,
1044 2261 1083 2306 ao
1096 2261 1134 2302 ne

134 2326 347 2388 detrectatione
363 2326 477 2407 quidem
492 2336 540 2388 aut
550 2327 926 2409 tormidinepericulorun:
943 2329 1028 2395 ntnts
1038 2329 1134 2407 pictos

134 2419 233 2471 vestra
256 2410 352 2472 scrius
374 2429 460 2490 quem
481 2410 664 2473 considerate
681 2413 832 2482 excitarim
854 2429 919 2474 narn
934 2430 1026 2492 saepe
1042 2411 1132 2474 bone·
1143 2433 1169 2474 ιι

133 2503 194 2557 stae
216 2511 313 2556 rerum
334 2512 452 2574 moses,
477 2495 507 2554 ni
524 2495 658 2557 indicitun
678 2496 834 2576 adhibens,
859 2496 1018 2578 perniciosi
1039 2497 1134 2556 esitus

134 2586 339 2642 consecuntur.
366 2577 489 2642 immed
503 2577 621 2642 bellum
647 2597 716 2642 nuru
732 2596 832 2643 omnes
842 2580 960 2642 ιιιιίοι
975 2579 1070 2660 pelen
1085 2597 1134 2640 sn·

134 2657 208 2740 diri,
223 2663 316 2724 omnia
334 2661 454 2726 consilia
473 2664 585 2724 cunctis
597 2664 801 2742 praesentibus
814 2665 932 2728 tractari
946 2665 1021 2726 ratio
1037 2681 1134 2726 rorum

134 2753 184 2806 out
204 2747 390 2809 occasionum
407 2745 550 2808 uelocitas
570 2745 696 2827 patitur?
720 2757 777 2812 tem
797 2750 913 2810 nescire
928 2748 1068 2827 quaedam
1083 2747 1133 2808 ni·

133 2828 202 2890 lites
243 2848 307 2892 uum
329 2831 405 2894 scire
427 2839 560 2910 oportet:
582 2833 622 2894 ita
634 2849 670 2894 se
686 2832 790 2894 ducum
805 2834 977 2910 sonoritas,
993 2833 1036 2894 sic
1049 2831 1169 2909 riqorrc

135 2848 307 2994 disciplinas
325 2911 432 2992 babet,
460 2922 492 2979 ut
512 2916 600 2978 multu
622 2917 707 2977 etiarn
734 2917 919 2980 centuriones
943 2915 1133 2995 tribunosque

134 3005 241 3064 tontum
255 2995 351 3061 iuberi
367 2997 513 3078 expediat.
540 3000 583 3078 si,
603 3015 658 3060 cur
669 2998 836 3078 iubeantur,
852 3017 997 3080 quaerens
1010 2998 1133 3078 singulis

136 3080 241 3158 liceat,
265 3091 407 3163 pereunte
427 3081 570 3162 obsequio
590 3085 678 3147 etiarn
695 3084 848 3164 ,imperium
866 3084 1021 3148 intercidit.
1051 3100 1089 3145 un
1104 3089 1133 3142 et

135 3163 197 3226 illic
211 3175 298 3228 noote
315 3165 489 3246 intempesto
504 3168 653 3246 rapiennrr
666 3165 766 3230 armai
787 3186 860 3231 unus
874 3167 987 3232 alterve
1004 3164 1132 3247 perditus

62 3311 65 3316 ,
135 3266 171 3310 ιι
191 3249 364 3313 temulentus
388 3252 502 3330 (neque
524 3252 599 3316 enim
622 3251 722 3333 plnres
744 3252 980 3316 consternatione
1001 3249 1170 3330 protiosus

135 3331 277 3396 insanisse
299 3333 488 3415 crediderim)
511 3335 689 3397 centurionis
710 3354 745 3396 ac
760 3335 866 3397 tribuni
879 3335 1020 3412 sunguine
1034 3349 1135 3397 nanus

135 3414 259 3497 imbuet,
274 3419 458 3499 imperatoris
471 3421 515 3482 sni
529 3421 683 3483 senodum
696 3415 878 3498 inrumpeti’
917 3447 921 3452 ·
