2510 3864
476 179 552 230 une.
569 178 701 234 ao—al·
1032 170 1091 234 2⁰1

96 356 168 416 cae,
183 355 242 398 uon
256 336 382 416 denique
396 335 482 397 ullius
493 336 563 396 artis
579 337 723 412 ingenuae
739 337 889 397 scientiam
910 336 938 398 ei
954 336 1094 402 defuisse.

94 420 147 481 ille
162 420 333 482 dialecticae
346 419 547 500 suptilitatem,
562 418 614 479 ille
625 421 743 481 muralis
755 417 848 498 partis
862 420 1028 500 utilitatem,
1042 420 1094 484 ille

95 522 193 565 rermn
213 511 309 565 motus
332 521 493 582 causasque
520 512 708 580 cognoverat.
746 505 786 564 ita
806 513 853 565 est
870 505 964 581 euim,
993 505 1094 584 optimi

95 589 168 666 viri,
184 588 243 649 ita:
262 605 302 648 ex
317 587 406 648 multa
421 586 586 648 eruditione
601 595 632 647 et
647 585 778 665 plurimis
796 588 906 649 artibus
922 595 953 649 et
969 588 1129 650 omnium²⁸

94 689 192 732 rerum
206 671 328 732 scientia
345 670 473 732 exundat
488 679 520 731 et
540 670 683 732 exuberat
697 670 748 730 illa
762 671 937 740 admirabilis
954 671 1094 751 eloquen-

94 756 151 822 tia;
174 773 270 834 neque
287 756 414 815 oratoris
431 754 477 814 vis
501 764 532 814 et
548 752 687 830 incultas,
708 756 783 814 sicut
802 763 963 817 ceterarum
985 753 1093 833 rerum,

92 840 224 914 angustis
241 846 272 898 et
285 837 426 898 brevibus
443 839 574 898 temtiuis
590 837 730 915 cluditur,
749 838 802 898 sed
816 840 842 900 is
856 848 902 901 est
914 847 1030 915 orator,
1045 841 1093 917 qui

93 921 132 979 de
157 921 233 980 omni
249 921 422 998 quaestione
444 920 565 1000 pulchre
586 929 616 981 et
637 929 739 982 ornate
758 929 789 981 et
812 923 847 982 ad
864 922 1093 1002 persuadendum

87 1009 163 1084 apte
177 1001 277 1063 dicere
288 1020 344 1082 pro
355 1003 497 1080 dignitate
507 1023 615 1081 rernm,
629 1003 666 1064 ad
677 1003 831 1066 utilitatem
841 1015 1014 1085 temporum,
1030 1017 1128 1068 cumtt

94 1083 245 1165 uoluptate
261 1086 435 1148 audientium
448 1089 552 1166 possit.

150 1170 201 1234 31.
221 1173 348 1233 Hocsibi
360 1173 403 1233 illi
416 1182 536 1235 veteres
548 1185 775 1253 persuaserant,
793 1175 828 1234 ad
845 1175 902 1235 hoc
915 1175 1098 1237 alliciendum

90 1256 306 1334 intellegebant
318 1275 392 1335 opus
405 1277 491 1334 esse,
507 1276 565 1318 non
575 1266 606 1317 ut
624 1261 654 1316 in
672 1257 823 1317 rhetorum
835 1258 944 1318 scholis
956 1258 1097 1318 declama-

90 1349 174 1416 rent,
195 1349 293 1400 neunt
313 1340 387 1399 lictis
404 1357 459 1399 nec
474 1340 535 1399 ullo
550 1339 636 1398 modo
659 1341 695 1400 ad
718 1342 869 1400 veritatem
892 1339 1098 1400 accedentibus

92 1423 305 1484 controversiis
322 1421 447 1498 linguam
461 1422 547 1482 modo
564 1430 593 1481 et
606 1439 714 1482 vocem
732 1431 924 1498 exercerent,
948 1422 1000 1483 sed
1015 1430 1047 1481 ut
1061 1423 1097 1482 iis

89 1503 201 1564 artibus
215 1512 319 1583 pectus
333 1503 506 1583 implerent,
521 1507 550 1565 in
563 1504 666 1582 quibus
679 1505 716 1565 de
730 1505 817 1564 bonis
827 1523 862 1564 ac
873 1505 976 1581 malis,
994 1505 1031 1565 de
1046 1504 1123 1568 hos

89 1595 177 1647 nesto
193 1595 224 1646 et
237 1589 332 1665 turpi,
350 1588 387 1648 de
402 1590 480 1648 insto
497 1596 528 1648 et
542 1589 651 1648 iniusto
667 1587 843 1666 disputatur:
866 1588 940 1648 baec
960 1589 1035 1648 enim
1051 1597 1098 1647 est

89 1672 203 1731 oratori
217 1670 350 1732 subiecta
363 1671 398 1730 ad
412 1667 705 1731 dicendum'materia.
731 1690 794 1731 nam
808 1674 838 1732 iu
850 1672 963 1731 iudiciis
982 1673 1047 1732 lere
1060 1671 1097 1730 de

88 1755 249 1834 aequitate,
257 1757 285 1814 in
291 1754 550 1816 deliberationibus
556 1753 1097 1831 (tantilitatemlaudationlbocdeho·

1 1885 2 1888 ,
88 1833 1095 1918 nesta'tedisserimus,itatanuenutplerumquehaecinvicemmisce-
1158 1899 1160 1905 ,

90 1930 191 1980 antur:
204 1919 353 2000 dequibus
361 1925 521 2000 copioseet
535 1925 655 1984 varieet
670 1932 771 1983 ornate
779 1941 863 1982 nemo
871 1923 972 1982 dicere
985 1929 1095 1999 potest,
1109 1942 1134 1982 m

87 2005 144 2062 nisi
154 2006 201 2080 qni
211 2007 350 2080 cognovit
361 2015 490 2064 naturam
498 2005 646 2065 humanam
660 2014 690 2064 et
703 2008 902 2066 vimvirtutum
912 2007 1096 2082 pravitatem·

88 2087 288 2162 queuitiorum
297 2095 326 2145 et
332 2089 425 2147 habet
435 2086 615 2147 intellectum
627 2105 728 2146 eorum
742 2106 817 2164 quae
830 2106 885 2146 uec
900 2085 1096 2146 invirtutibus

87 2169 268 2226 necinvitiis
277 2178 470 2228 numerantur.
490 2168 589 2228 blachis
602 2170 731 2229 fontibus
740 2172 826 2230 etiam
833 2170 884 2228 illa
896 2168 1056 2246 profluunt,
1065 2176 1097 2227 nt

87 2249 285 2311 facilinsiram
296 2251 400 2311 iudicis
414 2251 461 2310 vel
474 2253 595 2328 instiget
604 2255 652 2312 vel
664 2252 769 2328 leniat,
789 2253 900 2333 quiscit
913 2251 979 2329 quid
992 2255 1031 2313 cit
1043 2253 1096 2329 ira,

93 2336 256 2413 promptius
268 2331 530 2396 admiserationdm
543 2333 690 2413 impellat,
706 2337 754 2413 qui
768 2337 823 2395 scit
838 2334 905 2414 qnid
922 2337 961 2396 sit
981 2331 1128 2396 miseri-1⁵
1192 2392 1194 2397 .

93 2417 193 2478 cordia
215 2426 246 2478 et
268 2418 372 2497 quibus
396 2419 480 2478 animi
503 2417 629 2479 motibus
652 2419 822 2479 concitetur.
863 2420 894 2478 in
914 2417 959 2478 his
983 2419 1093 2479 artibus

93 2501 416 2580 exercitationibusque
430 2509 565 2563 versatus
580 2509 696 2578 orator,
711 2502 775 2562 sive
790 2501 865 2580 apud
885 2502 1011 2564 iniectos
1029 2504 1094 2563 siue

93 2585 170 2663 apud
192 2584 314 2663 cupidos
340 2587 405 2645 sive
430 2585 506 2663 apud
524 2584 689 2645 inridentes
716 2586 780 2645 sive
805 2585 881 2663 apud
902 2586 1003 2646 tristes
1030 2587 1094 2647 sive

92 2668 168 2744 apud
184 2669 320 2729 timentes
332 2667 483 2728 dicendum
492 2667 626 2728 habuerit
633 2709 644 2744 ,
656 2667 870 2733 tenebitvenus
882 2670 1050 2745 animorum,
1063 2677 1094 2731 et

93 2761 182 2831 prout
193 2753 333 2831 cuiusque
348 2759 448 2812 natura
460 2750 636 2830 postulabit,
651 2749 801 2812 adhibebit
810 2769 921 2812 manum
938 2760 969 2812 et
983 2762 1127 2831 tempo-²⁰

93 2833 171 2894 rabit
187 2837 365 2912 orationem,
376 2843 478 2915 parato
493 2836 567 2896 omni
584 2836 777 2895 instrumento
791 2843 822 2896 et
835 2834 871 2896 ad
884 2853 996 2896 omnem
1012 2855 1092 2898 usum

92 2921 235 2996 reposito.
273 2928 339 2980 eunt
355 2920 430 2998 apud
442 2937 516 2997 quos
531 2919 698 2982 adstrictum
716 2926 747 2979 et
762 2918 918 2980 collectum
932 2928 963 2980 et
979 2919 1092 2998 singule

94 3003 191 3060 statim
212 3013 379 3080 argumenta
399 3002 575 3063 concludens
596 3002 710 3063 dicendi
728 3020 822 3080 genus
836 3003 902 3082 plus
917 3003 984 3064 lidei
999 3021 1093 3064 mere

93 3091 157 3142 tur:
178 3085 253 3163 apud
268 3084 323 3144 hos
339 3086 456 3146 dedisse
472 3103 590 3163 operam
607 3085 778 3146 dialecticae
793 3087 936 3164 proficiet.
962 3081 1036 3146 alios
1049 3086 1092 3145 in·

95 3182 129 3226 sa
149 3176 179 3228 et
189 3167 349 3243 aequabilis
368 3176 399 3226 et
415 3168 752 3230 excommunibusductu
768 3169 902 3231 semibus
921 3171 1015 3229 oratio
1036 3183 1126 3228 maan

94 3247 142 3326 gis
157 3249 298 3310 delectat:
329 3251 364 3310 ad
379 3250 434 3310 hos
454 3253 667 3328 permovendos
682 3252 874 3319 mutuabimur
888 3269 903 3310 a
919 3252 1093 3330 Peripateti·

95 3332 138 3392 cis
154 3341 239 3412 aptos
257 3341 287 3394 et
304 3334 333 3393 iu
351 3351 464 3394 omnem
479 3333 704 3414 disputationem
719 3344 837 3414 paratos
854 3336 909 3395 iam
925 3335 1016 3394 locos.
1046 3334 1093 3393 da·

94 3415 167 3477 bunt
183 3417 349 3478 Academici
363 3417 592 3497 pugnacitatem,
607 3417 690 3480 Plato
707 3418 903 3495 altitudinem,
927 3413 1092 3492 Xenophon
