2570 3878
398 165 504 214 irtaco
518 167 580 214 xrr.
601 166 676 219 cac.
693 163 814 220 as-so.
1048 157 1109 217 2⁰7

115 331 195 382 uentu
211 319 378 382 Chattorum
397 320 547 382 latrocinia
563 322 738 400 agitantium.
777 323 842 384 dein
860 320 917 384 li*
933 323 1109 404 Pomponius

114 407 222 484 legatos
235 404 389 465 auxiliares
401 405 569 483 Vangionas
581 421 617 466 ac
626 403 773 485 Nemetas,
787 407 882 469 addito
896 409 993 487 equite
1006 407 1108 484 alario,

113 491 232 550 monitos
256 497 287 548 ut
308 489 450 548 anteirent
471 489 660 568 populatores
682 490 730 550 vel
753 491 872 570 dilapsis
892 491 1032 571 inprovisi
1054 493 1108 551 cir·

113 573 369 635 cumluedcrentur.
403 581 433 632 et
450 580 550 634 secuta
567 572 716 633 consilium
731 574 964 636 ducis'iudustria
980 574 1107 652 militum,
1118 600 1143 642 ιο

113 657 249 736 diuisique
265 656 293 716 in
310 655 365 716 duo
381 657 510 734 agmina,
528 657 576 735 qui
599 657 712 717 laevum
732 661 787 719 iter
803 661 982 739 petiverant,
1003 676 1108 719 recens

112 749 246 804 reversos
260 739 428 819 praedaque
443 758 497 820 per
510 740 606 800 luxum
623 759 691 801 usos
706 751 735 802 et
751 759 851 805 somno
866 761 973 822 graues
989 744 1107 802 circum·

112 843 225 887 venere.
262 832 345 885 aucta
366 823 490 902 laetitia,
514 823 590 902 quod
606 825 744 905 quosdam
762 845 779 887 e
801 826 885 889 clade
898 827 1024 888 Variana
1040 844 1108 906 qua·

87 907 92 918 '
112 909 320 987 dragensimum
334 915 401 988 post
417 925 519 968 annum
534 909 653 969 servitio
671 921 848 972 exemerant.

170 993 221 1055 28.
243 990 281 1052 m
299 992 346 1070 qui
363 990 472 1051 dextris
487 1000 516 1052 et
532 993 717 1072 propioribus
732 995 911 1074 compendiis
931 997 1038 1072 ierant,
1060 994 1109 1054 ob·

110 1079 156 1139 vio
172 1076 248 1137 busti
265 1085 295 1136 et
315 1076 407 1136 aciem
428 1093 498 1136 ausc
514 1076 579 1156 plus
595 1076 684 1138 cladis
701 1079 828 1156 iaciunt,
850 1088 878 1140 et
898 1079 1007 1159 praeda
1022 1080 1111 1139 lama>
1130 1137 1133 1144 .

114 1179 164 1240 que
186 1160 280 1220 onusti
303 1157 339 1219 ad
361 1168 485 1220 montem
501 1157 627 1222 Taunum
649 1172 848 1240 revertuntur,
871 1163 918 1224 ubi
934 1162 1109 1242 Pomponius

112 1263 172 1306 oum
193 1242 359 1321 legionibus
381 1242 607 1322 opperiebatur,
629 1246 654 1305 si
672 1244 766 1307 Chatti
791 1247 925 1326 cupidine
950 1245 1109 1307 ulciscendi

111 1346 207 1390 casum
223 1344 337 1406 pugnae
353 1326 536 1406 praeberent.
566 1327 713 1407 illimato,
730 1348 767 1390 ne
781 1330 847 1390 hinc
865 1331 1028 1406 Romanus,
1044 1330 1131 1396 indes

111 1408 265 1488 Cherusci,
297 1429 360 1470 cum
381 1411 445 1490 quis
466 1419 612 1472 aeternum
633 1412 815 1490 discordant,
845 1412 1110 1490 circumgrcderen·

110 1507 166 1573 tur,
191 1495 307 1572 legatos
323 1497 350 1554 in
372 1493 473 1554 urbem
488 1503 517 1554 et
531 1494 650 1556 obsides
669 1497 791 1566 misere;
815 1496 1008 1576 decretusque
1026 1495 1109 1557 Pom-

110 1580 198 1661 ponio
213 1577 390 1657 triumphalis
404 1578 512 1655 honos,
527 1578 639 1640 modica
655 1597 722 1658 pars
737 1580 831 1641 lamae
846 1581 908 1641 eius
923 1579 997 1659 apud
1013 1587 1108 1659 poste·

109 1682 174 1741 ros,
193 1664 221 1722 in
239 1663 303 1741 quis
318 1663 472 1723 carminum
486 1661 579 1739 gloria
595 1663 759 1743 praecellit.

170 1746 220 1809 29.
242 1745 298 1806 Per
321 1745 395 1806 idem
417 1755 531 1825 tempus
549 1748 677 1808 Vannius
700 1747 805 1808 Suebis
826 1765 841 1806 a
862 1746 957 1808 Druso
983 1746 1110 1824 Caesare

109 1831 251 1912 inpositus
269 1830 386 1909 pellitur
400 1846 512 1907 regno,
537 1833 628 1910 prima
653 1833 766 1910 imperii
789 1839 885 1892 aetate
911 1847 1000 1891 carus
1026 1848 1109 1891 acce·

108 1925 231 1995 ptusque
247 1912 445 1993 popularibus,
461 1929 528 1973 mox
544 1913 725 1975 diuturnitate
740 1915 769 1974 in
784 1914 948 1994 superbiam
960 1923 1070 1974 mutans
1083 1923 1111 1973 et

109 1998 175 2060 odio
198 1997 382 2075 accolarum,
413 1997 496 2056 simul
521 1996 688 2059 domesticis
710 1998 864 2060 discordiis
888 1999 1109 2058 circumventus.

107 2091 243 2144 auctores
263 2081 345 2141 iuere
371 2080 494 2142 Vibilius
514 2080 776 2143 Hermundurorum
803 2100 856 2142 rer
884 2091 913 2142 et
935 2083 1052 2159 Vangio
1075 2096 1136 2140 acc

107 2166 178 2227 Sido
200 2181 304 2225 sorore
321 2165 424 2226 Vannii
447 2165 547 2242 geniti.
583 2183 640 2226 neo
656 2164 808 2242 Claudius,
836 2183 1005 2244 quamquam
1020 2183 1110 2242 saepe

108 2259 226 2325 oratus,
244 2265 321 2310 arma
338 2247 513 2310 certantibus
528 2249 659 2310 barbaris
674 2249 865 2329 interposuit,
892 2257 978 2308 tutum
996 2248 1110 2308 Vannio

106 2335 273 2414 perfugium
300 2332 484 2411 promittens,
518 2333 542 2393 si
569 2331 742 2412 pelleretur;
778 2334 954 2410 scripsitque
970 2328 1111 2408 Palpellio
1171 2382 1175 2386 .

104 2418 221 2494 llistro,
241 2417 290 2495 qui
305 2416 479 2478 Pannoniam
494 2416 695 2497 praesidebat,
712 2417 858 2495 legionem
873 2416 995 2494 ipsaque
1013 2431 1029 2473 e
1044 2429 1110 2491 pro-

106 2502 202 2563 vincia
223 2500 299 2561 lecta
322 2500 426 2561 auxilia
447 2517 500 2579 pro
518 2502 582 2579 ripa
603 2517 799 2580 componere,
831 2497 959 2560 subsidio
977 2497 1061 2558 vietis
1083 2505 1145 2556 etro

105 2597 251 2648 terrorem
268 2584 407 2648 adversus
421 2586 565 2661 victores,
586 2602 622 2644 ne
637 2585 751 2645 icrtuna
766 2583 833 2644 elati
848 2591 976 2643 nostram
994 2597 1111 2660 quoque

104 2689 212 2751 pacem
231 2669 388 2731 turbarent.
433 2686 497 2728 nam
518 2669 562 2728 ris
583 2668 729 2728 innumera
749 2667 832 2745 bugii
856 2666 988 2744 aliaeque
1007 2673 1112 2742 gentes

104 2754 317 2830 adventabant,
333 2753 408 2813 lama
424 2752 490 2813 ditis
504 2753 606 2830 regni,
629 2751 706 2831 quod
720 2751 849 2811 Vannius
864 2750 980 2828 triginta
996 2766 1049 2828 per
1064 2766 1111 2809 an-

104 2857 161 2899 nos
180 2835 415 2917 praedationibus
438 2844 467 2896 et
483 2835 675 2913 vectigalibus
692 2843 822 2896 auxerat.
859 2833 917 2913 ipsi
930 2849 1029 2894 manus
1045 2849 1111 2910 pro-

105 2925 171 3002 pria
189 2921 318 3001 pedites,
343 2938 434 3000 eques
450 2938 467 2982 e
484 2921 622 2980 Sarmatis
637 2918 792 2998 langibus
811 2927 887 2996 erat,
909 2917 1001 2996 impar
1016 2915 1110 2975 multi·
1121 2934 1145 2974 rr

104 3005 200 3068 tudini
213 3005 355 3082 hostium,
373 3021 468 3084 eoque
484 3002 613 3064 castellis
631 3021 698 3064 sese
713 3003 868 3064 defensare
883 2999 1047 3079 bellumque
1062 2998 1111 3058 du·

104 3109 179 3151 cere
197 3097 344 3152 statuerat.
1185 3143 1189 3152 ,

172 3175 224 3238 30.
247 3173 306 3234 Sed
327 3171 450 3251 lazyges
468 3171 628 3233 obsidionis
644 3171 824 3250 impatientes
849 3176 877 3228 et
894 3167 1043 3246 proximos
1060 3183 1112 3243 per

105 3276 231 3338 campos
253 3259 320 3334 uagi
347 3256 590 3318 necessitudinem
611 3273 727 3335 pugnae
752 3252 889 3329 attulero,
918 3251 982 3329 quia
1005 3248 1112 3325 Lugius

104 3341 383 3420 Hermundurusque
403 3340 465 3401 illic
490 3341 666 3417 ingruerant.
699 3338 789 3416 igitur
811 3335 968 3410 degressus
984 3331 1111 3391 castellis

108 3427 240 3488 Vannius
253 3425 379 3486 luuditur
393 3424 523 3504 proelio,
541 3439 709 3502 quamquam
723 3420 812 3482 rebus
826 3415 956 3476 aduersis
971 3411 1110 3474 laudatos„
