2596 3872
200 167 260 229 tat
447 178 611 227 coenanti
627 176 745 226 nnomr
761 177 942 226 sunsmuu

203 341 354 413 potestate,
372 353 454 412 quem
473 333 598 413 populus
612 332 757 395 Romanus
775 331 828 394 Cn.
844 332 982 410 Pompeio
998 329 1102 390 ballum
1120 330 1190 408 pira·
1267 333 1268 384 i

202 423 285 480 ticum
313 427 434 495 gesturo
456 418 585 477 dederat.
619 435 784 495 regressum
805 416 936 494 Paetum,
965 433 1029 475 cum
1057 415 1189 492 graviora
1267 427 1268 478 ζ

201 512 350 579 metueret,
364 503 477 562 facetiis
494 503 629 561 insectari
645 503 714 560 entis
728 501 825 560 babuit
836 499 956 577 Caesar,
972 501 1017 559 bis
1028 499 1119 558 terme
1130 515 1189 558 ver·
1267 503 1268 510 ’

167 603 191 640 ²0
204 588 263 650 bis:
277 589 436 664 ignoscere
453 605 485 645 se
502 587 612 663 statim,
633 604 671 646 ue
693 595 748 646 taen
765 593 916 664 promptus
937 586 966 642 in
981 599 1118 663 pavorem
1132 580 1190 640 lon·
1267 589 1268 592 ’

201 675 284 749 glore
299 670 494 730 sollicitudine
510 677 708 746 aegresceret.

268 754 318 816 26.
342 755 382 814 dt
399 753 528 814 (lorbulc
550 763 650 832 quarta
669 762 699 813 et
719 749 897 813 duodecuma
917 751 1097 830 legionibus,
1122 765 1190 828 quae

201 839 360 900 fortissimo
380 856 497 918 quoque
517 841 624 900 amisso
639 847 668 898 et
686 839 795 898 ceteris
810 837 955 898 exterritis
970 853 1071 917 parum
1085 833 1187 896 habiles
1267 853 1268 900 ᾗ

201 922 316 1002 proelio
331 922 518 999 videbantur,
542 923 570 980 in
584 923 697 982 Suriam
710 921 866 998 translatis,
884 913 994 981 sextari
1009 921 1076 981 inde
1091 937 1126 980 ac
1136 927 1189 976 ter·
1267 929 1268 976 t

200 1008 268 1066 tiam
288 1006 438 1082 legiones,
461 1007 603 1084 integrum
620 1006 740 1066 militem
757 1015 787 1066 et
807 1006 919 1066 crebris
938 1007 975 1064 'ac
991 1005 1142 1086 prosperis
1154 1001 1190 1060 la·
1267 1023 1268 1028 ¹

175 1107 188 1144 c
202 1090 323 1151 boribus
337 1090 510 1168 exercitum,
533 1091 560 1148 in
575 1090 738 1151 Amneniam
757 1089 843 1150 ducit.
870 1089 1035 1169 addiditque
1052 1089 1190 1166 legionem

202 1174 340 1252 quintam,
359 1191 432 1252 quae
446 1192 499 1252 per
514 1174 631 1234 Pontum
646 1193 738 1252 egeus
754 1191 861 1252 expers
879 1174 968 1234 cladis
984 1175 1094 1248 iuerat,
1116 1166 1190 1230 simul
1267 1217 1268 1222 ,

202 1257 474 1336 quintadecumancs
496 1277 600 1318 recens
621 1259 761 1319 adductos
783 1267 812 1318 et
832 1259 939 1319 vexilla
961 1257 1137 1320 delectorum
1158 1269 1191 1310 ex

200 1342 320 1416 lttprtco
336 1351 365 1402 et
380 1342 530 1422 Aegypto,
547 1342 681 1422 quodque
697 1342 806 1403 alarum
821 1343 1058 1421 cohortiumque,
1075 1350 1104 1401 et
1119 1337 1191 1399 auxi·
1267 1409 1268 1412 Ἴ

202 1427 238 1486 lic
260 1445 361 1504 regum
381 1429 409 1486 in
431 1439 513 1486 nomn
530 1427 670 1486 conducta
687 1426 762 1507 apud
778 1427 949 1505 Melitenen,
966 1444 1021 1506 qua
1039 1425 1191 1486 tramittere
1267 1423 1268 1426 ’

168 1510 367 1588 coEupbraten
389 1510 517 1590 parabat.
544 1521 601 1570 tum
622 1512 769 1571 lustratum
784 1513 840 1570 rite
862 1512 1020 1572 exercitum
1036 1511 1072 1572 ad
1087 1505 1192 1568 contio·
1267 1521 1268 1524 ¹

202 1613 267 1654 nem
287 1605 374 1655 vocat
397 1595 563 1674 orditurque
583 1595 733 1672 magnilica
750 1593 786 1654 de
802 1596 937 1674 auspiciis
954 1594 1135 1674 imperatoris
1149 1605 1180 1648 re

201 1679 313 1756 busque
334 1697 352 1738 a
376 1697 408 1737 se
429 1681 537 1756 gestis,
560 1679 680 1739 adversa
710 1668 737 1739 iii
764 1680 903 1740 inscitiam
929 1678 1010 1739 Paeti
1036 1677 1190 1744 declinans,

201 1762 287 1822 multa
301 1763 484 1838 auctoritate,
500 1781 573 1841 quae
591 1763 654 1822 niro
671 1763 783 1822 militari
799 1781 852 1842 pro
868 1763 1000 1823 facundie
1016 1771 1088 1821 erat.

147 1845 313 1916 sfil.
337 1845 406 1904 ilox
428 1847 483 1905 iter
503 1846 534 1906 t.
559 1844 678 1906 Lucullo
701 1847 843 1925 quondam
869 1855 1065 1926 penetratum,
1089 1839 1191 1922 apertis
1267 1843 1268 1912 i

200 1944 274 2006 quae
287 1937 416 1988 vetustas
432 1928 632 2007 obsaepserat,
649 1932 754 2008 pergit.
785 1940 814 1990 et
829 1931 978 1990 venientes
991 1929 1124 1988 Tiridatis
1136 1927 1189 1984 Vo·
1267 1937 1268 1956 ³

199 2011 368 2088 logesisque
383 2013 420 2070 de
434 2030 508 2089 pace
523 2012 639 2088 legatos
651 2014 724 2072 baud
736 2023 918 2092 aspernatus,
933 2012 1063 2090 adiungit
1080 2012 1114 2069 iis
1129 2023 1189 2067 ceo·

199 2095 328 2154 turinnes
351 2112 413 2153 cum
434 2093 573 2154 mandatis
597 2113 654 2155 non
682 2097 841 2159 inmitibus:
869 2115 926 2156 neo
950 2097 1024 2156 enirn
1046 2094 1137 2155 adbuc
1154 2103 1190 2148 eo

176 2186 330 2254 eventum,
351 2187 382 2238 ut
403 2179 559 2240 certamine
583 2188 715 2238 extremo
736 2197 810 2258 opus
831 2189 919 2240 esset.
950 2179 1038 2238 multa
1060 2171 1190 2240 Romanis

201 2261 337 2339 secunda,
355 2261 494 2340 quaedam
513 2261 625 2322 Parthis
641 2265 792 2340 evenisse,
811 2263 983 2324 documento
997 2261 1134 2323 adversus
1147 2273 1189 2315 su·

201 2344 338 2424 perbiam.
368 2345 490 2424 proinde
510 2355 540 2406 et
560 2345 677 2407 'l'iridati
693 2347 858 2408 conducere
878 2349 1013 2408 intactum
1031 2338 1187 2408 venationi·

200 2428 253 2488 bus
276 2447 396 2506 regnum
419 2429 496 2490 dono
519 2431 671 2508 accipere,
694 2440 724 2492 et
744 2431 915 2508 Vologesen
935 2430 1038 2491 melius
1056 2428 1189 2491 societate

198 2513 329 2574 Romana
350 2530 433 2591 quem
455 2514 564 2573 damnis
585 2515 687 2574 mutuis
708 2516 788 2592 genti
803 2514 972 2576 Partborum
993 2511 1188 2575 consultorum.

166 2612 190 2654 ro
201 2598 276 2656 scire
294 2605 426 2674 quantum
439 2599 513 2656 intus
529 2597 736 2658 discordiarum
751 2615 893 2678 quamque
904 2599 1055 2660 indomitas
1071 2604 1099 2656 et
1111 2605 1187 2672 prae-

201 2682 317 2740 feroces
340 2683 471 2743 cationes
491 2690 624 2758 regeret:
652 2692 752 2742 contra
777 2684 945 2760 imperatori
972 2698 1024 2742 suo
1053 2681 1187 2740 immotam

202 2764 305 2840 ubique
328 2782 429 2841 pacem
448 2773 477 2823 et
494 2783 578 2825 nouum
594 2765 621 2824 id
638 2765 743 2826 bellum
760 2785 837 2828 esse.
865 2765 947 2828 droul
964 2765 1088 2826 oonsilio
1102 2769 1187 2820 terro·

200 2865 259 2904 rem
277 2847 408 2924 adicere,
428 2856 458 2907 et
471 2851 646 2924 megistanas
661 2849 833 2928 Armenios,
849 2853 898 2928 qui
912 2851 997 2930 primi
1015 2867 1031 2908 a
1046 2845 1129 2908 nobis
1143 2837 1186 2898 tlt·

200 2933 340 3008 ieceraot,
358 2931 440 3009 pellit
454 2931 581 3006 sedibus,
601 2932 722 2994 castella
735 2950 834 2993 eorum
850 2934 990 3011 excindit,
1009 2933 1093 3012 plana
1107 2923 1184 2993 edita,
1267 2957 1268 2996 ,

100 3005 105 3015 “
166 3015 311 3074 tsvalidos
328 3015 526 3092 invalidosque
542 3016 604 3094 pari
616 3024 696 3076 metu
714 3018 850 3096 complet.

259 3099 310 3160 28.
331 3097 396 3158 Non
412 3100 552 3158 intensum
568 3118 623 3158 aec
635 3119 698 3160 cum
709 3099 808 3162 hostili
820 3101 887 3162 odic
901 3099 1075 3164 Corbulonis
1089 3102 1185 3154 nomen

200 3185 284 3242 etiam
300 3183 430 3244 barbaris
444 3183 620 3260 habebatur,
638 3200 733 3262 eoque
749 3185 898 3246 consilium
914 3187 976 3249 eius
994 3184 1078 3245 ddum
1093 3171 1185 3238 crede·

200 3266 276 3326 baut.
309 3282 382 3344 ergo
403 3267 573 3344 Vologeses
594 3285 689 3346 neque
709 3276 794 3329 atrox
814 3269 841 3328 ia
861 3287 1012 3344 summam,
1036 3257 1185 3341 atquibus·
1235 3276 1237 3280 ’
1267 3323 1268 3342 χ

152 3347 159 3356 “
201 3349 262 3406 dam
276 3351 467 3426 praefecturis
478 3350 599 3410 indutias
614 3354 701 3429 petit:
718 3351 860 3414 Tiridates
872 3353 967 3413 locum
981 3353 1109 3427 diemque
1123 3353 1185 3400 con·
1267 3401 1268 3422 Ξ

178 3431 300 3506 cloquio
319 3435 423 3509 poscit.
447 3441 561 3514 tempus
576 3437 778 3515 propinquum,
793 3435 893 3516 locus,
917 3439 1019 3517 inquo
1035 3447 1123 3512 nuper
1139 3418 1184 3480 ⁰¹*
1267 3437 1268 3440 ’
