2570 3878
192 149 250 214 {92
449 155 941 208 eoeuuuuuscmsnnuurun
997 143 998 148 ’

186 317 289 394 verbo,
315 318 449 388 subisse,
473 311 843 394 sacrificasseapuddeos;
859 310 1030 372 discubitum
1042 312 1196 376 intercon-

186 405 282 479 vivss,
298 400 402 462 oscula
417 399 601 480 complexus,
615 407 733 462 noctem
747 398 872 476 denique
887 405 981 458 aotam
994 397 1112 458 licentia
1124 417 1195 460 con·

185 487 286 565 iugali.
323 485 376 546 sed
396 483 467 546 nihil
492 483 682 562 compositum
697 481 826 545 miraculi
850 497 953 557 eausa,
980 499 1079 542 varum
1100 481 1197 544 andita

185 572 355 649 scriptaque
370 567 537 630 senioribus
551 566 671 628 tradam.
916 606 918 614 ι

247 653 298 715 28.
320 653 415 731 lgitur
431 652 533 714 domus
549 651 690 731 principis
706 650 904 726 inhorruerat,
919 649 1101 728 maximeque
1119 668 1197 729 quos

184 757 277 820 penes
292 739 422 817 potentia
439 745 470 798 et
482 781 493 816 ,
506 735 531 797 si
544 753 594 796 res
609 743 808 812 verterentur,
830 732 973 810 termido,
994 751 1052 796 uon
1074 735 1195 797 iam'se-

186 823 274 886 oretis
292 822 469 900 conloquiis,
485 819 538 882 sed
554 828 657 899 aperte
673 820 817 896 tremere,
833 816 899 879 dum
914 817 1016 880 histrio
1032 817 1197 880 cubiculum

184 907 326 988 principis
350 905 550 982 insultaverit,
575 902 704 964 dedecus
716 903 831 983 quidem
841 901 968 980 inlatum,
985 901 1039 964 sed
1051 902 1196 968 excidium

132 991 290 1072 'sprocol
314 990 438 1052 aluisse:
463 1006 539 1049 nuuc
561 988 695 1050 iuvenem
714 986 842 1049 nobilem
863 985 1004 1064 dignitate
1016 987 1144 1064 formae,
1165 989 1196 1049 vi

184 1076 288 1136 mentis
310 1092 346 1134 ac
367 1074 531 1154 propinquo
555 1073 706 1134 consulatu
729 1073 867 1134 maiorem
891 1069 927 1132 ad
954 1088 1037 1151 spem
1061 1071 1194 1150 adelagi:

184 1177 241 1220 nec
256 1160 332 1219 enim
347 1158 509 1235 occultum,
533 1156 602 1235 quid
622 1165 690 1236 post
710 1156 769 1218 tale
789 1155 997 1302 mqrimouium
1012 1165 1194 1236 superesset.

185 1242 300 1304 abibat
325 1243 388 1302 sine
411 1240 499 1302 dudio
521 1249 614 1302 metus
635 1245 803 1320 reputantes
850 1239 963 1303 elretorn
986 1238 1135 1304 (lleudium
1164 1251 1195 1302 et

184 1327 267 1387 uxori
290 1326 454 1388 devinctum
473 1325 638 1404 meliusque
664 1333 774 1386 mortes
798 1325 877 1384 iussu
895 1324 1070 1390 Messalinae
1098 1334 1194 1404 patra·

151 1437 175 1480 sc
185 1420 246 1472 tas:
264 1421 365 1473 rursus
383 1413 449 1490 ipsa
464 1409 591 1471 facilitas
604 1411 788 1489 imperatoris
804 1407 936 1472 fiduciam
952 1408 1054 1486 dabat,
1076 1408 1102 1470 si
1116 1418 1193 1472 atro·

186 1497 274 1558 citate
288 1495 416 1558 criminis
430 1493 679 1575 praevaluissent,
703 1512 792 1574 posse
807 1493 932 1575 opprimi
949 1493 1109 1558 damnatam
1127 1503 1193 1557 aute

185 1573 270 1660 quam
289 1598 383 1650 ream3
403 1577 456 1640 sed
470 1580 500 1640 lu
516 1596 553 1640 eo
567 1578 722 1640 discrimen
736 1579 827 1656 verti,
849 1578 873 1638 si
888 1577 1021 1640 defensio
1036 1578 1192 1658 audiretur,

183 1673 273 1742 utque
289 1663 407 1726 clausae
422 1678 508 1724 cures
527 1663 611 1724 etiam
628 1663 775 1724 confitenti
790 1663 896 1724 forent.

233 1748 299 1809 49.
318 1747 364 1809 Ac
380 1748 472 1827 primo
490 1745 638 1824 Callistus,
654 1748 710 1808 iarn
723 1746 793 1808 milri
808 1749 887 1808 circa
897 1765 1001 1808 necem
1013 1745 1076 1808 Gai
1083 1745 1188 1808 Caesa·

183 1833 224 1892 ris
239 1841 389 1909 uenatus,
413 1841 442 1892 et
458 1830 611 1910 Appianae
632 1829 731 1894 caedis
752 1832 871 1902 molitor
891 1831 1046 1894 Narcissus
1067 1831 1191 1909 daman-

183 1915 352 1994 tissimnque
368 1933 405 1976 eo
420 1916 449 1975 ia
467 1923 601 1993 tempore
618 1917 713 1993 gratia
729 1915 826 1976 Pallas
848 1918 1014 1995 agitavere,
1033 1926 1101 1976 num
1114 1915 1190 1978 lies-

184 1998 305 2061 salinam
328 2001 453 2061 secretis
473 2000 557 2059 minis
582 1999 767 2078 depellerent
787 2017 886 2062 amore
909 1999 988 2077 Silii,
1010 2009 1113 2062 cuncta
1135 2000 1190 2061 aliu
1269 2045 1280 2082 4

157 2105 171 2145 s
185 2083 406 2145 dissimulantes.
437 2081 503 2144 dein
516 2091 604 2160 metu,
623 2101 660 2144 ne
676 2083 712 2144 ad
726 2086 885 2162 perniciem
901 2085 978 2146 ultro
995 2084 1189 2163 traherentur,
1279 2107 1280 2138 i

183 2169 335 2245 desistunt,
353 2167 450 2229 Pallas
471 2185 526 2247 per
545 2168 704 2247 ignaviam,
723 2167 860 2230 Callistus
879 2169 986 2249 prioris
1005 2186 1122 2248 qnoque
1143 2187 1190 2229 re·
1244 2235 1248 2246 ,

182 2253 251 2331 gine
266 2254 378 2330 peritus
393 2261 423 2313 et
444 2253 603 2331 potentiam
620 2253 711 2314 cautis
728 2270 812 2332 quam
827 2253 943 2314 acribus
960 2252 1089 2314 consiliis
1104 2253 1189 2314 tutius

182 2335 299 2398 haberi:
323 2337 450 2417 perstitit
470 2335 641 2413 Narcissus,
665 2345 711 2398 set
732 2336 826 2398 solum
846 2336 875 2397 id
891 2339 1055 2416 immutans,
1078 2355 1190 2417 nequo
1276 2329 1279 2465 l

183 2431 319 2482 sermone
339 2421 503 2500 praesciam
528 2420 654 2481 criminis
674 2429 704 2480 et
726 2423 905 2483 accusatoris
922 2421 1049 2482 iaceret:
1072 2421 1138 2500 ipse
1153 2419 1189 2482 ad

150 2527 174 2569 so
184 2504 361 2566 occasiones
374 2506 516 2583 intentos,
531 2503 621 2582 longa
635 2504 713 2584 apud
728 2504 837 2568 Ostiam
854 2502 988 2569 (laeseris
1003 2523 1100 2582 mora,
1119 2504 1192 2567 duas

184 2588 328 2669 paelices,
346 2605 465 2669 marum
477 2589 504 2647 is
519 2591 640 2668 corpori
653 2591 776 2650 maxim
791 2591 967 2669 insueverat,
983 2589 1140 2668 largitione
1156 2607 1192 2652 ac
1277 2601 1278 2658 i

183 2672 337 2752 promissis
360 2682 391 2734 et
417 2689 511 2735 uxore
535 2671 649 2736 detecte
670 2674 736 2753 plus
758 2675 908 2754 potentiae
929 2673 1101 2738 ostentando
1123 2692 1193 2754 per·

182 2756 257 2836 pulit
272 2756 447 2818 delationem
463 2755 573 2819 subire.
1126 2811 1129 2816 .

248 2839 301 2902 30.
324 2839 409 2902 lirim
431 2839 588 2918 Calpurnia
609 2841 654 2922 (id
672 2843 778 2921 paelici
793 2843 933 2922 noman),
954 2842 1003 2904 ubi
1025 2843 1120 2904 datum
1143 2861 1190 2902 se·
1274 2825 1277 2850 ¹

183 2934 306 3002 creton,
322 2924 447 3003 genibus
466 2923 601 2986 Caesaris
621 2927 778 3006 provoluta
793 2931 928 3008 nupsisse
942 2927 1126 2991 Messalinam
1142 2925 1187 2986 Si·
1276 2933 1277 3009 l

184 3009 225 3069 lio
242 3009 400 3078 exclamem
416 3008 497 3068 simul
533 3007 737 3089 Cleopatram,
769 3028 841 3090 quae
873 3012 903 3072 id
932 3014 1090 3090 opperiens
1138 3007 1188 3070 ad·

184 3093 293 3171 stabat,
316 3111 352 3154 an
369 3092 563 3171 comperisset
578 3095 761 3173 interrogat,
783 3103 871 3175 atque
887 3093 936 3156 ills
958 3093 1101 3156 adnuente
1119 3093 1191 3156 cieri

163 3176 352 3243 sldarclssum
372 3176 510 3257 postulat.
541 3178 566 3238 is
583 3181 695 3240 venium
710 3180 738 3238 in
760 3181 946 3260 praeteritum
965 3188 1087 3259 petens,
1112 3178 1192 3258 quod

185 3262 212 3320 ei
227 3260 335 3340 Titios,
351 3260 484 3337 Vettios,
500 3260 629 3324 Plautios
645 3262 899 3342 dissimulavisset,
919 3281 976 3326 nec
989 3281 1068 3326 unusnex
1079 3262 1192 3326 adulte·
1275 3264 1276 3281 ¹

184 3346 227 3404 ria
243 3345 422 3406 obiecturum
437 3345 487 3422 ait,
505 3345 609 3408 nedrun
624 3347 738 3410 donum
753 3348 872 3412 servitia
884 3357 914 3412 et
926 3347 1192 3426 ceterosiortunae
1274 3407 1275 3426 ,

187 3439 304 3504 paratus
328 3436 511 3510 reposceret.
547 3431 691 3494 irueretnr
709 3434 794 3494 immo
815 3433 875 3513 luis,
898 3441 943 3494 set
962 3430 1101 3495 redderet
1115 3450 1188 3494 uxo·
1274 3429 1275 3480 l
