2596 3872
436 117 626 167 rrrnnnxrv.
643 119 718 168 can.
731 117 852 174 cr—oa.
1020 133 1023 140 ·
1083 107 1141 174 281

145 284 176 336 et
194 272 312 352 milites,
334 275 490 352 praesagio
514 273 654 335 malorum
677 275 731 334 iam
756 276 832 337 vitae
848 285 997 357 exempta,
1022 277 1148 340 noudum

145 369 241 420 tamen
267 365 361 418 morte
388 356 604 437 adquiescebat.
641 359 741 436 paucis
771 359 875 421 debinc
900 361 1058 422 interiectis
1087 361 1146 422 die·

144 443 199 504 bus
221 442 294 502 mori
314 439 443 519 iubetur,
472 458 535 502 cum
557 441 613 503 iam
633 441 747 503 viduam
767 461 801 504 se
825 453 854 505 et
880 452 987 506 tautum
1014 461 1146 506 sororem

146 533 299 588 testaretur
325 539 548 605 communesque
580 524 768 587 Germanicos
796 535 827 588 et
856 538 1009 608 postremo
1037 527 1171 609 Agrip-⁶

146 611 231 692 pinae
253 625 358 670 nomen
379 609 495 687 cieret,
509 626 566 690 qua
586 609 724 671 incolumi
743 609 845 673 infelix
868 613 982 691 quidem
1002 613 1146 673 matrimo-

144 696 231 770 nium,
242 694 295 755 sed
316 693 378 754 siue
400 693 488 755 exutio
509 683 687 773 pertulisset.
714 696 896 775 restringitur
916 696 1020 758 uinclis
1040 715 1145 757 venae·
1208 767 1212 776 Ι

145 795 202 858 que
223 779 286 838 eius
307 795 360 858 per
382 795 482 839 omnes
506 785 584 838 artus
608 778 811 849 exsolventem
835 788 864 841 et
879 781 946 859 quia
961 798 1082 860 pressus
1097 798 1146 860 pa-

144 879 218 923 vore
242 862 360 940 sanguis
384 861 491 923 tardius
513 859 677 940 labebatur,
705 862 882 941 praefervidi
909 863 1006 925 balnei
1034 881 1147 945 vapore

106 975 118 992 ·
145 953 291 1008 enecatur.
326 944 495 1026 additurque
510 945 640 1007 atrocior
654 947 791 1026 saevitia,
817 947 895 1027 quod
917 957 1182 1029 caputamputa·1s

144 1041 202 1092 tum
218 1029 363 1109 latumque
378 1029 406 1090 iu
423 1029 523 1091 urbem
538 1028 676 1110 Poppaea
692 1029 770 1092 vidit.
801 1030 876 1094 dona
890 1032 927 1093 ob
940 1031 1014 1094 haec
1030 1032 1147 1112 templis

144 1115 263 1176 decreta
292 1131 376 1193 quem
407 1113 442 1175 ad
472 1114 557 1175 linem
583 1113 826 1177 memorabimus?
861 1117 1031 1197 quicumque
1062 1133 1147 1178 casus

145 1208 306 1278 temporum
326 1197 440 1259 illorum
464 1197 553 1258 nobis.
572 1197 622 1258 vel
641 1198 705 1262 aliis
720 1199 886 1262 auctoribus
901 1207 1039 1277 noscent,
1063 1218 1146 1281 prae·

145 1291 288 1364 sumptum
302 1281 442 1360 babeant,
462 1282 597 1364 quotiens
617 1281 703 1360 lupas
724 1293 754 1344 et
769 1282 875 1346 caedes
896 1285 980 1347 iussit
996 1284 1145 1365 princeps,

146 1367 255 1430 totiens
271 1375 371 1447 grates
391 1365 454 1434 deis
472 1375 570 1443 actas,
593 1383 727 1446 quaeque
748 1385 843 1428 rerum
861 1367 1051 1430 mundarum
1066 1367 1143 1444 clim,
1156 1383 1181 1425 ss

147 1460 204 1513 tum
217 1450 352 1530 publicae
369 1449 461 1512 eladis
480 1448 606 1528 insignia
627 1449 727 1510 luisse.
752 1468 849 1531 neque
868 1459 964 1512 tamen
985 1450 1145 1527 silebimus,

145 1535 171 1597 si
194 1535 414 1616 quod-senatus
442 1533 604 1596 eonarltam
625 1533 790 1596 adulatione
813 1552 919 1597 norum
940 1533 989 1598 aut
1008 1536 1147 1616 patientia

145 1629 321 1701 postremum
335 1619 396 1680 brit.

208 1703 262 1766 65.
286 1701 398 1766 Eodem
426 1721 501 1768 anuo
530 1699 703 1763 libertorum
724 1701 892 1781 potissimos
915 1719 1029 1764 veneno
1060 1702 1146 1762 iuter·

144 1789 255 1852 iecisse
281 1788 410 1850 creditus
431 1796 491 1866 est,
511 1785 715 1865 Doryphorum
737 1788 818 1866 quasi
839 1786 1021 1849 &versatam
1040 1785 1147 1866 nuptiis

145 1867 318 1952 Poppaeae,
342 1870 514 1950 Pallanteus,
536 1867 614 1952 qaod
634 1870 790 1931 inmensam
810 1873 962 1950 peeoulam
986 1868 1076 1948 longa
1092 1887 1147 1930 se-

146 1964 232 2017 necta
259 1956 411 2018 detineret.
446 1957 592 2018 Romanus
620 1954 743 2016 seeretis
771 1954 1016 2017 criminationibus
1034 1955 1146 2015 incuse-

148 2047 233 2100 verat
253 2037 395 2104 Senecam
410 2048 440 2101 ut
461 2037 495 2104 G.
511 2038 624 2101 Pisonis
644 2039 771 2116 socium,
794 2035 848 2100 sed
862 2038 984 2101 validius
999 2057 1016 2100 a
1033 2038 1170 2100 Senecas

148 2122 251 2186 eodem
277 2125 395 2188 crudas
411 2123 565 2204 perculsus
587 2130 643 2184 est.
673 2121 751 2184 undo
764 2122 862 2185 Pisoni
877 2123 962 2184 tirnor
978 2131 1009 2183 et
1023 2127 1087 2184 orta
1106 2121 1146 2182 lo·

146 2207 280 2270 altman
295 2209 323 2269 in
338 2206 485 2270 Neronem
500 2223 604 2288 muna
619 2205 715 2268 moles
729 2215 759 2268 et
772 2207 955 2288 inprospera.
1014 2273 1021 2284 ,

548 2547 744 2570 -Ι--ι--ι-ο
