2536 3870
500 173 727 227 our.‘aa·-35.
1056 165 1117 229 229

118 328 250 391 sulactu.
271 326 417 408 ¹equidem
439 343 529 406 saepe
552 329 579 386 in
598 329 732 405 agmine,
755 347 817 389 cum
834 346 887 389 vos
905 329 1025 410 paludes
1041 349 1119 394 mun·

117 422 204 474 teste
220 411 377 480 etdomina
392 411 565 489 fatigarent,
587 411 736 472 tortissimi
753 414 893 491 cuiusque
913 430 1005 475 uoces
1020 415 1116 476 audie·
1129 434 1153 478 aa

72 529 78 534 ·
117 497 200 558 bam:
222 493 348 576 ‘quando
362 493 476 556 datitm
491 493 598 572 hostis,
619 496 733 574 quanda
749 495 867 558 aciesi’
893 497 1026 575 veniunt,
1048 498 1119 560 ela·

114 580 210 642 telrris
230 580 290 640 suis
313 579 440 655 extrusi,
460 588 491 638 et
512 587 584 638 uota
603 581 752 660 virtusque
774 581 941 659 inaperta,
966 583 1120 662 omniaque

116 681 210 746 prona
226 663 387 726 victoribus
408 671 495 743 atque
514 661 614 722 eadem
636 662 721 723 aletis
743 664 876 726 adversa.
906 681 971 725 nam
987 674 1019 725 ut
1033 683 1119 746 supe·

73 765 199 804 -···-e
213 756 320 810 tantum
335 747 456 824 itineris,
476 746 565 806 siluas
584 747 723 826 erasisse,
740 749 881 809 transisse
898 748 1042 809 aestuaria
1057 750 1119 828 pul·

200 849 267 893 nac
290 831 428 919 decorum
452 831 481 890 in
504 830 641 909 frontem,
667 831 706 890 ita
730 831 906 910 fngientibus
929 832 1153 910 periculosis-aa

191 913 1120 1090 „tituiltttttittultsllttittillut?

187 1099 283 1142 manus
300 1090 328 1142 et
345 1099 423 1144 arma
440 1091 470 1143 et
485 1083 513 1142 in
528 1083 572 1144 iris
587 1085 691 1144 omnia.
722 1083 799 1162 quod
815 1083 850 1145 ad
865 1101 912 1144 me
928 1084 1045 1161 attinet,
1061 1084 1116 1145 iam

183 1182 226 1225 em
246 1165 312 1226 milri
327 1166 475 1226 decretum
489 1176 534 1227 est
548 1185 645 1247 neque
660 1169 806 1248 exercitus
823 1185 918 1248 neque
934 1167 1017 1230 ducis
1031 1177 1115 1245 terga

189 1267 266 1309 esse.
297 1249 421 1328 proinde
438 1259 467 1310 et
484 1249 607 1312 honesta
618 1267 706 1314 ,mors
720 1253 798 1330 turpi
817 1253 877 1312 rita
892 1253 1006 1331 potior,
1028 1261 1057 1311 et
1070 1253 1111 1311 iu·
1124 1273 1151 1312 as

175 1334 265 1393 imitas
278 1350 313 1393 ac
327 1333 418 1392 decas
436 1332 540 1393 eodem
554 1334 623 1393 loco
642 1335 696 1395 sita
711 1342 791 1401 sunt;
813 1350 869 1394 nec
883 1335 1037 1412 inglorium
1055 1335 1116 1394 iue-

175 1431 193 1474 n
210 1415 275 1495 ipsu
291 1423 432 1476 terrarum
448 1433 485 1478 ac
500 1425 619 1476 naturae
635 1417 692 1476 line
708 1415 876 1476 cecidisse?

176 1498 228 1562 ot.
259 1497 310 1558 ‘st
333 1514 428 1560 novae
451 1507 555 1576 gentes
577 1509 664 1578 atque
691 1501 791 1578 ignota
817 1500 898 1560 acies
925 1503 1115 1578 constitisset,

177 1599 235 1641 rum
252 1583 429 1643 exercituum
451 1583 594 1663 exemplis
615 1600 669 1644 ros
686 1582 834 1644 hortarer:
857 1601 933 1644 auae
953 1593 1050 1646 vesun
1065 1584 1115 1644 de·

170 1684 185 1726 a
209 1674 381 1744 recensete,
408 1675 525 1727 vestros
547 1665 650 1737 oculos
671 1668 861 1744 interrogate.
901 1667 930 1728 lri
953 1677 1019 1727 aunt
1040 1685 1116 1747 quos

160 1750 246 1811 >rimo
262 1767 338 1811 anno
353 1767 437 1810 unam
451 1750 599 1828 legionem
610 1751 688 1812 iurto
702 1751 798 1810 nouus
808 1749 971 1830 adgressos
987 1752 1115 1813 clamore

159 1833 298 1904 tellastis3
325 1833 356 1894 lri
376 1843 540 1896 ceterorum
563 1834 764 1897 Britannorum
784 1835 962 1913 fugacissimi
986 1836 1136 1914 ideoques

161 1937 168 1976 ι
184 1917 230 1978 diu
243 1919 427 1997 superstites.
454 1933 512 1998 quo
526 1918 614 1980 moda
629 1920 719 1980 silvas
733 1918 882 1998 saltusque
896 1919 1114 1999 penetrantibus
1158 1951 1167 1970 ·

155 2001 297 2060 tissimum
320 2001 456 2080 quodque
478 2002 582 2080 animal
602 2013 821 2076 contremere,
843 2002 948 2080 pavida
966 2012 996 2064 et
1010 2004 1115 2064 inertia

152 2099 180 2142 ro
194 2084 317 2161 agminis
335 2101 409 2146 sono
423 2085 621 2164 pellebantur,
637 2087 681 2146 sic
695 2085 828 2145 acerrimi
841 2084 1043 2148 Britannorum
1058 2087 1115 2146 iam

151 2165 223 2227 idem
246 2165 427 2246 cecideruut,
448 2168 644 2248 reliquus'est
663 2185 798 2228 numerus
818 2168 987 2244 ignavorum
1008 2178 1039 2230 et
1053 2185 1113 2228 me·

149 2249 261 2309 entium.
291 2265 364 2329 quus
380 2252 457 2330 quod
473 2251 587 2311 tandem
602 2252 767 2328 invenistis,
788 2263 846 2310 nou
863 2252 1044 2330 restiterant,
1061 2251 1148 2312 sedan

140 2333 289 2410 eprelrensi
305 2342 384 2404 sunt;
420 2333 596 2393 nonsumae
622 2350 673 2393 res
698 2340 729 2392 ct
751 2339 884 2393 extremo
907 2341 986 2394 metu
1009 2342 1115 2413 torpor

135 2417 244 2477 uixere
259 2417 351 2477 aciem
366 2419 395 2478 in
410 2417 455 2478 luis
464 2418 615 2494 uestigiis,
630 2419 658 2476 in
672 2415 775 2495 quihus
789 2415 939 2494 palelrram
954 2424 984 2475 et
998 2424 1112 2495 speeta-

134 2500 200 2561 ilem
215 2501 366 2561 victoriam
381 2501 518 2562 ederetis.
544 2501 698 2578 transigite
713 2516 778 2559 unm
793 2497 1043 2578 expeditionibus,
1062 2499 1113 2558 irn-

124 2585 212 2645 sonite
232 2585 437 2664 quinquaginta
457 2585 537 2645 annis
551 2600 685 2662 maguam
704 2582 798 2659 dem,
820 2581 981 2662 adprobate
997 2584 1042 2643 rei
1061 2601 1112 2660 pu·

117 2669 208 2730 alicae
227 2669 535 2750 numquamnexercitui
551 2668 685 2746 imputari
705 2667 836 2747 potuisse
857 2675 905 2728 aut
926 2683 1022 2746 moras
1040 2665 1146 2726 tellio

113 2760 161 2812 aut
177 2768 280 2813 causas
293 2751 480 2814 redellandi.’

174 2837 225 2898 35.
247 2835 285 2898 iit
302 2835 479 2916 'adloquente
495 2836 591 2897 adhue
607 2835 748 2912 Agricola
763 2834 883 2894 militum
898 2832 985 2894 ardor
1004 2834 1111 2893 emine·

112 2921 175 2996 hat,
192 2929 222 2980 et
238 2923 323 2982 linem
339 2923 479 2982 orationis
492 2921 596 2998 ingens
611 2919 746 2980 alacritas
763 2923 922 2978 consecuta
936 2925 991 2993 est,
1004 2917 1112 2978 statim·

114 3021 169 3081 que
189 3003 225 3062 ad
249 3022 326 3064 arma
342 3004 511 3066 discursum.
543 3005 696 3063 instinctos
716 3011 891 3080 ruentesque
904 3001 944 3061 ita
959 3000 1112 3078 disposuit,

113 3094 143 3144 ot
161 3085 285 3164 peditam
302 3088 425 3164 aurulis,
445 3106 519 3167 quae
537 3095 605 3148 octo
625 3086 731 3147 milium
754 3094 852 3161 erant,
876 3084 998 3145 mediam
1019 3084 1111 3142 aciem

114 3168 272 3244 tirmarent,
295 3172 420 3248 equitum
436 3173 490 3232 tria
504 3171 581 3231 milia
598 3169 735 3230 cornibus
754 3168 988 3229 adtenderentar.
1017 3164 1138 3241 legio-a

113 3268 165 3311 res
181 3269 235 3330 pro
251 3253 330 3314 vallo
346 3262 471 3330 stetere,
486 3256 590 3330 ingens
603 3255 745 3314 uictoriae
762 3251 852 3312 decus
868 3251 939 3310 eitra
954 3251 1112 3311 Bouianum

113 3337 281 3414 sanguinem
293 3335 428 3414 teitaun,
445 3348 475 3398 et
485 3337 635 3414 numliurn,
649 3339 674 3397 si
690 3335 879 3416 pellerentur.
911 3331 1111 3393 Britannorum

113 3420 192 3482 acies
208 3421 236 3480 in
252 3421 380 3500 speeiem
395 3422 479 3484 simul
493 3440 527 3483 nc
544 3431 686 3482 terrorem
699 3414 870 3480 editioribus
885 3415 960 3476 locis
976 3411 1114 3472 constite-
