2570 3878
187 195 246 256 194
454 205 619 254 conanum
639 203 757 254 uncum
776 206 960 254 ιιιιιιιιιιιι

184 364 260 423 iuxta
282 361 349 422 levi.
389 377 461 438 ergo
485 359 656 439 Narcissus,
680 360 837 440 adsumptis
860 361 963 440 quibus
987 361 1063 420 idern
1083 370 1185 438 metus,

184 465 240 507 uon
258 447 342 507 aliam
359 463 441 524 spem
458 445 662 506 incolumitatis
680 444 815 507 Caesaris
831 446 974 522 adfirmat,
999 445 1122 523 quamsi
1142 445 1184 505 ius

161 531 301 594 amilitum
316 547 373 590 nno
388 529 439 589 illo
456 527 503 588 die
519 531 547 589 in
562 529 687 608 aliquem
703 529 872 589 libertorum
886 530 1071 607 transferret,
1094 544 1185 608 seque

184 615 271 676 offert
286 621 497 693 suscepturum.
526 629 561 673 ac
576 632 623 691 ne,
640 613 705 674 dnm
721 614 749 672 in
766 612 866 674 urbem
881 611 1045 692 revehitur,
1063 612 1098 674 ad
1117 631 1184 691 pae-

184 700 328 760 nitentiam
344 715 360 758 a
375 697 406 758 L.
421 695 541 758 Vitellio
559 706 588 758 et
602 698 697 775 largo
714 695 840 758 Caecina
855 706 1022 776 mutaretur,
1036 698 1066 756 in
1081 697 1185 757 eodem

183 784 343 862 gestamine
359 780 459 843 sedem
477 781 573 859 poscit
593 779 814 858 assumiturque.

243 868 293 929 34.
317 865 428 927 Crebra
446 864 601 943 posthaec
620 865 695 926 fama
711 865 779 943 luit,
803 864 1025 925 interdirersas
1043 865 1185 943 principis

183 969 291 1028 voces,
308 969 371 1010 cum
386 948 470 1009 modo
486 950 633 1010 incusaret
650 950 758 1028 flagitia
773 949 889 1025 uxoris,
906 947 1059 1028 aliquando
1075 948 1111 1009 ad
1126 965 1184 1008 me·

182 1037 301 1095 moriam
325 1033 451 1112 coniugii
481 1040 510 1091 et
528 1032 675 1093 infantiam
696 1033 852 1092 liberorum
872 1032 1092 1110 revolveretur,
1128 1049 1185 1092 non

182 1118 258 1180 aliud
281 1117 463 1198 prolocutum
486 1116 633 1178 Vitellium
658 1134 742 1196 quam
763 1120 798 1176 ‘o
814 1115 939 1178 facinus!
964 1115 1128 1177 oscelusi’
1144 1118 1184 1176 in-

159 1233 170 1268 ⁵
184 1203 278 1264 stabat
296 1200 409 1282 quidem
427 1199 582 1268 Narcissus
594 1201 720 1276 aperiret
730 1199 868 1277 ambages
891 1208 920 1260 et
935 1200 997 1260 veri
1013 1202 1128 1279 copiam
1142 1201 1185 1260 fa·

183 1294 275 1348 cerel:
287 1284 339 1346 sed
354 1301 412 1344 non
427 1284 494 1344 ideo
510 1286 645 1364 pervicit,
662 1287 728 1364 quin
743 1301 885 1364 suspensa
897 1292 926 1342 et
941 1301 998 1362 quo
1011 1283 1187 1345 ducerentur

182 1371 351 1430 inclinatura
368 1366 563 1448 responderet
579 1368 774 1448 exemploque
788 1371 851 1428 eius
863 1368 974 1446 Largus
987 1365 1113 1428 Caecina
1124 1377 1185 1432 ute·

181 1465 269 1522 retur.
297 1462 327 1513 et
341 1455 397 1513 iam
412 1451 515 1512 eratin
533 1463 655 1532 aspectu
666 1452 824 1514 Messalina
836 1451 1058 1530 clamitabatque
1073 1450 1185 1512 audiret

182 1539 321 1600 Octaviae
342 1546 372 1597 et
392 1535 548 1597 Britannici
569 1546 705 1615 matrem,
728 1555 791 1596 cum
813 1535 987 1614 obstrepere
1020 1544 1184 1610 accusator,

150 1645 172 1684 ro
182 1623 282 1684 Silium
298 1629 327 1681 et
340 1621 453 1698 nuptias
468 1621 616 1688 referens:
642 1620 723 1681 simul
742 1619 895 1680 codicillos
910 1618 1057 1680 libidinum
1074 1619 1185 1680 indices

180 1705 303 1782 tradidit,
320 1706 384 1783 qnis
396 1705 475 1763 visus
490 1702 626 1764 Caesaris
638 1713 793 1764 averteret.
820 1721 876 1764 nec
891 1705 980 1764 multo
996 1711 1064 1782 post
1084 1704 1184 1765 urbem

180 1787 355 1867 ingredienti
371 1787 567 1848 offerebantur
583 1805 749 1848 communes
760 1786 857 1866 liberi,
872 1789 927 1848 nisi
937 1787 1094 1848 Narcissus
1108 1805 1184 1848 amo·

101 1897 104 1904 ⁴
180 1874 244 1934 reri
268 1889 321 1932 eoa
342 1873 485 1930 iussisset.
508 1870 652 1932 Vibidiam
668 1871 820 1951 depellere
841 1873 985 1950 nequivit,
1008 1871 1074 1951 quin
1098 1871 1184 1933 multa

182 1974 245 2018 cum
268 1954 374 2014 invidia
393 1955 552 2032 flagitaret,
575 1955 783 2024 ne.indefeusa
804 1956 929 2016 coniunx
950 1956 1041 2015 exitio
1057 1955 1183 2016 daretur.

148 2042 266 2118 sigitur
286 2037 444 2099 auditurum
466 2041 627 2118 prinoipem
651 2047 680 2098 et
701 2039 765 2099 fore
781 2038 906 2100 diluendi
922 2039 1049 2099 criminis
1063 2039 1185 2100 faculta-

181 2134 237 2185 tem
251 2121 416 2202 respoudit:
432 2123 488 2182 iret
502 2125 615 2184 interim
632 2125 717 2202 virgo
735 2132 762 2182 et
778 2141 862 2184 sacra
878 2133 1059 2203 capesseret.

244 2209 296 2269 35.
313 2207 413 2268 llirum
428 2207 503 2266 inter
516 2207 591 2268 baec
612 2207 755 2268 silentium
770 2205 899 2286 clandit,
922 2205 1058 2269 Vitellius
1078 2208 1182 2286 ignaro

181 2293 319 2373 propior:
336 2293 430 2352 omnia
443 2290 548 2352 liberto
562 2291 765 2352 oboediebant.
788 2292 921 2371 patefieri
934 2289 1048 2352 domum
1061 2291 1181 2352 adulteri

180 2385 267 2455 atque
293 2375 362 2434 illuc
385 2374 488 2435 deduci
510 2377 713 2455 imperatorem
733 2375 821 2436 iubet.
853 2393 889 2436 ac
909 2377 1030 2455 primum
1050 2378 1077 2436 in
1096 2375 1181 2435 vesti-

179 2459 248 2520 bulo
270 2458 398 2536 effigiem
420 2461 509 2537 patris
530 2460 592 2520 Silii
614 2459 746 2520 consulto
768 2468 886 2519 senatus
907 2459 1044 2520 abolitam
1065 2459 1180 2519 demon·

157 2551 267 2621 estrat,
289 2551 346 2602 tum
371 2541 507 2622 quidquid
528 2544 632 2604 avitum
648 2543 814 2603 Neronibus
834 2553 863 2604 et
884 2543 986 2604 Drusis
1008 2545 1037 2603 in
1059 2544 1180 2626 pretium

180 2627 280 2707 probri
304 2629 441 2686 cessisse.
473 2629 680 2706 incensumque
700 2637 728 2687 et
750 2626 784 2687 ad
803 2630 894 2688 minas
915 2635 1112 2707 erumpentem
1135 2643 1180 2686 oa·

181 2713 248 2771 stris
262 2710 359 2786 infert,
376 2720 476 2789 parata
493 2713 629 2772 contione
645 2711 776 2782 militum;
792 2711 869 2791 apud
884 2728 958 2792 quos
973 2717 1180 2791 praemonente

179 2795 318 2855 Narcisso
335 2811 427 2873 pauca
446 2795 534 2854 verba
549 2795 635 2856 fecit:
656 2812 721 2854 nam
745 2797 799 2855 etsi
820 2798 922 2856 iustum
940 2794 1071 2857 dolorem
1088 2793 1179 2874 pudor

180 2878 366 2958 impediebat.
401 2879 552 2939 continuus
571 2878 675 2940 dehinc
691 2878 852 2940 cohortium
868 2880 977 2940 clamor
989 2882 1102 2940 nomina
1114 2894 1177 2938 reo·

148 2981 242 3028 rorum
265 2971 293 3022 et
314 2979 425 3040 poenas
444 2962 647 3040 flagitantium3
669 2962 857 3044 admotusque
872 2964 959 3024 Silius
973 2963 1108 3025 tribunali
1122 2977 1177 3020 non

179 3047 393 3123 defensionem,
414 3063 472 3106 non
492 3063 588 3107 moras
609 3050 775 3126 temptavit,
799 3057 935 3127 precatus
956 3056 985 3107 nt
1001 3064 1080 3107 mors
1094 3045 1177 3106 adce-

179 3131 330 3192 leraretur.
359 3128 460 3190 eadem
477 3133 636 3192 constantia
659 3141 688 3191 et
709 3131 845 3194 inlustres
861 3134 975 3211 equites
993 3132 1114 3194 Romani
1132 3146 1177 3198 qn-

180 3213 238 3295 pidi
260 3223 388 3275 maturae
408 3216 490 3275 necis
512 3215 634 3274 fuerunt.
669 3215 770 3276 'l'itinm
789 3216 965 3294 ¹Proculum,
994 3215 1141 3277 custodem
1162 3229 1176 3270 a

180 3297 252 3358 Silio
272 3297 447 3358 Messalinae
462 3297 555 3358 datum
573 3308 600 3358 et
624 3299 758 3360 indicium
775 3301 959 3378 offerentem,
981 3301 1107 3363 Vettium
1121 3299 1176 3357 Va-

145 3392 170 3432 ιι
181 3380 286 3441 lentem
305 3383 470 3442 confessum
492 3392 521 3442 et
543 3383 710 3462 Pompeium
725 3381 863 3447 Urbicum
884 3403 920 3446 ac
944 3385 1089 3445 Saufeium
1107 3379 1176 3440 'fro-
1251 3415 1253 3426 ι

180 3479 300 3538 gumar
317 3470 444 3529 consciis
458 3467 531 3530 tradi
547 3467 583 3529 ad
599 3467 774 3548 supplicium
796 3470 884 3530 iubet.
914 3469 1037 3529 Decrius
1062 3480 1176 3547 quoque
