2536 3870
465 161 540 231 cnr.
559 179 693 235 ao-an.
898 181 899 188 ¹
957 189 959 194 ’
1021 169 1083 232 227

78 344 129 405 vis
144 341 284 403 tutissima
302 347 376 400 sunt.
410 338 526 418 priores
543 355 676 416 pugnae,
697 335 800 414 quibus
818 335 959 397 adversus
979 336 1084 398 Roma-

65 445 138 489 vnos
152 426 232 493 naria
250 425 365 484 fortuna
380 429 520 482 certatum
535 429 596 496 est,
612 438 696 499 spem
713 437 748 480 ac
764 419 921 481 'subsidium
935 419 965 480 in
978 422 1085 480 nostris

75 509 212 573 manibus
236 505 398 584 habebant,
419 506 485 585 quia
505 503 679 566 nobilissimi
697 505 785 564 totius
801 503 966 564 Britanniae
990 520 1086 583 eoque

74 599 109 657 iu
130 593 203 674 ipsis
225 589 424 672 penetralibus
445 589 493 650 siti
514 606 570 648 neo
588 587 775 648 servientium
795 587 881 648 litora
898 587 1085 666 aspicientes,
1097 609 1122 650 aa
1248 621 1250 648 ;

75 679 187 741 oculos
203 691 320 756 quoque
336 681 501 734 acontactu
515 671 716 734 dominationis
730 671 886 732 inviolatos
897 669 1084 732 habebamus.
1248 656 1251 752 l

73 780 135 824 nos
157 769 298 822 terrarum
322 775 359 826 ao
378 757 521 818 libertatis
543 765 692 816 extremos
712 771 850 816 recessus
867 756 932 835 ipse
951 772 987 815 ac
1007 755 1087 815 sinus
1249 753 1252 780 ‘¹

70 839 372 902 iamaeinbuncdiem
382 837 528 906 deieudit;
542 847 629 916 atque
638 854 722 904 omne
731 839 861 915 ignotum
874 855 930 917 pro
937 835 1091 916 magnilica
1194 887 1197 894 .

27 993 30 997 ,
73 932 143 986 est:
171 924 224 985 sed
251 941 326 983 nunc
352 925 491 982 terminus
513 921 679 984 Britanniae
706 929 801 1000 patet,
830 921 908 983 nulla
935 922 992 982 iarn'
1017 920 1092 981 ultra

75 1022 176 1084 gens,
197 1002 268 1063 nibil
283 1001 339 1062 nisi
356 1001 460 1062 ductus
478 1010 507 1062 et
522 1020 607 1080 sana,
625 1011 655 1062 et
668 1001 838 1063 infestiores
853 1003 991 1082 Romani,
1014 1021 1085 1083 apro-
1096 1027 1120 1068 ta

76 1105 145 1148 rum
162 1085 328 1166 snperbiam
344 1085 452 1147 trustra
474 1102 528 1165 per
542 1085 713 1165 obsequium
735 1105 769 1148 ao
785 1087 954 1148 modestiam
975 1087 1085 1166 elinge-

75 1174 133 1232 ris.
175 1179 313 1251 raptores
336 1169 434 1248 orbis,
458 1179 611 1250 postquam
633 1179 736 1231 cuneta
762 1170 940 1233 uastantibus
965 1171 1087 1232 deluere

76 1267 202 1332 terrae,
213 1255 269 1314 iam
284 1262 314 1313 et
328 1272 407 1314 mare
422 1261 601 1323 sorutantur;
618 1255 643 1312 si
660 1253 794 1332 locuples
811 1253 905 1314 bostis
922 1264 977 1333 est,
996 1258 1086 1332 avari,

60 1341 109 1406 ‚si
125 1355 251 1416 pauper,
267 1335 428 1413 ambitiosi,
444 1353 518 1414 quos
531 1353 589 1395 non
602 1334 717 1413 Oriens,
732 1353 790 1396 non
802 1336 948 1397 Occidens
962 1339 1085 1398 satiave-

76 1423 135 1482 rit:
158 1420 215 1482 soli
236 1419 359 1480 omnium
381 1435 455 1496 opes
476 1427 563 1496 atque
583 1419 710 1497 inopiam
726 1419 789 1499 pari
810 1419 927 1480 adiectu
946 1420 1121 1499 concupi-so

76 1512 176 1564 scunt.
213 1500 495 1568 auferretruoidare
512 1519 618 1580 rupere
639 1501 720 1563 falsis
743 1501 904 1562 nominibus
924 1503 1085 1581 imperium,

75 1598 169 1666 atque
185 1585 234 1647 ubl
251 1584 434 1646 solitudinem
447 1583 572 1662 iaciunt,
590 1601 694 1664 paoem
710 1585 884 1666 appellant!

146 1670 197 1730 31.
224 1668 362 1730 ‘Liberos
385 1667 490 1747 cuique
507 1685 543 1728 ac
559 1670 741 1748 propinquos
761 1687 831 1729 suos
849 1679 948 1730 natura
972 1671 1211 1731 carissi-*⁶¹⁰

75 1773 147 1817 mos
168 1771 236 1814 esse
257 1751 364 1813 voluit:
391 1752 421 1813 bi
441 1751 641 1830 perdilectus
664 1752 732 1814 alibi
746 1755 883 1813 servituri
905 1753 1086 1814 auferuntur:

6 1883 8 1912 ,
75 1839 224 1915 coningos
248 1852 427 1915 sororesque
453 1837 538 1896 etiam
562 1838 587 1895 si
609 1836 745 1897 hostilem
770 1836 917 1897 libidinem
935 1838 1086 1915 effugiant,

7 1973 8 1982 ,
73 1923 196 1986 nomine
212 1922 368 1982 amicorum
383 1929 471 1998 utque
485 1919 631 2000 hospitum
645 1919 821 2000 polluuntur.
848 1920 926 1982 bona
940 1921 1085 1982 lortunae-

9 2027 16 2034 ¹
74 2025 137 2088 que
152 2008 182 2066 iu
197 2004 340 2081 tributum,
356 2012 527 2082 ageretque
541 2022 631 2065 annus
645 2004 867 2080 inlrumentum,
883 2023 1009 2084 corpora
1021 2007 1107 2084 ipsas
1186 2049 1192 2061 ,

8 2143 9 2146 ,
74 2111 112 2152 ao
124 2106 226 2151 manus
238 2089 320 2149 silvis
336 2105 372 2148 ao
384 2086 536 2168 paludibus
551 2087 729 2149 emuniendis
744 2089 819 2148 inter
829 2088 954 2149 verbera
969 2107 1004 2149 ac
1017 2107 1085 2150 eon·

73 2173 213 2237 tumelias
230 2179 427 2232 conteruntur.
456 2180 522 2233 nata
537 2172 669 2232 servituti
686 2173 827 2250 mancipia
842 2173 933 2232 semel
948 2182 1085 2250 veneunt,

74 2269 167 2337 atque
180 2254 255 2315 ultro
271 2273 288 2316 a
304 2255 426 2316 dominis
438 2254 566 2317 aluntur:
583 2255 728 2317 Britannia
740 2257 909 2317 servitutem
921 2273 1001 2319 suana
1014 2274 1085 2335 quo-

75 2343 150 2402 tidie
164 2341 248 2414 emit,
272 2340 403 2418 quotidie
419 2340 522 2418 pascit.
554 2358 590 2400 ac
606 2342 681 2400 sicut
696 2341 724 2399 in
744 2339 851 2400 familia
866 2341 1085 2400 recentissimus

74 2426 205 2504 quisque
226 2440 377 2483 serrorum
398 2423 484 2483 etiam
505 2427 656 2484 conservis
678 2422 802 2484 ludibrio
825 2432 888 2502 est,
913 2425 1006 2484 sicin
1028 2424 1121 2489 bocia

75 2506 161 2567 orbis
180 2512 320 2564 terrarum
335 2515 436 2566 vetere
452 2507 588 2568 tumulata
605 2508 673 2568 novi
686 2524 740 2567 nos
759 2515 789 2568 ot
803 2507 878 2568 viles
896 2508 926 2568 iu
942 2508 1085 2569 excidium

74 2591 219 2672 petimen
242 2606 337 2666 neque
353 2589 428 2648 enim
443 2606 513 2650 arva
529 2590 614 2651 nobis
629 2600 678 2653 aut
693 2590 809 2652 metella
826 2599 874 2652 eut
891 2599 993 2671 portus
1008 2602 1085 2668 sunt,

74 2674 185 2755 quibus
201 2670 375 2732 exercendis
390 2689 583 2734 reservemur.
622 2677 713 2736 virtus
730 2691 820 2755 porro
837 2692 873 2735 ae
887 2676 1000 2737 ferocia
1016 2676 1085 2736 sub-

73 2763 222 2820 iectorum
242 2757 356 2834 ingrata
377 2756 604 2835 imperantibus;
626 2765 656 2817 et
675 2758 870 2837 longinquitas
885 2778 922 2821 ac
938 2769 1085 2822 secretum

75 2845 173 2922 ipsum
188 2858 246 2920 quo
262 2841 365 2919 tutius,
387 2857 424 2901 eo
441 2843 615 2922 suspectius.
645 2841 684 2902 ita
704 2841 816 2902 sublata
833 2859 888 2922 spe
905 2845 1009 2905 veniae
1022 2853 1083 2905 tau·
1096 2870 1120 2907 m

76 2928 145 2986 dena
167 2926 272 2986 sumite
294 2926 432 3002 animum,
457 2935 513 2986 tarn
536 2927 639 3006 quibus
660 2927 738 2988 salus
758 2942 843 3006 quam
865 2926 967 3007 quibus
989 2928 1084 3007 gloria

16 3053 17 3058 1
80 3010 230 3070 carissima
245 3019 298 3070 est.
332 3008 485 3087 Brigantes
501 3011 607 3072 lemine
624 3010 698 3070 duce
716 3027 841 3071 exurere
858 3011 1015 3089 coloniam,
1034 3030 1083 3071 ex·

17 3137 18 3144 ,
81 3106 214 3166 pugnare
244 3102 357 3170 castra,
389 3112 425 3154 ae
450 3095 505 3154 nisi
532 3091 659 3155 ielieitas
686 3097 715 3154 iu
741 3093 905 3154 socordiam
934 3097 1083 3171 vertisset,

18 3223 19 3240 ,
81 3189 193 3232 exuere
209 3177 305 3253 iugum
328 3185 465 3254 potuere:
487 3194 542 3237 nos
556 3179 662 3256 integri
678 3188 708 3240 et
725 3179 853 3238 indomiti
870 3188 900 3238 et
917 3180 945 3238 in
965 3177 1081 3239 liberta·

18 3295 19 3306 a
81 3263 157 3333 tem,
184 3274 242 3318 uon
258 3259 288 3318 iu
315 3262 483 3339 patientiam
497 3260 652 3338 bellaturi,
689 3263 782 3342 primo
804 3264 899 3324 statim
920 3278 1117 3339 congressum

82 3337 285 3418 ostendamus,
307 3358 382 3419 quos
397 3345 451 3404 sibi
472 3343 631 3407 caledonia
655 3348 733 3408 viros
755 3346 963 3423 seposuerit.’'

149 3422 201 3485 32.
225 3422 419 3486 ‘Aa'eandem
430 3428 566 3490 Romanis
581 3431 609 3490 in
623 3429 702 3490 bello
717 3432 948 3570 virtutem1pupm
964 3428 991 3485 ia
1007 3441 1082 3504 pace
