2536 3870
478 132 555 184 eur.
570 133 692 189 tte-ts.
1016 123 1079 186 20⁷
1119 209 1125 215 .

79 293 155 356 minu
168 309 251 371 gene
282 289 468 351 nivernorum
488 305 583 350 rerum
604 305 643 348 ex
665 303 760 368 aequo
781 288 854 348 soeii
868 296 948 366 eunt,
972 305 1035 350 oum
1050 290 1080 352 in

79 375 217 439 secundis
230 377 357 436 minoret
372 373 504 434 inissent.

141 460 193 522 37.
222 457 358 519 Eundem
374 455 546 518 Germaniae
567 456 659 516 einum
682 455 806 534 proximi
829 453 947 516 Oceano
973 451 1082 514 Gimbrt

78 550 195 620 tenent,
221 557 312 620 perro
334 558 410 601 nono
432 540 551 616 uiuitur,
577 538 629 598 red
650 539 745 616 glorie
768 540 881 616 ingene.
914 539 1083 618 veterisque

77 629 173 689 iemee
195 625 254 686 inte
274 623 401 702 vestigio
420 631 552 700 manent,
577 629 698 700 utreque
720 623 786 701 ripe
804 631 900 683 oestro
919 639 955 683 eo
978 623 1081 700 spatia,

78 727 201 789 quorum
216 707 322 771 ambitu
343 724 419 768 nune
439 722 556 786 quoque
569 705 697 766 metieris
711 705 818 767 motem
836 723 995 784 munusque
1009 722 1081 783 pen·

77 796 116 854 tie
132 801 162 852 et
176 801 234 854 tem
247 790 346 867 magni
361 790 457 851 exitur
471 787 566 850 iidem.
597 789 835 849 sescentesimum
850 797 880 848 et
895 787 1104 868 quadragesi-t

78 892 155 935 mum
177 891 281 935 eunom
301 871 371 932 urbe
397 879 497 932 noetm
519 870 643 949 upebut,
668 888 732 932 eum
758 873 879 952 primum
901 871 1083 933 Cimbrorum

80 957 175 1018 auditu
196 966 264 1017 eunt
278 971 371 1033 eume,
391 953 523 1016 Cueoiiio
538 954 659 1016 bieteilo
680 963 710 1016 et
722 955 838 1034 Papirio
860 954 997 1018 Carbone
1012 972 1082 1017 oon·

81 1039 202 1100 solibus.
228 1058 266 1101 err
277 1055 335 1121 quo
352 1039 376 1098 si
390 1037 427 1100 nd
442 1038 563 1100 utiterum
573 1039 757 1119 imperatorie
771 1038 886 1101 Treieni
903 1039 1083 1101 consulatum

79 1132 301 1270 titttttir
314 1123 440 1268 titii
454 1122 1117 1286 “itit-tit‘trtitt¹¹iiiittttn

79 1289 116 1352 in'
125 1293 218 1352 vinem
231 1291 344 1352 dumne.
367 1307 426 1351 non
440 1289 569 1366 Summe,
583 1306 641 1350 uon
657 1291 759 1368 Poeni,
774 1307 833 1351 nou
845 1290 1004 1370 Hirpenioe
1015 1289 1082 1352 Gui-

80 1375 196 1450 iieem,
217 1391 254 1434 ne
269 1373 366 1434 Partiri
387 1372 502 1452 quidem
517 1375 636 1452 ruepiuo
651 1373 838 1435 admonuere:
862 1373 972 1456 quippe
987 1391 1084 1452 reguo

79 1457 202 1518 Arsacis
216 1457 313 1517 uerior
327 1465 372 1516 eet
387 1455 594 1517 Germanorum
609 1455 739 1518 libertae.
768 1456 836 1537 quii
850 1458 927 1519 enim
942 1457 1019 1518 uliud
1030 1474 1082 1518 no·

79 1540 126 1600 bie
141 1556 225 1618 poem
242 1539 362 1601 eaedem
377 1538 493 1617 cressi,
512 1541 619 1600 amireo
637 1547 669 1600 et
685 1539 751 1620 ipee
766 1539 896 1619 Puuoro,
913 1541 988 1602 inira
1003 1542 1081 1603 Ven-

78 1623 178 1685 tidium
202 1622 334 1686 deieotur
359 1624 456 1684 orieur
481 1621 647 1686 obieeeriti
679 1632 708 1684 ut
732 1621 866 1687 (iermuui
892 1622 1027 1686 Carbone
1052 1631 1082 1684 et
1092 1647 1117 1689 ru

79 1706 185 1768 Cereio
215 1712 246 1762 et
274 1702 383 1764 Scauro
413 1705 537 1768 Aurelio
568 1716 599 1767 et
628 1707 756 1768 Servilio
787 1707 937 1782 Caepione
970 1707 1083 1768 Gnaeo·

78 1809 137 1872 que
151 1790 260 1852 biunlio
273 1790 346 1852 iueir
360 1791 409 1852 rei
425 1792 518 1868 euptiu
534 1792 660 1870 quinque
680 1790 765 1852 riruul
781 1792 952 1853 consolarer
968 1792 1082 1852 exerei-

76 1887 126 1937 tus
142 1874 254 1953 popuio
273 1874 422 1952 Romano,
442 1874 552 1936 Varum
573 1875 684 1954 trisque
701 1892 766 1935 eum
786 1892 823 1936 eo
841 1875 976 1954 iepiouee
997 1875 1083 1936 etiem

79 1959 203 2020 Ouereri
224 1956 418 2029 obstuleruut3
442 1975 500 2020 neo
520 1959 634 2036 impune
655 1957 689 2020 0.
707 1958 815 2020 biuriuo
830 1959 859 2019 in
879 1959 978 2036 italie,
1000 1957 1083 2018 diruo

76 2042 168 2105 iulius
184 2041 213 2100 in
228 2040 339 2118 Gellio,
361 2038 473 2103 Druruu
493 2059 530 2102 eo
547 2040 628 2102 Nero
647 2049 677 2102 et
693 2042 881 2103 Germanicus
903 2043 932 2102 in
951 2043 1012 2102 suie
1029 2057 1119 2109 eoem

75 2124 200 2188 neotum
222 2123 419 2204 perpulerunt.
451 2141 520 2186 mox
542 2125 677 2203 ingentes
698 2123 751 2187 (ini
775 2123 911 2187 Caesarie
934 2126 1029 2186 minue
1055 2125 1084 2185 iu

75 2207 232 2273 ludibrium
252 2225 368 2270 rereee.
397 2207 464 2270 inde
489 2209 596 2284 otium,
619 2208 715 2268 ioneo
737 2208 896 2270 ooeeeione
919 2206 1085 2269 dieoordiee

74 2300 201 2356 nostroe
223 2300 254 2353 et
274 2291 401 2352 eiriiiuru
421 2308 565 2354 ermorum
584 2292 758 2371 expugnetis
781 2291 930 2370 legionum
954 2291 1085 2353 hibernie

75 2379 166 2441 etiem
181 2373 293 2438 Gellius
306 2374 510 2447 udieoterere3
531 2393 567 2436 eo
577 2393 678 2436 rurum
688 2375 756 2436 iude
772 2375 848 2454 pulei
859 2376 999 2457 proximiu
1011 2385 1083 2436 tenr-

76 2457 201 2543 poribue
218 2458 383 2537 triumpbuti
400 2460 494 2536 magis
509 2476 595 2538 quem
609 2459 679 2520 vieti
696 2467 770 2520 eunt.
1091 2476 1117 2517 ru

141 2541 194 2604 38.
222 2540 308 2602 Nune
322 2540 359 2601 de
374 2540 480 2602 Suebir
495 2541 649 2604 uiuendum
666 2550 728 2618 est,
753 2559 874 2622 quorum
887 2561 945 2604 uon
960 2561 1033 2622 une,
1053 2553 1085 2604 ut

76 2628 249 2691 Chattorum
270 2623 518 2686 'i'enoterorunrre
538 2642 637 2702 penu·
655 2625 794 2686 maiorem
818 2628 892 2686 enim
913 2626 1085 2689 Germaniae

75 2717 194 2794 partem
218 2707 365 2786 optinent,
397 2707 526 2787 propriir
553 2707 649 2770 edbuo
673 2707 837 2769 petionibur
864 2711 1085 2791 nominibusque

76 2792 215 2869 disereti,
242 2807 413 2870 quemquern
437 2791 467 2852 iu
492 2808 643 2852 eommune
671 2789 761 2852 Suebi
783 2801 934 2853 vorentur.
970 2794 1084 2872 insigne

74 2875 177 2961 gentio
198 2873 351 2955 obliquare
367 2874 477 2936 eriuem
496 2875 634 2956 nodoque
654 2873 873 2954 rubrtrinpere:
894 2875 940 2936 uio
956 2877 1046 2938 Suebi
1065 2893 1106 2941 uu

77 2959 190 3028 eorem
205 2957 372 3037 oomnis,
393 2959 439 3020 rie
452 2959 614 3020 Sueborum
627 2959 744 3037 ingenui
758 2977 775 3020 e
792 2961 888 3020 eerriu
901 2969 1084 3040 reperentur.

77 3053 108 3113 in
124 3043 191 3105 eiiir
205 3039 345 3121 gentibue
358 3059 412 3104 reu
428 3044 603 3122 mpuutione
622 3041 719 3122 ulique
736 3041 899 3105 Sueborum
915 3061 984 3123 eeu,
1006 3041 1087 3124 quoti

78 3145 173 3210 reepe
193 3124 316 3203 oceidit,
339 3124 515 3203 imitatione,
535 3145 631 3188 rerum
651 3133 682 3186 et
702 3125 776 3188 intre
792 3128 926 3189 iuventte
951 3129 1086 3204 epatium,

78 3210 160 3293 opud
180 3208 295 3272 Suebor
314 3226 407 3289 neque
426 3209 463 3272 ed
480 3209 614 3272 oonitiem
627 3209 795 3272 horrentem
833 3209 968 3288 pupilium
988 3219 1085 3272 retor-

79 3307 175 3373 quere
185 3297 316 3366 suetum,
328 3305 363 3350 uo
375 3306 466 3370 eeepe
475 3291 505 3350 iu
514 3291 580 3370 ipro
591 3292 704 3354 neruiue
715 3291 870 3372 religatum
883 3294 1033 3375 prinoiper
1053 3300 1084 3353 et
1093 3313 1121 3354 m

81 3375 259 3443 ornatiorem
271 3373 387 3438 hebent.
414 3392 449 3440 eu
463 3393 533 3439 oure
546 3375 671 3456 iormee,
686 3376 739 3438 roi
754 3377 885 3449 imperim
899 3375 1083 3456 nequeenim
