<?xml version="1.0" encoding="UTF-8"?>
<!DOCTYPE html PUBLIC "-//W3C//DTD XHTML 1.0 Transitional//EN"
    "http://www.w3.org/TR/xhtml1/DTD/xhtml1-transitional.dtd">
<html xmlns="http://www.w3.org/1999/xhtml" xml:lang="en" lang="en">
 <head>
  <title>
</title>
<meta http-equiv="Content-Type" content="text/html;charset=utf-8" />
  <meta name='ocr-system' content='tesseract 3.04.00' />
  <meta name='ocr-capabilities' content='ocr_page ocr_carea ocr_par ocr_line ocrx_word'/>
</head>
<body>
  <div class='ocr_page' id='page_1' title='image "./libriquisupersu02tacigoog/libriquisupersu02tacigoog_0571.png"; bbox 0 0 2568 3870; ppageno 0'>
   <div class='ocr_carea' id='block_1_1' title="bbox 126 157 1240 3248">
    <p class='ocr_par' dir='ltr' id='par_1_1' title="bbox 126 157 1240 3248">
     <span class='ocr_line' id='line_1_1' title="bbox 208 157 996 248; baseline -0.005 -29"><span class='ocrx_word' id='word_1_1' title='bbox 208 157 268 221; x_wconf 82' lang='lat'><strong>126</strong></span> <span class='ocrx_word' id='word_1_2' title='bbox 436 168 602 248; x_wconf 67' lang='lat' dir='ltr'><strong>oosqmn</strong></span> <span class='ocrx_word' id='word_1_3' title='bbox 618 167 736 215; x_wconf 81' lang='lat' dir='ltr'><strong>rncrrr</strong></span> <span class='ocrx_word' id='word_1_4' title='bbox 752 167 996 216; x_wconf 81' lang='lat' dir='ltr'><strong>ursronrsnuu</strong></span> 
     </span>
     <span class='ocr_line' id='line_1_2' title="bbox 205 301 1240 403; baseline -0.002 -19"><span class='ocrx_word' id='word_1_5' title='bbox 205 323 353 402; x_wconf 86' lang='lat' dir='ltr'><strong>sauguinis</strong></span> <span class='ocrx_word' id='word_1_6' title='bbox 364 340 525 403; x_wconf 39' lang='lat' dir='ltr'><strong>paruum,</strong></span> <span class='ocrx_word' id='word_1_7' title='bbox 550 321 657 391; x_wconf 64' lang='lat' dir='ltr'><strong>„dara</strong></span> <span class='ocrx_word' id='word_1_8' title='bbox 672 320 748 400; x_wconf 91' lang='lat' dir='ltr'><strong>quod</strong></span> <span class='ocrx_word' id='word_1_9' title='bbox 760 311 834 380; x_wconf 90' lang='lat' dir='ltr'><strong>inler</strong></span> <span class='ocrx_word' id='word_1_10' title='bbox 846 321 938 381; x_wconf 86' lang='lat' dir='ltr'><strong>omnis</strong></span> <span class='ocrx_word' id='word_1_11' title='bbox 951 322 1127 400; x_wconf 85' lang='lat' dir='ltr'><strong>eonstiterit,</strong></span> <span class='ocrx_word' id='word_1_12' title='bbox 1144 333 1213 383; x_wconf 84' lang='lat' dir='ltr'><strong>anto</strong></span> <span class='ocrx_word' id='word_1_13' title='bbox 1239 301 1240 358; x_wconf 49' lang='grc' dir='ltr'><strong>Ῠ</strong></span> 
     </span>
     <span class='ocr_line' id='line_1_3' title="bbox 206 373 1240 487; baseline -0.002 -19"><span class='ocrx_word' id='word_1_14' title='bbox 206 409 395 487; x_wconf 73' lang='lat' dir='ltr'><strong>principatum</strong></span> <span class='ocrx_word' id='word_1_15' title='bbox 415 373 588 485; x_wconf 72' lang='lat' dir='ltr'><strong>Vespasiani</strong></span> <span class='ocrx_word' id='word_1_16' title='bbox 611 405 704 465; x_wconf 71' lang='lat' dir='ltr'><strong>deeras</strong></span> <span class='ocrx_word' id='word_1_17' title='bbox 722 403 825 464; x_wconf 81' lang='lat' dir='ltr'><strong>domus</strong></span> <span class='ocrx_word' id='word_1_18' title='bbox 854 421 945 483; x_wconf 84' lang='lat' dir='ltr'><strong>penes</strong></span> <span class='ocrx_word' id='word_1_19' title='bbox 973 403 1112 466; x_wconf 83' lang='lat' dir='ltr'><strong>Sabinum</strong></span> <span class='ocrx_word' id='word_1_20' title='bbox 1139 417 1211 468; x_wconf 90' lang='lat' dir='ltr'><strong>erat.</strong></span> <span class='ocrx_word' id='word_1_21' title='bbox 1239 417 1240 450; x_wconf 59' lang='lat' dir='ltr'>f</span> 
     </span>
     <span class='ocr_line' id='line_1_4' title="bbox 205 487 1212 568; baseline -0.002 -15"><span class='ocrx_word' id='word_1_22' title='bbox 205 491 324 553; x_wconf 81' lang='lat' dir='ltr'><strong>eaedem</strong></span> <span class='ocrx_word' id='word_1_23' title='bbox 346 490 408 550; x_wconf 84' lang='lat' dir='ltr'><strong>eiua</strong></span> <span class='ocrx_word' id='word_1_24' title='bbox 420 489 527 550; x_wconf 84' lang='lat' dir='ltr'><strong>laetam</strong></span> <span class='ocrx_word' id='word_1_25' title='bbox 542 489 634 548; x_wconf 84' lang='lat' dir='ltr'><strong>tuisse</strong></span> <span class='ocrx_word' id='word_1_26' title='bbox 649 487 784 550; x_wconf 77' lang='lat' dir='ltr'><strong>Muciano</strong></span> <span class='ocrx_word' id='word_1_27' title='bbox 799 489 975 566; x_wconf 83' lang='lat' dir='ltr'><strong>aooepirnus.</strong></span> <span class='ocrx_word' id='word_1_28' title='bbox 993 488 1135 549; x_wconf 79' lang='lat' dir='ltr'><strong>ferebant</strong></span> <span class='ocrx_word' id='word_1_29' title='bbox 1149 491 1212 568; x_wconf 91' lang='lat' dir='ltr'><strong>ple·</strong></span> 
     </span>
     <span class='ocr_line' id='line_1_5' title="bbox 172 570 1213 654; baseline -0.002 -18"><span class='ocrx_word' id='word_1_30' title='bbox 172 595 195 636; x_wconf 87' lang='grc' dir='ltr'>ιο</span> <span class='ocrx_word' id='word_1_31' title='bbox 206 577 288 654; x_wconf 88' lang='lat' dir='ltr'><strong>rique</strong></span> <span class='ocrx_word' id='word_1_32' title='bbox 306 574 392 634; x_wconf 84' lang='lat' dir='ltr'><strong>etiam</strong></span> <span class='ocrx_word' id='word_1_33' title='bbox 412 573 477 653; x_wconf 90' lang='lat' dir='ltr'><strong>paei</strong></span> <span class='ocrx_word' id='word_1_34' title='bbox 493 572 655 633; x_wconf 75' lang='lat' dir='ltr'><strong>consultam</strong></span> <span class='ocrx_word' id='word_1_35' title='bbox 667 571 810 650; x_wconf 85' lang='lat' dir='ltr'><strong>dirempta</strong></span> <span class='ocrx_word' id='word_1_36' title='bbox 829 570 1021 632; x_wconf 67' lang='lat' dir='ltr'><strong>aemulatione</strong></span> <span class='ocrx_word' id='word_1_37' title='bbox 1035 573 1115 633; x_wconf 81' lang='lat' dir='ltr'><strong>inter</strong></span> <span class='ocrx_word' id='word_1_38' title='bbox 1128 573 1213 649; x_wconf 83' lang='lat' dir='ltr'><strong>duos,</strong></span> 
     </span>
     <span class='ocr_line' id='line_1_6' title="bbox 205 654 1211 738; baseline -0.002 -20"><span class='ocrx_word' id='word_1_39' title='bbox 205 675 326 738; x_wconf 89' lang='lat' dir='ltr'><strong>quorum</strong></span> <span class='ocrx_word' id='word_1_40' title='bbox 340 657 463 717; x_wconf 88' lang='lat' dir='ltr'><strong>alterae</strong></span> <span class='ocrx_word' id='word_1_41' title='bbox 477 656 595 716; x_wconf 79' lang='lat' dir='ltr'><strong>fratrem</strong></span> <span class='ocrx_word' id='word_1_42' title='bbox 608 655 808 736; x_wconf 83' lang='lat' dir='ltr'><strong>imperatoris,</strong></span> <span class='ocrx_word' id='word_1_43' title='bbox 824 654 899 716; x_wconf 88' lang='lat' dir='ltr'><strong>alter</strong></span> <span class='ocrx_word' id='word_1_44' title='bbox 913 665 1083 717; x_wconf 67' lang='lat' dir='ltr'><strong>consortem</strong></span> <span class='ocrx_word' id='word_1_45' title='bbox 1094 657 1211 737; x_wconf 83' lang='lat' dir='ltr'><strong>imperii</strong></span> 
     </span>
     <span class='ocr_line' id='line_1_7' title="bbox 205 739 1214 821; baseline -0.002 -19"><span class='ocrx_word' id='word_1_46' title='bbox 205 743 360 819; x_wconf 78' lang='lat' dir='ltr'><strong>cogitaret.</strong></span> <span class='ocrx_word' id='word_1_47' title='bbox 389 741 441 800; x_wconf 86' lang='lat' dir='ltr'><strong>sed</strong></span> <span class='ocrx_word' id='word_1_48' title='bbox 457 739 594 803; x_wconf 81' lang='lat' dir='ltr'><strong>Vitellius</strong></span> <span class='ocrx_word' id='word_1_49' title='bbox 610 739 739 800; x_wconf 75' lang='lat' dir='ltr'><strong>consulis</strong></span> <span class='ocrx_word' id='word_1_50' title='bbox 754 739 928 819; x_wconf 85' lang='lat' dir='ltr'><strong>supplieinm</strong></span> <span class='ocrx_word' id='word_1_51' title='bbox 942 742 1080 818; x_wconf 77' lang='lat' dir='ltr'><strong>poseanti</strong></span> <span class='ocrx_word' id='word_1_52' title='bbox 1096 743 1214 821; x_wconf 88' lang='lat' dir='ltr'><strong>pupulo</strong></span> 
     </span>
     <span class='ocr_line' id='line_1_8' title="bbox 204 821 1212 904; baseline -0.003 -18"><span class='ocrx_word' id='word_1_53' title='bbox 204 825 324 900; x_wconf 75' lang='lat' dir='ltr'><strong>restitit,</strong></span> <span class='ocrx_word' id='word_1_54' title='bbox 343 824 476 903; x_wconf 85' lang='lat' dir='ltr'><strong>plaoatus</strong></span> <span class='ocrx_word' id='word_1_55' title='bbox 489 841 525 884; x_wconf 81' lang='lat' dir='ltr'><strong>ae</strong></span> <span class='ocrx_word' id='word_1_56' title='bbox 541 823 621 885; x_wconf 81' lang='lat' dir='ltr'><strong>velut</strong></span> <span class='ocrx_word' id='word_1_57' title='bbox 635 825 731 884; x_wconf 78' lang='lat' dir='ltr'><strong>tieem</strong></span> <span class='ocrx_word' id='word_1_58' title='bbox 746 821 889 900; x_wconf 79' lang='lat' dir='ltr'><strong>reddens,</strong></span> <span class='ocrx_word' id='word_1_59' title='bbox 910 823 988 902; x_wconf 90' lang='lat' dir='ltr'><strong>quod</strong></span> <span class='ocrx_word' id='word_1_60' title='bbox 1004 825 1212 904; x_wconf 85' lang='lat' dir='ltr'><strong>interroganti·</strong></span> 
     </span>
     <span class='ocr_line' id='line_1_9' title="bbox 203 905 1214 987; baseline 0 -19"><span class='ocrx_word' id='word_1_61' title='bbox 203 908 259 968; x_wconf 80' lang='lat' dir='ltr'><strong>bna</strong></span> <span class='ocrx_word' id='word_1_62' title='bbox 280 909 344 986; x_wconf 89' lang='lat' dir='ltr'><strong>qnia</strong></span> <span class='ocrx_word' id='word_1_63' title='bbox 365 905 540 987; x_wconf 75' lang='lat' dir='ltr'><strong>Capitolium</strong></span> <span class='ocrx_word' id='word_1_64' title='bbox 562 907 741 968; x_wconf 83' lang='lat' dir='ltr'><strong>ineendisset</strong></span> <span class='ocrx_word' id='word_1_65' title='bbox 765 923 798 968; x_wconf 88' lang='lat' dir='ltr'><strong>se</strong></span> <span class='ocrx_word' id='word_1_66' title='bbox 819 922 902 967; x_wconf 88' lang='lat' dir='ltr'><strong>reum</strong></span> <span class='ocrx_word' id='word_1_67' title='bbox 917 905 1031 970; x_wconf 80' lang='lat' dir='ltr'><strong>Atticus</strong></span> <span class='ocrx_word' id='word_1_68' title='bbox 1052 907 1214 984; x_wconf 89' lang='lat' dir='ltr'><strong>obtulerat,</strong></span> 
     </span>
     <span class='ocr_line' id='line_1_10' title="bbox 168 990 1214 1072; baseline 0.001 -22"><span class='ocrx_word' id='word_1_69' title='bbox 168 1009 193 1050; x_wconf 86' lang='grc' dir='ltr'><strong>ιι</strong></span> <span class='ocrx_word' id='word_1_70' title='bbox 204 1009 298 1072; x_wconf 87' lang='lat' dir='ltr'><strong>eaque</strong></span> <span class='ocrx_word' id='word_1_71' title='bbox 313 991 516 1068; x_wconf 82' lang='lat' dir='ltr'><strong>confessione,</strong></span> <span class='ocrx_word' id='word_1_72' title='bbox 535 992 597 1052; x_wconf 80' lang='lat' dir='ltr'><strong>sire</strong></span> <span class='ocrx_word' id='word_1_73' title='bbox 612 999 710 1070; x_wconf 86' lang='lat' dir='ltr'><strong>aptum</strong></span> <span class='ocrx_word' id='word_1_74' title='bbox 724 992 848 1070; x_wconf 81' lang='lat' dir='ltr'><strong>tempori</strong></span> <span class='ocrx_word' id='word_1_75' title='bbox 871 990 1051 1052; x_wconf 85' lang='lat' dir='ltr'><strong>mendnoium</strong></span> <span class='ocrx_word' id='word_1_76' title='bbox 1073 993 1149 1069; x_wconf 84' lang='lat' dir='ltr'><strong>init,</strong></span> <span class='ocrx_word' id='word_1_77' title='bbox 1173 995 1214 1052; x_wconf 88' lang='lat' dir='ltr'><strong>irr-</strong></span> 
     </span>
     <span class='ocr_line' id='line_1_11' title="bbox 203 1073 1240 1155; baseline 0 -21"><span class='ocrx_word' id='word_1_78' title='bbox 203 1075 308 1135; x_wconf 72' lang='lat' dir='ltr'><strong>vidiaar</strong></span> <span class='ocrx_word' id='word_1_79' title='bbox 325 1075 491 1153; x_wconf 70' lang='lat' dir='ltr'>crimenque</span> <span class='ocrx_word' id='word_1_80' title='bbox 510 1073 686 1151; x_wconf 78' lang='lat' dir='ltr'><strong>adgnouisse</strong></span> <span class='ocrx_word' id='word_1_81' title='bbox 702 1083 733 1134; x_wconf 86' lang='lat' dir='ltr'><strong>at</strong></span> <span class='ocrx_word' id='word_1_82' title='bbox 753 1093 769 1136; x_wconf 90' lang='lat' dir='ltr'><strong>a</strong></span> <span class='ocrx_word' id='word_1_83' title='bbox 792 1073 921 1155; x_wconf 87' lang='lat' dir='ltr'><strong>partibus</strong></span> <span class='ocrx_word' id='word_1_84' title='bbox 940 1075 1052 1136; x_wconf 86' lang='lat' dir='ltr'><strong>Vitellii</strong></span> <span class='ocrx_word' id='word_1_85' title='bbox 1073 1077 1216 1138; x_wconf 71' lang='lat' dir='ltr'><strong>amolitus</strong></span> <span class='ocrx_word' id='word_1_86' title='bbox 1239 1151 1240 1154; x_wconf 8' lang='grc' dir='ltr'><strong>Ἴ</strong></span> 
     </span>
     <span class='ocr_line' id='line_1_12' title="bbox 203 1157 1240 1220; baseline -0.008 -2"><span class='ocrx_word' id='word_1_87' title='bbox 203 1157 366 1220; x_wconf 77' lang='lat' dir='ltr'><strong>videbatur.</strong></span> <span class='ocrx_word' id='word_1_88' title='bbox 1239 1189 1240 1196; x_wconf 42' lang='grc' dir='ltr'>ι</span> 
     </span>
     <span class='ocr_line' id='line_1_13' title="bbox 267 1238 1240 1336; baseline 0.002 -34"><span class='ocrx_word' id='word_1_89' title='bbox 267 1242 317 1304; x_wconf 88' lang='grc'><strong>76.</strong></span> <span class='ocrx_word' id='word_1_90' title='bbox 341 1241 435 1302; x_wconf 80' lang='lat' dir='ltr'><strong>ladem</strong></span> <span class='ocrx_word' id='word_1_91' title='bbox 462 1240 564 1302; x_wconf 88' lang='lat' dir='ltr'><strong>diebus</strong></span> <span class='ocrx_word' id='word_1_92' title='bbox 590 1241 622 1302; x_wconf 87' lang='lat' dir='ltr'><strong>L.</strong></span> <span class='ocrx_word' id='word_1_93' title='bbox 653 1238 794 1304; x_wconf 84' lang='lat' dir='ltr'><strong>Vitellius&#39;</strong></span> <span class='ocrx_word' id='word_1_94' title='bbox 816 1244 921 1322; x_wconf 83' lang='lat' dir='ltr'><strong>positis</strong></span> <span class='ocrx_word' id='word_1_95' title='bbox 949 1240 1026 1322; x_wconf 81' lang='lat' dir='ltr'><strong>ap&#39;ud</strong></span> <span class='ocrx_word' id='word_1_96' title='bbox 1053 1243 1212 1306; x_wconf 78' lang='lat' dir='ltr'><strong>llererriam</strong></span> <span class='ocrx_word' id='word_1_97' title='bbox 1239 1245 1240 1336; x_wconf 50' lang='lat' dir='ltr'><strong>l</strong></span> 
     </span>
     <span class='ocr_line' id='line_1_14' title="bbox 203 1325 1240 1408; baseline -0.004 -20"><span class='ocrx_word' id='word_1_98' title='bbox 203 1327 307 1388; x_wconf 84' lang='lat' dir='ltr'><strong>eastris</strong></span> <span class='ocrx_word' id='word_1_99' title='bbox 322 1325 439 1408; x_wconf 75' lang='lat' dir='ltr'><strong>ernidio</strong></span> <span class='ocrx_word' id='word_1_100' title='bbox 456 1325 630 1388; x_wconf 80' lang='lat' dir='ltr'><strong>Tarraeirae</strong></span> <span class='ocrx_word' id='word_1_101' title='bbox 646 1325 830 1404; x_wconf 72' lang='lat' dir='ltr'><strong>imminebat,</strong></span> <span class='ocrx_word' id='word_1_102' title='bbox 847 1327 953 1388; x_wconf 76' lang='grc' dir='ltr'>ιΙιιιιίι</span> <span class='ocrx_word' id='word_1_103' title='bbox 966 1327 1027 1388; x_wconf 84' lang='lat' dir='ltr'><strong>illia</strong></span> <span class='ocrx_word' id='word_1_104' title='bbox 1038 1327 1212 1406; x_wconf 85' lang='lat' dir='ltr'><strong>gladiatori·</strong></span> <span class='ocrx_word' id='word_1_105' title='bbox 1239 1337 1240 1376; x_wconf 76' lang='grc' dir='ltr'>ι</span> 
     </span>
     <span class='ocr_line' id='line_1_15' title="bbox 203 1407 1240 1491; baseline -0.003 -19"><span class='ocrx_word' id='word_1_106' title='bbox 203 1411 257 1472; x_wconf 86' lang='lat' dir='ltr'><strong>bus</strong></span> <span class='ocrx_word' id='word_1_107' title='bbox 273 1409 506 1489; x_wconf 69' lang='lat' dir='ltr'><strong>remigibusque,</strong></span> <span class='ocrx_word' id='word_1_108' title='bbox 528 1410 578 1490; x_wconf 93' lang='lat' dir='ltr'><strong>qui</strong></span> <span class='ocrx_word' id='word_1_109' title='bbox 593 1427 651 1472; x_wconf 89' lang='lat' dir='ltr'><strong>non</strong></span> <span class='ocrx_word' id='word_1_110' title='bbox 666 1410 770 1488; x_wconf 88' lang='lat' dir='ltr'><strong>egredi</strong></span> <span class='ocrx_word' id='word_1_111' title='bbox 792 1413 908 1472; x_wconf 84' lang='lat' dir='ltr'><strong>moenia</strong></span> <span class='ocrx_word' id='word_1_112' title='bbox 927 1425 1023 1491; x_wconf 83' lang='lat' dir='ltr'><strong>neque</strong></span> <span class='ocrx_word' id='word_1_113' title='bbox 1047 1412 1211 1490; x_wconf 79' lang='lat' dir='ltr'><strong>perleuiun</strong></span> <span class='ocrx_word' id='word_1_114' title='bbox 1239 1407 1240 1490; x_wconf 61' lang='grc' dir='ltr'><strong><em>ᾖ</em></strong></span> 
     </span>
     <span class='ocr_line' id='line_1_16' title="bbox 201 1493 1240 1582; baseline -0.001 -26"><span class='ocrx_word' id='word_1_115' title='bbox 201 1495 231 1556; x_wconf 91' lang='lat' dir='ltr'><strong>in</strong></span> <span class='ocrx_word' id='word_1_116' title='bbox 246 1503 350 1574; x_wconf 85' lang='lat' dir='ltr'><strong>aperto</strong></span> <span class='ocrx_word' id='word_1_117' title='bbox 364 1493 517 1555; x_wconf 88' lang='lat' dir='ltr'><strong>audebant.</strong></span> <span class='ocrx_word' id='word_1_118' title='bbox 547 1504 698 1574; x_wconf 86' lang='lat' dir='ltr'><strong>praeerat,</strong></span> <span class='ocrx_word' id='word_1_119' title='bbox 713 1503 744 1554; x_wconf 91' lang='lat' dir='ltr'><strong>nt</strong></span> <span class='ocrx_word' id='word_1_120' title='bbox 760 1511 850 1574; x_wconf 89' lang='lat' dir='ltr'><strong>supra</strong></span> <span class='ocrx_word' id='word_1_121' title='bbox 862 1497 1105 1572; x_wconf 77' lang='lat' dir='ltr'><strong>memoravimus,</strong></span> <span class='ocrx_word' id='word_1_122' title='bbox 1125 1493 1209 1556; x_wconf 90' lang='lat' dir='ltr'><strong>lulia-</strong></span> <span class='ocrx_word' id='word_1_123' title='bbox 1239 1537 1240 1582; x_wconf 40' lang='grc' dir='ltr'>ι</span> 
     </span>
     <span class='ocr_line' id='line_1_17' title="bbox 181 1577 1240 1686; baseline 0.002 -50"><span class='ocrx_word' id='word_1_124' title='bbox 181 1598 255 1640; x_wconf 85' lang='lat' dir='ltr'><strong>unus</strong></span> <span class='ocrx_word' id='word_1_125' title='bbox 267 1577 487 1657; x_wconf 72' lang='lat' dir='ltr'><strong>gladiatoribus,</strong></span> <span class='ocrx_word' id='word_1_126' title='bbox 501 1578 682 1659; x_wconf 67' lang='lat' dir='ltr'><strong>Apollinaris</strong></span> <span class='ocrx_word' id='word_1_127' title='bbox 693 1578 865 1656; x_wconf 84' lang='lat' dir='ltr'><strong>remigibus,</strong></span> <span class='ocrx_word' id='word_1_128' title='bbox 877 1580 997 1640; x_wconf 86' lang='lat' dir='ltr'><strong>lasniria</strong></span> <span class='ocrx_word' id='word_1_129' title='bbox 1007 1579 1210 1658; x_wconf 54' lang='lat' dir='ltr'><strong>:socordiaque</strong></span> <span class='ocrx_word' id='word_1_130' title='bbox 1239 1597 1240 1686; x_wconf 70' lang='lat' dir='ltr'><strong>p</strong></span> 
     </span>
     <span class='ocr_line' id='line_1_18' title="bbox 201 1661 1240 1741; baseline 0 -19"><span class='ocrx_word' id='word_1_131' title='bbox 201 1661 394 1739; x_wconf 81' lang='lat' dir='ltr'><strong>gladiatorum</strong></span> <span class='ocrx_word' id='word_1_132' title='bbox 409 1663 502 1740; x_wconf 88' lang='lat' dir='ltr'><strong>magis</strong></span> <span class='ocrx_word' id='word_1_133' title='bbox 518 1680 602 1741; x_wconf 90' lang='lat' dir='ltr'><strong>quam</strong></span> <span class='ocrx_word' id='word_1_134' title='bbox 621 1662 723 1722; x_wconf 85' lang='lat' dir='ltr'><strong>dueum</strong></span> <span class='ocrx_word' id='word_1_135' title='bbox 738 1662 857 1724; x_wconf 88' lang='lat' dir='ltr'><strong>similes.</strong></span> <span class='ocrx_word' id='word_1_136' title='bbox 888 1680 945 1723; x_wconf 90' lang='grc' dir='ltr'>ιιοιι</span> <span class='ocrx_word' id='word_1_137' title='bbox 966 1663 1083 1740; x_wconf 83' lang='lat' dir='ltr'><strong>vigilias</strong></span> <span class='ocrx_word' id='word_1_138' title='bbox 1107 1679 1209 1741; x_wconf 89' lang='lat' dir='ltr'><strong>agere,</strong></span> <span class='ocrx_word' id='word_1_139' title='bbox 1239 1701 1240 1722; x_wconf 62' lang='grc' dir='ltr'>ι</span> 
     </span>
     <span class='ocr_line' id='line_1_19' title="bbox 201 1746 1240 1825; baseline 0 -21"><span class='ocrx_word' id='word_1_140' title='bbox 201 1763 257 1805; x_wconf 90' lang='lat' dir='ltr'><strong>non</strong></span> <span class='ocrx_word' id='word_1_141' title='bbox 277 1748 366 1806; x_wconf 80' lang='lat' dir='ltr'><strong>intuta</strong></span> <span class='ocrx_word' id='word_1_142' title='bbox 387 1747 531 1805; x_wconf 87' lang='lat' dir='ltr'><strong>moenium</strong></span> <span class='ocrx_word' id='word_1_143' title='bbox 550 1747 682 1808; x_wconf 83' lang='lat' dir='ltr'><strong>firmare:</strong></span> <span class='ocrx_word' id='word_1_144' title='bbox 708 1755 796 1807; x_wconf 81' lang='lat' dir='ltr'><strong>uentu</strong></span> <span class='ocrx_word' id='word_1_145' title='bbox 815 1746 921 1825; x_wconf 85' lang='lat' dir='ltr'><strong>dieque</strong></span> <span class='ocrx_word' id='word_1_146' title='bbox 942 1746 1014 1808; x_wconf 80' lang='lat' dir='ltr'><strong>dani</strong></span> <span class='ocrx_word' id='word_1_147' title='bbox 1033 1754 1064 1806; x_wconf 86' lang='lat' dir='ltr'><strong>et</strong></span> <span class='ocrx_word' id='word_1_148' title='bbox 1083 1761 1208 1806; x_wconf 88' lang='lat' dir='ltr'><strong>amaena</strong></span> <span class='ocrx_word' id='word_1_149' title='bbox 1239 1777 1240 1816; x_wconf 51' lang='grc' dir='ltr'>ι</span> 
     </span>
     <span class='ocr_line' id='line_1_20' title="bbox 201 1829 1240 1909; baseline 0 -21"><span class='ocrx_word' id='word_1_150' title='bbox 201 1830 315 1889; x_wconf 90' lang='lat' dir='ltr'><strong>litorum</strong></span> <span class='ocrx_word' id='word_1_151' title='bbox 328 1837 541 1907; x_wconf 75' lang='lat' dir='ltr'><strong>personantes,</strong></span> <span class='ocrx_word' id='word_1_152' title='bbox 558 1831 586 1890; x_wconf 91' lang='lat' dir='ltr'><strong>in</strong></span> <span class='ocrx_word' id='word_1_153' title='bbox 601 1831 787 1890; x_wconf 88' lang='lat' dir='ltr'><strong>ministerium</strong></span> <span class='ocrx_word' id='word_1_154' title='bbox 803 1830 888 1892; x_wconf 88' lang='lat' dir='ltr'><strong>luxus</strong></span> <span class='ocrx_word' id='word_1_155' title='bbox 903 1830 1043 1909; x_wconf 83' lang='lat' dir='ltr'><strong>dispersis</strong></span> <span class='ocrx_word' id='word_1_156' title='bbox 1054 1829 1207 1904; x_wconf 83' lang='lat' dir='ltr'><strong>militibus,</strong></span> <span class='ocrx_word' id='word_1_157' title='bbox 1239 1879 1240 1882; x_wconf 63' lang='grc'>,</span> 
     </span>
     <span class='ocr_line' id='line_1_21' title="bbox 201 1910 1208 1994; baseline -0.001 -22"><span class='ocrx_word' id='word_1_158' title='bbox 201 1913 237 1972; x_wconf 85' lang='lat' dir='ltr'><strong>de</strong></span> <span class='ocrx_word' id='word_1_159' title='bbox 253 1910 334 1971; x_wconf 88' lang='lat' dir='ltr'><strong>bello</strong></span> <span class='ocrx_word' id='word_1_160' title='bbox 349 1921 456 1972; x_wconf 88' lang='lat' dir='ltr'><strong>tantum</strong></span> <span class='ocrx_word' id='word_1_161' title='bbox 473 1913 549 1973; x_wconf 90' lang='lat' dir='ltr'><strong>inter</strong></span> <span class='ocrx_word' id='word_1_162' title='bbox 564 1914 696 1974; x_wconf 76' lang='lat' dir='ltr'><strong>convivia</strong></span> <span class='ocrx_word' id='word_1_163' title='bbox 712 1913 915 1994; x_wconf 79' lang='lat' dir='ltr'><strong>loquebantur.</strong></span> <span class='ocrx_word' id='word_1_164' title='bbox 942 1930 1054 1994; x_wconf 77' lang='lat' dir='ltr'><strong>paucos</strong></span> <span class='ocrx_word' id='word_1_165' title='bbox 1065 1911 1208 1976; x_wconf 86' lang='lat' dir='ltr'><strong>antedies</strong></span> 
     </span>
     <span class='ocr_line' id='line_1_22' title="bbox 168 1994 1240 2077; baseline -0.002 -21"><span class='ocrx_word' id='word_1_166' title='bbox 168 2006 191 2048; x_wconf 86' lang='lat'><strong>¹⁰</strong></span> <span class='ocrx_word' id='word_1_167' title='bbox 202 1995 381 2056; x_wconf 76' lang='lat' dir='ltr'><strong>discesserat</strong></span> <span class='ocrx_word' id='word_1_168' title='bbox 394 1994 518 2075; x_wconf 80' lang='lat' dir='ltr'><strong>Apinius</strong></span> <span class='ocrx_word' id='word_1_169' title='bbox 535 1997 621 2074; x_wconf 78' lang='lat' dir='ltr'><strong>l&#39;iro,</strong></span> <span class='ocrx_word' id='word_1_170' title='bbox 643 1996 786 2076; x_wconf 86' lang='lat' dir='ltr'><strong>donisque</strong></span> <span class='ocrx_word' id='word_1_171' title='bbox 810 2015 845 2060; x_wconf 86' lang='lat' dir='ltr'><strong>ao</strong></span> <span class='ocrx_word' id='word_1_172' title='bbox 867 1998 998 2077; x_wconf 84' lang='lat' dir='ltr'><strong>paouniia</strong></span> <span class='ocrx_word' id='word_1_173' title='bbox 1018 1995 1130 2058; x_wconf 86' lang='lat' dir='ltr'><strong>aeerlra</strong></span> <span class='ocrx_word' id='word_1_174' title='bbox 1154 2012 1206 2074; x_wconf 89' lang='lat' dir='ltr'><strong>per</strong></span> <span class='ocrx_word' id='word_1_175' title='bbox 1239 2067 1240 2076; x_wconf 8' lang='grc' dir='ltr'>ἵ</span> 
     </span>
     <span class='ocr_line' id='line_1_23' title="bbox 200 2078 1240 2162; baseline -0.002 -22"><span class='ocrx_word' id='word_1_176' title='bbox 200 2080 354 2158; x_wconf 85' lang='lat' dir='ltr'><strong>munioipia</strong></span> <span class='ocrx_word' id='word_1_177' title='bbox 380 2080 586 2160; x_wconf 76' lang='lat' dir='ltr'><strong>conquirendis</strong></span> <span class='ocrx_word' id='word_1_178' title='bbox 610 2081 675 2160; x_wconf 90' lang='lat' dir='ltr'><strong>plus</strong></span> <span class='ocrx_word' id='word_1_179' title='bbox 697 2081 824 2142; x_wconf 83' lang='lat' dir='ltr'><strong>invidiae</strong></span> <span class='ocrx_word' id='word_1_180' title='bbox 847 2097 931 2158; x_wconf 88' lang='lat' dir='ltr'><strong>quam</strong></span> <span class='ocrx_word' id='word_1_181' title='bbox 955 2081 1058 2140; x_wconf 82' lang='lat' dir='ltr'><strong>virium</strong></span> <span class='ocrx_word' id='word_1_182' title='bbox 1074 2078 1206 2162; x_wconf 85' lang='lat' dir='ltr'><strong>partibus</strong></span> <span class='ocrx_word' id='word_1_183' title='bbox 1239 2109 1240 2112; x_wconf 35' lang='lat'>¹</span> 
     </span>
     <span class='ocr_line' id='line_1_24' title="bbox 200 2162 1026 2224; baseline -0.001 0"><span class='ocrx_word' id='word_1_184' title='bbox 200 2162 334 2224; x_wconf 86' lang='lat' dir='ltr'><strong>addebat.</strong></span> <span class='ocrx_word' id='word_1_185' title='bbox 1025 2191 1026 2195; x_wconf 40' lang='lat'>¹</span> 
     </span>
     <span class='ocr_line' id='line_1_25' title="bbox 126 2245 1201 2326; baseline -0.005 -19"><span class='ocrx_word' id='word_1_186' title='bbox 126 2249 312 2307; x_wconf 36' lang='lat' dir='ltr'><strong>‘ben-..eall</strong></span> <span class='ocrx_word' id='word_1_187' title='bbox 335 2247 451 2308; x_wconf 86' lang='lat' dir='ltr'><strong>iuterim</strong></span> <span class='ocrx_word' id='word_1_188' title='bbox 472 2248 509 2308; x_wconf 92' lang='lat' dir='ltr'><strong>ad</strong></span> <span class='ocrx_word' id='word_1_189' title='bbox 530 2248 560 2307; x_wconf 79' lang='lat' dir='ltr'><strong>t.</strong></span> <span class='ocrx_word' id='word_1_190' title='bbox 590 2245 738 2307; x_wconf 85' lang='lat' dir='ltr'><strong>Vitellium</strong></span> <span class='ocrx_word' id='word_1_191' title='bbox 761 2252 868 2306; x_wconf 86' lang='lat' dir='ltr'><strong>&#39;servus</strong></span> <span class='ocrx_word' id='word_1_192' title='bbox 891 2246 1023 2325; x_wconf 89' lang='lat' dir='ltr'><strong>Verginii</strong></span> <span class='ocrx_word' id='word_1_193' title='bbox 1052 2245 1201 2326; x_wconf 70' lang='lat' dir='ltr'><strong>Capitonis</strong></span> 
     </span>
     <span class='ocr_line' id='line_1_26' title="bbox 200 2327 1199 2409; baseline -0.002 -19"><span class='ocrx_word' id='word_1_194' title='bbox 200 2330 328 2409; x_wconf 79' lang='lat' dir='ltr'><strong>perfugit</strong></span> <span class='ocrx_word' id='word_1_195' title='bbox 343 2329 566 2407; x_wconf 71' lang='lat' dir='ltr'><strong>pollicitusque,</strong></span> <span class='ocrx_word' id='word_1_196' title='bbox 588 2332 612 2389; x_wconf 91' lang='lat' dir='ltr'><strong>si</strong></span> <span class='ocrx_word' id='word_1_197' title='bbox 635 2327 811 2408; x_wconf 83' lang='lat' dir='ltr'><strong>praesidinm</strong></span> <span class='ocrx_word' id='word_1_198' title='bbox 825 2331 993 2409; x_wconf 85' lang='lat' dir='ltr'><strong>aeoiperet,</strong></span> <span class='ocrx_word' id='word_1_199' title='bbox 1015 2349 1137 2392; x_wconf 78' lang='lat' dir='ltr'><strong>vaduam</strong></span> <span class='ocrx_word' id='word_1_200' title='bbox 1160 2346 1199 2388; x_wconf 89' lang='lat' dir='ltr'><strong>ar·</strong></span> 
     </span>
     <span class='ocr_line' id='line_1_27' title="bbox 201 2412 1199 2493; baseline -0.005 -19"><span class='ocrx_word' id='word_1_201' title='bbox 201 2432 264 2474; x_wconf 87' lang='lat' dir='ltr'><strong>aem</strong></span> <span class='ocrx_word' id='word_1_202' title='bbox 291 2412 475 2490; x_wconf 89' lang='lat' dir='ltr'><strong>traditurum,</strong></span> <span class='ocrx_word' id='word_1_203' title='bbox 506 2412 594 2473; x_wconf 88' lang='lat' dir='ltr'><strong>multa</strong></span> <span class='ocrx_word' id='word_1_204' title='bbox 619 2422 708 2473; x_wconf 81' lang='lat' dir='ltr'><strong>noete</strong></span> <span class='ocrx_word' id='word_1_205' title='bbox 740 2412 878 2475; x_wconf 79' lang='lat' dir='ltr'><strong>eohortes</strong></span> <span class='ocrx_word' id='word_1_206' title='bbox 906 2415 1058 2493; x_wconf 85' lang='lat' dir='ltr'><strong>expeditas</strong></span> <span class='ocrx_word' id='word_1_207' title='bbox 1085 2412 1199 2476; x_wconf 89' lang='lat' dir='ltr'><strong>summis</strong></span> 
     </span>
     <span class='ocr_line' id='line_1_28' title="bbox 198 2497 1198 2575; baseline -0.002 -19"><span class='ocrx_word' id='word_1_208' title='bbox 198 2498 335 2556; x_wconf 90' lang='lat' dir='ltr'><strong>montium</strong></span> <span class='ocrx_word' id='word_1_209' title='bbox 351 2497 428 2574; x_wconf 84' lang='lat' dir='ltr'><strong>iugis</strong></span> <span class='ocrx_word' id='word_1_210' title='bbox 444 2513 533 2575; x_wconf 86' lang='lat' dir='ltr'><strong>super</strong></span> <span class='ocrx_word' id='word_1_211' title='bbox 549 2506 636 2575; x_wconf 82' lang='lat' dir='ltr'><strong>eaput</strong></span> <span class='ocrx_word' id='word_1_212' title='bbox 649 2497 773 2557; x_wconf 89' lang='lat' dir='ltr'><strong>hostiurn</strong></span> <span class='ocrx_word' id='word_1_213' title='bbox 789 2498 875 2558; x_wconf 85' lang='lat' dir='ltr'><strong>sistit.</strong></span> <span class='ocrx_word' id='word_1_214' title='bbox 902 2498 969 2558; x_wconf 90' lang='lat' dir='ltr'><strong>iude</strong></span> <span class='ocrx_word' id='word_1_215' title='bbox 984 2498 1068 2559; x_wconf 85' lang='lat' dir='ltr'><strong>miles</strong></span> <span class='ocrx_word' id='word_1_216' title='bbox 1083 2498 1121 2558; x_wconf 90' lang='lat' dir='ltr'><strong>ad</strong></span> <span class='ocrx_word' id='word_1_217' title='bbox 1136 2513 1198 2558; x_wconf 87' lang='lat' dir='ltr'><strong>oae-</strong></span> 
     </span>
     <span class='ocr_line' id='line_1_29' title="bbox 175 2577 1198 2659; baseline -0.003 -18"><span class='ocrx_word' id='word_1_218' title='bbox 175 2581 264 2641; x_wconf 74' lang='lat' dir='ltr'><strong>odem</strong></span> <span class='ocrx_word' id='word_1_219' title='bbox 278 2581 372 2658; x_wconf 90' lang='lat' dir='ltr'><strong>magis</strong></span> <span class='ocrx_word' id='word_1_220' title='bbox 387 2597 471 2658; x_wconf 72' lang='grc' dir='ltr'>ᾳιιιιιιι</span> <span class='ocrx_word' id='word_1_221' title='bbox 492 2580 528 2641; x_wconf 94' lang='lat' dir='ltr'><strong>ad</strong></span> <span class='ocrx_word' id='word_1_222' title='bbox 549 2597 675 2659; x_wconf 89' lang='lat' dir='ltr'><strong>pugnam</strong></span> <span class='ocrx_word' id='word_1_223' title='bbox 698 2577 837 2641; x_wconf 58' lang='lat' dir='ltr'><strong>decurrit,</strong></span> <span class='ocrx_word' id='word_1_224' title='bbox 867 2589 999 2642; x_wconf 84' lang='lat' dir='ltr'><strong>sternunt</strong></span> <span class='ocrx_word' id='word_1_225' title='bbox 1012 2582 1140 2644; x_wconf 87' lang='lat' dir='ltr'><strong>inermos</strong></span> <span class='ocrx_word' id='word_1_226' title='bbox 1155 2584 1198 2640; x_wconf 87' lang='lat' dir='ltr'><strong>aut</strong></span> 
     </span>
     <span class='ocr_line' id='line_1_30' title="bbox 199 2663 1195 2743; baseline -0.004 -19"><span class='ocrx_word' id='word_1_227' title='bbox 199 2682 278 2724; x_wconf 88' lang='lat' dir='ltr'><strong>arma</strong></span> <span class='ocrx_word' id='word_1_228' title='bbox 297 2665 465 2743; x_wconf 78' lang='lat' dir='ltr'><strong>capientes,</strong></span> <span class='ocrx_word' id='word_1_229' title='bbox 485 2674 514 2724; x_wconf 89' lang='lat' dir='ltr'><strong>et</strong></span> <span class='ocrx_word' id='word_1_230' title='bbox 534 2664 677 2742; x_wconf 87' lang='lat' dir='ltr'><strong>quosdam</strong></span> <span class='ocrx_word' id='word_1_231' title='bbox 695 2681 798 2724; x_wconf 88' lang='lat' dir='ltr'><strong>somno</strong></span> <span class='ocrx_word' id='word_1_232' title='bbox 820 2666 952 2742; x_wconf 77' lang='lat' dir='ltr'><strong>enoitos,</strong></span> <span class='ocrx_word' id='word_1_233' title='bbox 974 2683 1038 2726; x_wconf 89' lang='lat' dir='ltr'><strong>ounr</strong></span> <span class='ocrx_word' id='word_1_234' title='bbox 1059 2663 1195 2732; x_wconf 85' lang='lat' dir='ltr'><strong>tenebris,</strong></span> 
     </span>
     <span class='ocr_line' id='line_1_31' title="bbox 198 2742 1195 2827; baseline -0.007 -19"><span class='ocrx_word' id='word_1_235' title='bbox 198 2765 325 2826; x_wconf 84' lang='lat' dir='ltr'><strong>pavore,</strong></span> <span class='ocrx_word' id='word_1_236' title='bbox 350 2748 444 2808; x_wconf 85' lang='lat' dir='ltr'><strong>sonitu</strong></span> <span class='ocrx_word' id='word_1_237' title='bbox 462 2746 612 2824; x_wconf 90' lang='lat' dir='ltr'><strong>tubarum,</strong></span> <span class='ocrx_word' id='word_1_238' title='bbox 635 2748 764 2808; x_wconf 82' lang='lat' dir='ltr'><strong>elamore</strong></span> <span class='ocrx_word' id='word_1_239' title='bbox 778 2748 878 2810; x_wconf 79' lang='lat' dir='ltr'><strong>hostili</strong></span> <span class='ocrx_word' id='word_1_240' title='bbox 893 2749 1087 2810; x_wconf 81' lang='lat' dir='ltr'><strong>turbarentur.</strong></span> <span class='ocrx_word' id='word_1_241' title='bbox 1114 2742 1195 2827; x_wconf 87' lang='lat' dir='ltr'><strong>pauni</strong></span> 
     </span>
     <span class='ocr_line' id='line_1_32' title="bbox 198 2831 1195 2910; baseline -0.002 -20"><span class='ocrx_word' id='word_1_242' title='bbox 198 2831 387 2909; x_wconf 80' lang='lat' dir='ltr'><strong>gladiatorum</strong></span> <span class='ocrx_word' id='word_1_243' title='bbox 399 2831 680 2910; x_wconf 82' lang='lat' dir='ltr'><strong>resistentes-neque</strong></span> <span class='ocrx_word' id='word_1_244' title='bbox 691 2831 774 2892; x_wconf 88' lang='lat' dir='ltr'><strong>inulti</strong></span> <span class='ocrx_word' id='word_1_245' title='bbox 787 2831 938 2894; x_wconf 77' lang='lat' dir='ltr'><strong>decidere:</strong></span> <span class='ocrx_word' id='word_1_246' title='bbox 955 2833 1046 2894; x_wconf 82' lang='lat' dir='ltr'><strong>aeteri</strong></span> <span class='ocrx_word' id='word_1_247' title='bbox 1060 2833 1097 2894; x_wconf 92' lang='lat' dir='ltr'><strong>ad</strong></span> <span class='ocrx_word' id='word_1_248' title='bbox 1107 2843 1195 2892; x_wconf 34' lang='lat' dir='ltr'><strong>*uates</strong></span> 
     </span>
     <span class='ocr_line' id='line_1_33' title="bbox 198 2911 1193 2995; baseline -0.006 -21"><span class='ocrx_word' id='word_1_249' title='bbox 198 2913 335 2995; x_wconf 90' lang='lat' dir='ltr'><strong>ruebant,</strong></span> <span class='ocrx_word' id='word_1_250' title='bbox 357 2912 407 2974; x_wconf 89' lang='lat' dir='ltr'><strong>ubi</strong></span> <span class='ocrx_word' id='word_1_251' title='bbox 423 2924 525 2975; x_wconf 85' lang='lat' dir='ltr'><strong>cuneta</strong></span> <span class='ocrx_word' id='word_1_252' title='bbox 545 2916 609 2994; x_wconf 85' lang='lat' dir='ltr'><strong>pari</strong></span> <span class='ocrx_word' id='word_1_253' title='bbox 632 2915 785 2976; x_wconf 79' lang='lat' dir='ltr'><strong>formidine</strong></span> <span class='ocrx_word' id='word_1_254' title='bbox 799 2915 1028 2994; x_wconf 76' lang='lat' dir='ltr'><strong>inplicabantur,</strong></span> <span class='ocrx_word' id='word_1_255' title='bbox 1049 2911 1193 2995; x_wconf 86' lang='lat' dir='ltr'><strong>permixtis</strong></span> 
     </span>
     <span class='ocr_line' id='line_1_34' title="bbox 165 2997 1193 3077; baseline 0.001 -25"><span class='ocrx_word' id='word_1_256' title='bbox 165 3010 189 3054; x_wconf 82' lang='grc' dir='ltr'><strong>ιι</strong></span> <span class='ocrx_word' id='word_1_257' title='bbox 200 2999 339 3076; x_wconf 87' lang='lat' dir='ltr'><strong>paganis,</strong></span> <span class='ocrx_word' id='word_1_258' title='bbox 370 3014 445 3077; x_wconf 88' lang='lat' dir='ltr'><strong>qnos</strong></span> <span class='ocrx_word' id='word_1_259' title='bbox 465 2998 546 3058; x_wconf 91' lang='lat' dir='ltr'><strong>nullo</strong></span> <span class='ocrx_word' id='word_1_260' title='bbox 567 2997 731 3060; x_wconf 78' lang='lat' dir='ltr'><strong>discrimine</strong></span> <span class='ocrx_word' id='word_1_261' title='bbox 754 2999 903 3061; x_wconf 88' lang='lat' dir='ltr'><strong>Vitelliani</strong></span> <span class='ocrx_word' id='word_1_262' title='bbox 923 2999 1114 3062; x_wconf 82' lang='lat' dir='ltr'><strong>trucidabant.</strong></span> <span class='ocrx_word' id='word_1_263' title='bbox 1144 3011 1193 3056; x_wconf 88' lang='lat' dir='ltr'><strong>sex</strong></span> 
     </span>
     <span class='ocr_line' id='line_1_35' title="bbox 198 3081 1194 3164; baseline -0.009 -21"><span class='ocrx_word' id='word_1_264' title='bbox 198 3081 370 3143; x_wconf 82' lang='lat' dir='ltr'><strong>Libuminae</strong></span> <span class='ocrx_word' id='word_1_265' title='bbox 382 3083 458 3143; x_wconf 89' lang='lat' dir='ltr'><strong>inter</strong></span> <span class='ocrx_word' id='word_1_266' title='bbox 468 3083 588 3161; x_wconf 87' lang='lat' dir='ltr'><strong>primum</strong></span> <span class='ocrx_word' id='word_1_267' title='bbox 600 3082 747 3144; x_wconf 90' lang='lat' dir='ltr'><strong>tumultum</strong></span> <span class='ocrx_word' id='word_1_268' title='bbox 760 3101 898 3162; x_wconf 84' lang='lat' dir='ltr'><strong>evasere,</strong></span> <span class='ocrx_word' id='word_1_269' title='bbox 913 3084 944 3144; x_wconf 87' lang='lat' dir='ltr'><strong>in</strong></span> <span class='ocrx_word' id='word_1_270' title='bbox 955 3083 1194 3164; x_wconf 86' lang='lat' dir='ltr'><strong>quiapraeientus</strong></span> 
     </span>
     <span class='ocr_line' id='line_1_36' title="bbox 200 3164 1192 3248; baseline -0.002 -22"><span class='ocrx_word' id='word_1_271' title='bbox 200 3165 303 3226; x_wconf 83' lang='lat' dir='ltr'><strong>elassis</strong></span> <span class='ocrx_word' id='word_1_272' title='bbox 321 3164 517 3244; x_wconf 78' lang='lat' dir='ltr'><strong>Apollinaris3</strong></span> <span class='ocrx_word' id='word_1_273' title='bbox 534 3165 704 3246; x_wconf 86' lang='lat' dir='ltr'><strong>reliquaain</strong></span> <span class='ocrx_word' id='word_1_274' title='bbox 716 3167 802 3230; x_wconf 89' lang='lat' dir='ltr'><strong>litore</strong></span> <span class='ocrx_word' id='word_1_275' title='bbox 819 3176 939 3248; x_wconf 83' lang='lat' dir='ltr'><strong>oaptae,</strong></span> <span class='ocrx_word' id='word_1_276' title='bbox 955 3177 1003 3228; x_wconf 83' lang='lat' dir='ltr'><strong>aut</strong></span> <span class='ocrx_word' id='word_1_277' title='bbox 1016 3167 1102 3228; x_wconf 80' lang='lat' dir='ltr'><strong>nimio</strong></span> <span class='ocrx_word' id='word_1_278' title='bbox 1114 3179 1192 3226; x_wconf 89' lang='lat' dir='ltr'><strong>ruen-</strong></span> 
     </span>
    </p>
   </div>
   <div class='ocr_carea' id='block_1_2' title="bbox 165 3229 1240 3500">
    <p class='ocr_par' dir='ltr' id='par_1_2' title="bbox 165 3229 1240 3500">
     <span class='ocr_line' id='line_1_37' title="bbox 199 3229 1240 3328; baseline 0.004 -20"><span class='ocrx_word' id='word_1_279' title='bbox 199 3251 267 3308; x_wconf 90' lang='lat' dir='ltr'><strong>tium</strong></span> <span class='ocrx_word' id='word_1_280' title='bbox 287 3267 378 3310; x_wconf 88' lang='lat' dir='ltr'><strong>onere</strong></span> <span class='ocrx_word' id='word_1_281' title='bbox 399 3267 519 3328; x_wconf 71' lang='lat' dir='ltr'><strong>pressam</strong></span> <span class='ocrx_word' id='word_1_282' title='bbox 540 3267 619 3311; x_wconf 88' lang='lat' dir='ltr'><strong>mare</strong></span> <span class='ocrx_word' id='word_1_283' title='bbox 642 3247 760 3311; x_wconf 72' lang='lat' dir='ltr'><strong>hausit</strong></span> <span class='ocrx_word' id='word_1_284' title='bbox 784 3249 911 3313; x_wconf 88' lang='lat' dir='ltr'><strong>lulianus</strong></span> <span class='ocrx_word' id='word_1_285' title='bbox 941 3251 976 3314; x_wconf 89' lang='lat' dir='ltr'><strong>ad</strong></span> <span class='ocrx_word' id='word_1_286' title='bbox 995 3251 1026 3312; x_wconf 85' lang='lat' dir='ltr'><strong>b.</strong></span> <span class='ocrx_word' id='word_1_287' title='bbox 1050 3247 1190 3310; x_wconf 81' lang='lat' dir='ltr'><strong>vitellium</strong></span> <span class='ocrx_word' id='word_1_288' title='bbox 1239 3229 1240 3312; x_wconf 61' lang='lat' dir='ltr'><strong>l</strong></span> 
     </span>
     <span class='ocr_line' id='line_1_38' title="bbox 198 3331 1240 3414; baseline -0.003 -24"><span class='ocrx_word' id='word_1_289' title='bbox 198 3331 356 3407; x_wconf 84' lang='lat' dir='ltr'><strong>perduntus</strong></span> <span class='ocrx_word' id='word_1_290' title='bbox 371 3341 401 3394; x_wconf 89' lang='lat' dir='ltr'><strong>et</strong></span> <span class='ocrx_word' id='word_1_291' title='bbox 413 3333 585 3394; x_wconf 81' lang='lat' dir='ltr'><strong>verberibus</strong></span> <span class='ocrx_word' id='word_1_292' title='bbox 602 3333 737 3395; x_wconf 89' lang='lat' dir='ltr'><strong>ioedatus</strong></span> <span class='ocrx_word' id='word_1_293' title='bbox 751 3337 847 3396; x_wconf 89' lang='lat' dir='ltr'><strong>inore</strong></span> <span class='ocrx_word' id='word_1_294' title='bbox 861 3335 1087 3414; x_wconf 83' lang='lat' dir='ltr'><strong>eiusiugulatur.</strong></span> <span class='ocrx_word' id='word_1_295' title='bbox 1113 3334 1190 3395; x_wconf 82' lang='lat' dir='ltr'><strong>tuere</strong></span> <span class='ocrx_word' id='word_1_296' title='bbox 1239 3333 1240 3364; x_wconf 71' lang='lat'>³</span> 
     </span>
     <span class='ocr_line' id='line_1_39' title="bbox 165 3413 1240 3500; baseline 0.001 -28"><span class='ocrx_word' id='word_1_297' title='bbox 165 3422 188 3461; x_wconf 82' lang='lat' dir='ltr'><strong>u</strong></span> <span class='ocrx_word' id='word_1_298' title='bbox 199 3415 247 3482; x_wconf 85' lang='lat' dir='ltr'><strong>qui</strong></span> <span class='ocrx_word' id='word_1_299' title='bbox 259 3432 380 3475; x_wconf 86' lang='lat' dir='ltr'><strong>uxorem</strong></span> <span class='ocrx_word' id='word_1_300' title='bbox 393 3415 425 3476; x_wconf 82' lang='lat' dir='ltr'><strong>i.</strong></span> <span class='ocrx_word' id='word_1_301' title='bbox 440 3413 550 3478; x_wconf 86' lang='lat' dir='ltr'><strong>Vitellii</strong></span> <span class='ocrx_word' id='word_1_302' title='bbox 566 3416 706 3479; x_wconf 84' lang='lat' dir='ltr'><strong>&#39;iriariam</strong></span> <span class='ocrx_word' id='word_1_303' title='bbox 720 3418 917 3499; x_wconf 78' lang='lat' dir='ltr'><strong>incesserent,</strong></span> <span class='ocrx_word' id='word_1_304' title='bbox 939 3428 1080 3500; x_wconf 86' lang='lat' dir='ltr'><strong>tamqnam</strong></span> <span class='ocrx_word' id='word_1_305' title='bbox 1095 3413 1188 3496; x_wconf 89' lang='lat' dir='ltr'><strong>gladio</strong></span> <span class='ocrx_word' id='word_1_306' title='bbox 1239 3457 1240 3462; x_wconf 19' lang='grc' dir='ltr'>η</span> 
     </span>
    </p>
   </div>
   <div class='ocr_carea' id='block_1_3' title="bbox 0 0 1288 3870">
    <p class='ocr_par' dir='ltr' id='par_1_3' title="bbox 0 0 1288 3870">
     <span class='ocr_line' id='line_1_40' title="bbox 0 0 1288 3870; baseline 0 8"><span class='ocrx_word' id='word_1_307' title='bbox 0 0 1288 3870; x_wconf 95' lang='lat' dir='ltr'><strong> </strong></span> 
     </span>
    </p>
   </div>
  </div>
 </body>
</html>
