2540 3874
156 186 194 252 et
414 197 579 247 coutuntur
595 195 713 246 unorrr
725 197 907 246 annuorum

157 356 277 435 coargui
293 353 397 436 possit,
412 371 525 432 vosque
540 369 593 413 oro
607 370 655 430 ne,
670 351 737 430 quia
755 350 850 412 dolori
862 368 927 413 meo
941 368 1028 412 eausa
1044 369 1155 412 conexa

157 451 213 517 est,
230 438 346 501 obiecta
362 437 478 498 crimina
493 454 546 516 pro
560 435 731 516 adprobatis
748 436 907 514 accipiatis.
943 435 972 496 oi
993 452 1067 514 quos
1089 451 1155 515 pro·

156 525 279 607 pinquns
294 521 411 600 sanquis
426 530 475 581 ant
490 519 562 584 iides
578 537 628 582 sua
645 529 784 598 patronos
800 520 897 595 dedit,
921 528 1055 599 quantum
1078 520 1156 599 quis·
1243 527 1246 534 '

121 620 215 688 aeque
230 605 397 685 eloquentia
414 613 443 664 et
458 603 638 679 curavalet,
659 605 754 664 iuvate
777 603 1005 682 periclitantem:
1030 603 1066 666 aul
1087 621 1156 664 eun·

156 693 222 754 dero
245 689 392 764 laborem,
414 688 535 751 eandem
557 688 744 751 concientiam
766 696 954 748 accusatores
978 685 1089 746 hortor.
1129 685 1158 746 id

156 776 250 851 solum
269 773 440 834 Germanico
454 789 544 853 snper
558 772 643 849 leges
658 770 903 851 praestiterimus,
928 769 1005 852 quod
1027 772 1056 834 in
1079 771 1157 830 curia

157 859 254 940 potius
277 874 361 937 quam
383 857 412 918 in
432 856 515 932 loro,
537 855 613 935 apud
635 865 763 916 senatum
778 873 868 934 quam
889 853 965 935 apud
987 855 1099 914 indices
1120 852 1158 913 de

156 951 249 1003 morte
264 942 327 1002 eius
341 938 516 1019 anquiritur:
532 947 632 1000 oetera
648 939 710 1017 pari
725 939 866 1000 modestia
878 947 1045 1002 nudentur.
1072 953 1159 1000 nemo

124 1025 245 1088 aoDrusi
261 1025 411 1100 lacrimas,
424 1039 512 1084 vuemo
526 1023 696 1086 maestitiam
711 1039 804 1085 meam
817 1031 951 1104 spectet,
978 1041 1034 1084 uec
1054 1023 1079 1082 si
1101 1039 1160 1102 qua

158 1111 186 1169 in
205 1128 258 1170 nos
273 1109 397 1170 adversa
411 1107 579 1186 linquatur!

221 1194 270 1254 13.
290 1190 374 1254 Exim
397 1190 512 1253 biduum
533 1189 698 1250 criminibus
720 1189 882 1256 obiciendis
908 1191 1042 1254 statuitur
1067 1199 1159 1268 utque

157 1295 212 1338 sex
226 1275 335 1337 dierum
349 1275 446 1354 spatio
461 1274 614 1336 interiecto
631 1291 702 1334 reus
722 1291 778 1354 per
795 1275 919 1338 ¹triduum
940 1274 1159 1338 defenderetur.

158 1370 215 1422 turn
230 1358 377 1421 Fulcinius
400 1368 502 1420 vetera
526 1367 554 1418 et
577 1358 670 1419 inania
691 1357 817 1436 orditur,
839 1358 991 1421 ambitiose
1012 1375 1161 1438 avareque

157 1442 282 1508 babitam
302 1442 482 1524 llispaniam;
504 1442 583 1520 quod
604 1459 699 1520 neque
720 1441 883 1506 convictum
909 1459 1004 1506 noxae
1029 1457 1099 1518 reo,
1134 1443 1160 1502 si

134 1529 286 1593 trecentis
301 1535 456 1606 purgaret,
466 1543 568 1605 ‚neque
584 1524 734 1590 defensum
750 1526 925 1587 absolutioni
939 1535 1019 1603 erat,
1033 1525 1060 1587 si
1075 1535 1160 1586 tene·

157 1621 237 1674 retur
251 1609 406 1672 maioribus
421 1609 548 1688 flagitiis.
580 1619 648 1689 post
663 1629 748 1691 quero
764 1611 911 1671 Servaeus
928 1619 958 1672 et
971 1609 1114 1671 Veranius
1129 1620 1161 1670 et

156 1694 292 1756 Vitellius
307 1693 450 1754 consimili
465 1692 576 1770 studio,
598 1702 629 1755 et
642 1695 730 1755 multa
751 1694 916 1773 eloquentia
930 1693 1083 1771 Vitellius,
1107 1693 1161 1756 ob·

157 1780 255 1840 iecere
271 1776 338 1839 odio
352 1776 513 1838 Germanioi
529 1786 559 1839 et
569 1795 665 1838 rerum
678 1794 816 1838 novarum
833 1777 928 1838 studio
946 1777 1080 1838 Pisonem
1096 1777 1161 1838 vul·
1261 1833 1262 1856 ,

157 1879 211 1941 qut
224 1859 344 1922 mibtum
360 1879 413 1940 per
428 1861 574 1924 licentiam
590 1871 620 1922 et
633 1861 780 1924 sociorum
794 1860 912 1922 iniurias
928 1878 964 1922 eo
980 1879 1073 1940 usqne
1091 1879 1161 1924 oon·
1261 1857 1262 1866 ³

123 1965 148 2008 ro
157 1946 290 2024 rupisse,
307 1952 338 2004 ut
352 1961 458 2024 parens
471 1944 622 2023 legionum
636 1962 653 2004 a
670 1943 832 2006 deterrimis
857 1944 1071 2025 appellantem
1088 1962 1161 2006 oon·

156 2038 199 2091 tra
217 2029 246 2088 in
261 2029 397 2108 optimum
414 2047 569 2108 quemque,
586 2029 708 2090 maxime
727 2029 755 2090 iu
771 2029 892 2090 comites
913 2039 943 2090 et
963 2030 1072 2092 amicos
1087 2028 1161 2092 (ier-

155 2113 258 2174 manici
284 2111 430 2182 saerissm
460 2122 610 2192 postremo
633 2113 726 2194 ipsum
754 2111 960 2177 deuotionibus
987 2123 1016 2174 et
1044 2131 1160 2173 veneno
1260 2117 1261 2156 ³

157 2197 332 2276 peremisse;
352 2212 438 2258 sacra
453 2195 519 2260 hinc
535 2206 564 2260 et
579 2196 790 2260 immolationes
804 2197 947 2260 miandas
963 2197 1056 2278 ipsius
1072 2206 1159 2276 atque
1260 2239 1261 2242 ,

156 2279 321 2351 Plancinae,
340 2279 558 2358 petitamarmls
574 2280 812 2361 rempublicam,
829 2290 918 2361 utque
932 2299 1000 2346 reue
1021 2281 1069 2358 aqi
1091 2296 1160 2360 pos·

123 2383 148 2425 rr
159 2375 215 2442 set,
228 2364 293 2426 acie
312 2364 426 2426 victum.
945 2407 949 2422 .

223 2450 272 2512 14.
296 2445 438 2509 Defensio
453 2447 483 2507 in
504 2449 610 2526 ceteris
632 2449 803 2529 trepidavit;
826 2468 889 2510 narn
912 2466 1008 2528 neque
1028 2443 1159 2507 ambitio·
1259 2451 1260 2492 i

156 2550 222 2593 uem
236 2531 389 2594 militarem
401 2547 500 2610 neque
515 2533 694 2610 prouinciam
715 2534 844 2614 pessimo
866 2535 969 2612 cuique
994 2528 1160 2606 obnoxiam,

87 2621 100 2632 “
157 2635 194 2678 ue
212 2613 400 2678 contumelias
415 2613 531 2694 quidem
548 2615 701 2678 adversum
718 2618 920 2697 imperatorem
941 2609 1055 2676 initiari
1075 2622 1160 2693 pote·

157 2709 217 2764 rat:
241 2698 337 2760 solum
351 2698 456 2760 veneni
472 2698 580 2760 crimen
594 2701 735 2764 risus-est
750 2702 880 2778 diluisse,
896 2698 973 2781 quod
989 2717 1025 2762 ue
1040 2714 1161 2762 accusa·

135 2793 240 2848 stores
264 2781 378 2862 quiden
400 2781 473 2846 satie
495 2782 659 2862 llrtnabaut,
680 2787 708 2846 iu
727 2786 860 2847 convivio
883 2782 1063 2859 Germanioi,
1096 2800 1161 2844 cum

155 2885 246 2947 super
262 2884 327 2928 eum
347 2863 414 2926 Piso
430 2866 636 2946 discumberet,
652 2869 777 2932 iniectos
792 2868 922 2931 manibus
940 2869 1003 2930 eins
1019 2867 1101 2929 cibos
1115 2883 1159 2926 ar·

155 2961 288 3030 quentes.
318 2949 427 3034 quippe
443 2949 597 3012 absurdum
614 2952 766 3014 ridebatur
787 2955 861 3013 iuter
882 2951 977 3014 aliena
997 2949 1113 3012 servitia
1129 2956 1159 3006 et

155 3044 199 3098 tot
213 3035 385 3097 adstantium
397 3033 471 3111 man,
487 3035 552 3115 ipso
565 3035 736 3098 Germanico
753 3055 867 3113 coram,
883 3035 1038 3106 idoneum:
1055 3033 1159 3096 olfere-
1258 3051 1259 3084 1

155 3118 263 3198 batque
277 3115 415 3180 familiam
429 3135 498 3180 reus
516 3127 545 3180 et
557 3121 704 3180 ministros
721 3115 904 3182 irutormenta
919 3119 1076 3198 flagitabat.
1107 3115 1160 3176 sed

121 3203 270 3265 toiudices
284 3219 339 3282 per
355 3200 476 3264 diversa
486 3201 678 3282 inplacabiles
691 3213 783 3282 eraut,
797 3201 908 3265 Caesar
921 3203 959 3264 ob
972 3202 1079 3266 bellum
1093 3217 1160 3281 pro·

156 3287 269 3347 vinciae
283 3284 416 3360 inlatum,
443 3295 560 3347 senatus
583 3304 734 3367 numquam
754 3289 825 3350 satis
847 3287 958 3349 credito
979 3288 1042 3348 sine
1058 3282 1162 3346 lraude
1257 3357 1258 3364 ἵ

158 3366 357 3430 Germanicum
372 3369 516 3432 interisse.
547 3370 586 3411 **
609 3371 798 3450 scripsissent
820 3369 1057 3451 expostulantes,
1081 3368 1160 3450 quod

67 3495 68 3498 η
152 3447 228 3510 band
246 3452 337 3512 minus
353 3449 485 3514 Tiberius
502 3470 585 3532 quarn
601 3453 668 3515 l’iso
689 3454 826 3517 abunere.
865 3454 949 3516 sintul
971 3453 1071 3554 populi
1093 3460 1161 3514 ante
1257 3453 1258 3464 ²
