2596 3872
455 146 559 194 maun
570 147 628 196 xv.
642 147 716 196 car.
728 147 849 200 11—1‘5.
1090 141 1158 204 28⁹

144 300 340 365 consuluisse.
380 319 436 381 qua
458 300 663 382 desperatione
691 304 838 364 exercitus
859 303 916 364 dux
936 273 1073 368 subactus
1093 307 1154 387 pri·

23 441 28 446 .
145 405 210 447 mas
226 395 321 446 tamen
337 384 437 446 literas
450 386 487 447 ad
498 387 671 465 Vologesen
686 405 744 448 non
757 389 916 469 supplices,
933 391 985 450 sed
997 393 1026 450 in
1037 391 1151 452 modum

147 471 298 550 querentis
322 472 501 548 composuit,
528 470 605 549 quod
625 488 681 551 pro
701 471 846 532 Armeniis
868 491 985 552 semper
1000 475 1154 536 Romanae

147 554 272 615 dicionis
286 561 334 614 aut
349 554 488 614 subiectis
503 556 579 632 regi,
597 573 682 634 quem
696 558 856 635 imperator
871 557 1045 634 delegisset,
1061 560 1152 618 hosti-

146 639 185 700 lia
206 637 333 698 fuceret:
362 655 464 718 paoem
488 656 526 698 ex
548 655 642 718 aequo
663 639 775 710 utilem;
798 657 836 700 ue
855 644 1022 720 praesentia
1042 651 1148 704 tantum
1161 657 1192 699 ts

145 729 307 802 spectaret.
336 723 430 802 ipsum
452 721 592 783 adversus
615 723 686 785 duas
706 722 842 801 legiones
858 725 926 786 totis
941 727 1026 801 regni
1040 726 1153 786 viribus

142 805 319 868 advenisse:
335 815 364 866 at
377 805 516 868 Romanis
531 807 632 868 orbem
647 816 788 868 terrarum
801 807 952 886 reliquum,
969 827 1026 887 quo
1043 809 1152 870 bellum

143 893 289 952 iuvarent.

69 965 74 972 ’
209 975 259 1034 14.
280 973 327 1036 Ad
350 993 385 1036 ea
399 973 570 1053 Vologeses
586 975 656 1035 nibil
678 993 733 1055 pro
755 994 857 1054 causa,
880 976 931 1037 sed
952 977 1153 1058 opperiendos

142 1057 202 1139 sibi
217 1058 322 1120 iratres
337 1058 478 1120 Pacorum
493 1077 529 1120 ac
540 1059 687 1121 Tiridaten
699 1062 865 1140 rescripsit;
881 1060 960 1122 illum
972 1062 1068 1122 locum
1079 1070 1151 1122 tem-

143 1159 261 1224 pusque
277 1143 400 1205 consilio
418 1141 605 1220 destinatum,
624 1143 692 1222 quid
707 1143 744 1204 de
759 1143 896 1204 Armenia
914 1155 1083 1216 cernerent;
1102 1147 1151 1208 ad·

143 1229 255 1288 iecisse
269 1226 342 1289 deos
360 1227 477 1306 dignum
492 1227 707 1305 Arsacidarum,
724 1229 807 1292 simul
821 1236 852 1287 ut
863 1229 900 1288 de
912 1229 1080 1306 legionibus
1090 1231 1151 1291 llo-

143 1312 237 1373 manis
259 1320 428 1374 statuerent.
458 1312 538 1372 missi
560 1311 684 1391 posthac
705 1312 795 1373 Paeto
816 1313 907 1372 nuntii
928 1322 958 1373 et
977 1315 1058 1390 regis
1081 1333 1180 1376 con-c

145 1397 274 1476 loquium
290 1397 427 1476 petitum,
451 1397 500 1476 qui
514 1396 650 1456 Vasacen
670 1395 850 1473 praefectum
867 1397 1010 1476 equitatus
1030 1398 1073 1457 ire
1093 1401 1151 1458 ius·

147 1480 196 1540 sit.
224 1488 282 1540 tom
296 1479 404 1541 Paetus
419 1479 571 1558 Lucullos,
587 1479 745 1558 Pompeios
762 1487 792 1539 et
806 1481 830 1539 si
843 1496 899 1558 qua
915 1478 1059 1541 Caesares
1075 1483 1150 1561 opti-

143 1562 259 1624 nendae
285 1563 475 1626 donandaeve
497 1563 654 1624 Armeniae
674 1571 812 1641 egerant,
841 1565 975 1624 Vasaces
997 1566 1151 1642 imaginem

144 1647 288 1710 retinendi
303 1648 486 1726 largiendive
500 1665 593 1727 penes
607 1664 672 1724 nos,
687 1649 746 1707 vim
759 1664 851 1727 penes
864 1646 988 1709 Parthos
999 1657 1150 1710 memorat.
1208 1665 1210 1670 ·

143 1741 175 1794 et
187 1731 305 1792 multum
319 1734 349 1792 in
362 1733 457 1794 ricem
471 1731 645 1811 disceptato,
662 1729 842 1792 Monobazus
849 1731 1018 1794 Adiabenus
1033 1735 1061 1793 in
1073 1732 1148 1793 diem
1160 1757 1188 1798 ra

143 1824 296 1897 posterum
317 1817 401 1877 testis
424 1818 460 1876 iis
483 1833 557 1896 quae
581 1816 767 1896 pepigissent
792 1814 952 1876 adhibetur.
984 1817 1151 1898 placuitque

144 1899 265 1961 libemri
288 1898 402 1962 obsidio
423 1899 558 1977 legiones
574 1908 603 1961 et
619 1899 766 1960 decedere
782 1915 894 1961 omnem
912 1899 1030 1961 militem
1046 1901 1152 1962 fluibus

121 2021 123 2025 ,
144 1984 349 2045 Armeniorum
373 1983 553 2062 castellaque
581 1992 611 2042 et
638 1991 816 2044 commeatus
834 1983 948 2045 Parthis
971 1983 1062 2063 tradi,
1089 1985 1151 2066 qoi-

145 2067 202 2128 bus
224 2067 401 2148 perpetratis
424 2069 511 2147 copia
530 2066 676 2143 Vologesi
700 2068 784 2128 lieret
804 2067 934 2128 mittendi
953 2068 991 2128 ad
1003 2067 1152 2129 Neronem

144 2151 273 2230 legatos.

209 2235 258 2295 15.
283 2233 401 2296 Interim
416 2234 523 2296 domini
537 2235 679 2296 Arsaniae
696 2236 737 2314 (is
754 2243 848 2297 castra
865 2234 1062 2314 praefluebat)
1079 2253 1150 2316 pon·
1172 2276 1255 2301 ...-

142 2330 203 2381 tem
218 2321 370 2399 imposuit,
394 2319 496 2399 specie
518 2319 574 2379 sibi
594 2319 665 2379 illud
685 2321 741 2379 iter
756 2317 954 2398 expedientis,
979 2318 1032 2379 sed
1052 2319 1150 2380 Parthi

144 2404 228 2484 quasi
244 2404 444 2466 documentum
458 2404 601 2464 victoriae
616 2404 774 2472 iusserant;
799 2420 922 2481 namque
943 2405 978 2462 iis
998 2405 1062 2462 usui
1086 2403 1149 2480 fuit,

143 2489 237 2550 nostri
258 2505 311 2568 per
334 2487 479 2549 diversum
498 2489 570 2549 iere.
604 2486 720 2547 addidit
735 2502 834 2546 rumor.
853 2485 906 2546 sub
926 2487 1025 2565 iugum
1045 2489 1149 2548 missas

142 2573 280 2652 legiones
302 2581 332 2634 et
352 2571 408 2635 alia
429 2590 467 2632 ex
488 2570 577 2632 rebus
597 2571 743 2648 infaustis,
767 2588 889 2650 quorum
909 2570 1093 2632 simulacrum
1112 2570 1176 2631 abs

143 2657 291 2719 Armeniis
304 2665 472 2736 usurpatum
487 2663 542 2716 est.
568 2673 691 2734 namque
708 2663 737 2714 et
747 2656 920 2716 munimenta
933 2655 1060 2732 ingressi
1073 2665 1149 2732 suut,

140 2750 300 2820 antequam
315 2759 420 2820 agmen
435 2738 595 2801 Romanum
611 2737 780 2814 excederet,
796 2747 826 2798 st
840 2741 1060 2800 circumstetere
1075 2739 1151 2814 vias,

144 2827 260 2905 captiva
286 2825 354 2887 olim
373 2825 518 2904 mancipia
538 2833 587 2884 aut
607 2823 732 2885 iumenta
747 2821 964 2900 adgnoscentes
979 2821 1149 2884 abstrahen-

141 2919 259 2987 tesqua.
290 2918 393 2990 raptae
407 2911 493 2969 etiam
507 2917 623 2985 vestes,
645 2915 758 2968 retentu
773 2923 868 2984 arma,
889 2905 997 2986 parido
1012 2907 1105 2968 milite
1120 2916 1150 2967 et

17 2996 31 3044 't
144 2990 343 3070 concedente,
365 3011 402 3053 ne
422 3011 478 3072 qua
502 2992 609 3073 proelii
630 3009 717 3052 causa
738 2991 886 3052 existeret.
917 2991 1088 3070 Vologeses
1101 3008 1185 3052 arro

140 3078 197 3138 mis
214 3085 243 3137 et
259 3077 434 3157 corporibus
449 3092 601 3138 caesorum
618 3076 783 3153 aggeratis,
805 3092 863 3154 quo
885 3073 998 3136 cladem
1017 3083 1148 3136 nostram

140 3169 319 3240 testaretur,
340 3161 404 3222 risu
426 3160 596 3240 fugientium
617 3159 765 3237 legionum
785 3158 930 3221 abstinuit.
960 3158 1036 3220 lama
1049 3159 1147 3220 mode-

142 3245 268 3306 rationis
281 3244 484 3325 quaerebatur,
500 3252 654 3324 postquam
666 3241 833 3324 superbiam
845 3242 1028 3322 expleverat.
1043 3243 1149 3304 ilumen

145 3328 299 3390 Arsaniam
321 3328 477 3410 elephanto
501 3327 647 3406 insidens,
676 3327 824 3408 proximus
853 3329 976 3406 quisque
995 3343 1097 3403 regem
1120 3326 1149 3384 ri

142 3429 286 3492 equomm
300 3431 473 3494 perrupere,
492 3413 557 3492 quia
572 3428 671 3473 mmor
684 3412 847 3472 incesserat
862 3417 990 3550 pontepp
999 3425 1147 3469 cessurum
1158 3429 1190 3471 re

187 3517 275 3557 ruem
295 3517 366 3558 anns
382 3520 400 3558 r.
