2570 3878
398 179 505 228 ursan
520 180 566 252 nv.
590 180 665 228 cnr.
687 179 810 234 ata-sa.
1056 172 1117 258 137

116 341 262 414 peterent.
291 333 410 396 Turesis
432 351 484 393 sua
505 352 569 396 cum
591 352 675 396 manu
697 345 814 398 noctem
844 337 1012 417 opperitur,
1041 339 1116 401 baud

116 419 218 478 nescio
233 417 306 488 duce
321 425 423 478 nosmo
431 438 439 487 ;
455 417 543 494 igitur
556 418 685 480 firmatae
698 421 839 482 stationes
855 420 1037 482 densioribus
1052 424 1116 501 glo·
1126 442 1158 483 as

114 502 170 562 bis.
200 509 230 562 et
246 499 398 578 ingruebat
420 517 480 560 nox
500 500 596 562 nimbo
617 511 716 581 atrox,
738 502 889 584 hostisque
911 504 1037 567 clamore
1060 515 1142 568 tur-⁴

113 582 202 663 bido,
224 584 311 645 modo
325 602 379 664 per
392 592 503 645 vastum
518 584 678 664 silentium,
699 587 828 649 incertos
849 586 1024 650 obsessores
1048 591 1116 650 ede·

114 676 208 746 cerat,
224 686 286 729 cum
301 666 423 729 Sabinus
440 669 607 748 circumire,
623 668 732 732 hortari
751 690 788 732 ne
803 669 839 732 ad
853 670 989 750 ambigua
1005 673 1116 734 sonitus

113 762 163 815 aut
179 752 389 813 simulationem
406 752 511 830 quietis
534 771 632 816 casum
657 753 858 833 insidiantibus
879 756 1041 833 aperirent,
1064 755 1116 816 sed

17 857 19 925 ζ
111 853 165 897 sua
183 836 305 916 quisque
324 836 419 896 munia
441 845 592 898 servarent
608 839 717 898 immoti
736 838 862 918 telisque
883 854 941 897 non
960 839 989 898 in
1012 839 1159 899 falsumne

17 927 18 952 ³
112 920 208 980 iactis.

17 1075 19 1094 ἱ
177 1005 229 1064 51.
252 999 368 1066 interea
385 1002 502 1065 barbari
515 1005 640 1066 catervis
656 1004 845 1068 decurrentes
864 1024 940 1066 nuuc
964 1007 992 1066 in
1011 1006 1117 1067 vallum

17 1095 20 1124 ¹
110 1084 255 1148 manualia
272 1105 354 1165 saxa,
371 1096 522 1166 praeustas
534 1086 638 1165 sudes,
662 1088 763 1152 decisa
785 1090 897 1170 robora·
909 1091 1021 1167 iacere,
1041 1109 1117 1150 nunc

114 1170 248 1248 uirgultis
263 1179 292 1233 et
308 1171 434 1234 cratibus
449 1180 478 1233 et
493 1171 668 1251 corporibus
684 1173 822 1244 exanimis
838 1173 990 1253 complere
1006 1173 1115 1252 iussas,

114 1254 228 1335 puidam
242 1256 338 1334 pontis
355 1264 385 1316 et
401 1255 496 1317 scalas
516 1263 582 1316 ante
602 1255 737 1318 fabricati
758 1255 867 1318 inlerre
888 1256 1116 1336 propugnaculis

91 1350 206 1417 'eaque
223 1356 373 1418 prensare,
390 1339 544 1402 detrahere
563 1347 592 1400 et
607 1338 759 1402 adversum
774 1341 937 1401 resistentis
957 1341 1146 1404 comminues

16 1461 17 1486 v
111 1423 172 1484 niti.
207 1422 292 1483 miles
307 1432 408 1486 contra
422 1421 577 1484 deturbare
594 1423 671 1502 telis,
691 1423 804 1504 pellere
821 1422 1005 1502 umbonibus,
1023 1442 1115 1483 mura·

112 1507 150 1570 lia
173 1507 249 1585 pila,
274 1514 432 1586 congestas
454 1507 581 1588 lapidum
600 1507 694 1569 moles
721 1507 909 1586 provolvere.
942 1507 988 1567 his
1015 1515 1115 1586 partae

114 1592 253 1652 victoriae
270 1609 339 1670 spes
356 1601 395 1670 et,
411 1593 437 1653 si
453 1590 573 1671 cedant,
589 1591 753 1669 insignitius
770 1590 924 1670 flagitium,
945 1590 1004 1651 illis
1019 1599 1115 1650 extre·

110 1693 157 1738 ma
177 1675 232 1737 iarn
256 1675 333 1736 salus
357 1672 386 1737 e't
407 1675 581 1737 adsistentes
608 1675 758 1754 plerisque
782 1684 890 1738 matres
916 1683 945 1735 et
973 1675 1115 1753 coniuges

16 1771 17 1778 ’
111 1775 268 1839 earumque
280 1758 404 1822 lamenta
419 1759 524 1821 addunt
537 1761 657 1820 animos.
684 1775 745 1819 uox
754 1758 820 1821 aliis
834 1759 863 1818 in
878 1756 1037 1835 audaciam,
1050 1757 1115 1817 aliis
1125 1776 1156 1819 rs

109 1842 148 1906 ad
158 1842 523 1920 tormdnemopporcuna;
533 1842 728 1920 incendimus,
740 1842 859 1904 vulnera
872 1843 1036 1921 inprovisa;
1049 1858 1115 1901 suo·

108 1945 172 1989 rum
188 1935 275 2007 atque
287 1925 411 1989 bostium
431 1928 576 2005 ignoratio
594 1936 624 1988 et
643 1926 749 1989 montis
771 1927 902 1987 anfractu
920 1941 1115 2007 repercussae

110 2011 191 2073 velut
211 2028 229 2071 a
251 2019 336 2088 tergo
358 2028 449 2072 voces
470 2010 544 2072 adeo
568 2019 671 2072 cuncta
696 2011 887 2088 miscuerant,
917 2018 946 2071 ut
975 2007 1115 2088 quaedam

109 2095 283 2158 munimenta
305 2095 427 2157 Romani
449 2095 531 2174 quasi
549 2103 689 2174 perrupta
710 2095 866 2156 omiserint.
902 2109 1000 2172 neque
1021 2100 1115 2152 tamen

110 2197 273 2260 pervasere
298 2177 400 2240 hostes
433 2179 489 2239 nisi
517 2178 667 2239 admodum
695 2177 797 2256 pauci:
830 2184 965 2250 ceteros,
999 2175 1114 2236 deiecto
1126 2193 1154 2234 ss

15 2315 16 2328 ,
110 2263 331 2344 promptissimo
346 2279 463 2344 qnoque
478 2271 525 2324 aut
539 2262 656 2340 saucio,
673 2260 830 2342 adpetente
852 2260 908 2320 iarn
921 2259 987 2319 luce
1002 2268 1116 2326 trusere

108 2349 139 2408 in
161 2365 271 2410 summa
293 2346 426 2424 castelli,
448 2345 496 2406 ubi
520 2344 635 2408 tandem
660 2354 764 2406 coacta
785 2341 903 2404 deditio.
934 2351 964 2402 et
985 2342 1117 2421 proxima

108 2440 216 2512 sponte
230 2431 390 2493 incolarum
405 2439 540 2510 recepta:
563 2429 699 2508 reliquis,
715 2445 773 2508 quo
788 2428 881 2489 miuus
895 2427 924 2486 vi
939 2434 987 2487 aut
1003 2424 1116 2486 obsidio

108 2514 333 2594 subigerentur,
348 2523 530 2597 praematura
544 2514 649 2574 montis
663 2511 765 2573 Haemi
780 2520 808 2571 et
828 2528 917 2572 saeva
937 2509 1029 2570 biems
1051 2508 1117 2569 sub·

108 2601 200 2662 venit.
1123 2613 1155 2654 ae

174 2683 226 2746 52.
248 2685 289 2746 At
302 2684 414 2746 Romae
431 2691 573 2745 commota
589 2681 729 2762 principis
744 2679 849 2756 domo,
871 2687 901 2738 ut
922 2677 1016 2738 series
1030 2676 1118 2738 iuturi
1146 2693 1268 2728 ····--

15 2831 16 2836 ,
108 2771 138 2830 in
155 2767 350 2848 Agrippinam
365 2767 446 2830 exitii
460 2768 619 2847 inciperet,
636 2764 756 2827 Claudia
769 2762 894 2825 Pulchra
915 2759 1033 2822 sobrina
1056 2762 1118 2822 eius

108 2851 275 2934 postulatur
288 2861 446 2914 accusante
460 2851 586 2913 Domitio
602 2850 688 2910 Afro.
718 2850 744 2908 is
760 2864 868 2908 recens
883 2854 1039 2924 praetura,
1055 2863 1117 2906 mo·

15 2967 16 2970 ¹
107 2937 192 2998 dicus
208 2935 381 3016 dignationis
395 2945 425 2997 et
439 2951 556 3016 quoquo
568 2935 700 2995 facinore
712 2948 857 3012 properus
870 2929 1048 3006 clarescere,
1062 2929 1117 2990 cri-

15 3080 19 3086 .
106 3039 176 3084 men
192 3019 388 3101 inpudicitiae,
401 3020 560 3082 adulterum
573 3017 724 3095 Furnium,
748 3013 891 3076 veneficia
910 3015 939 3074 in
954 3013 1144 3094 principatus-

107 3116 139 3169 et
156 3105 331 3168 devotiones
357 3103 532 3167 obiectahat.
564 3104 729 3182 Agrippina
750 3115 867 3178 semper
888 3106 988 3172 atrox,
1008 3105 1067 3158 tum
1088 3107 1118 3158 et

108 3190 244 3272 periculo
257 3191 441 3271 propinquae
456 3205 594 3266 accensa,
609 3187 707 3266 pergit
721 3183 757 3245 ad
771 3182 917 3244 'liberium
932 3198 968 3241 ac
981 3179 1064 3244 iorte.
1073 3197 1117 3240 sa·

107 3275 289 3336 criiicantem
304 3274 379 3354 patri
400 3273 542 3354 repperit.
579 3288 637 3350 quo
662 3269 741 3330 initio
761 3264 887 3327 invidiae
907 3281 965 3324 non
989 3261 1118 3324 eiusdem

108 3357 150 3422 ait
165 3368 295 3420 mactare
310 3357 378 3419 divo
392 3357 527 3437 Augusto
543 3356 674 3416 victimas
693 3362 723 3413 et
738 3358 877 3430 posteros
891 3347 953 3408 eius
968 3345 1117 3405 insectari.
1231 3361 1233 3368 ¹

104 3459 170 3506 non
184 3442 214 3505 in
229 3443 345 3522 effigies
360 3451 454 3504 mutas
469 3440 595 3502 divinum
610 3437 741 3519 spiritum
755 3432 945 3496 transfusum:
968 3445 1002 3488 se
1015 3427 1117 3504 imagi·
1131 3440 1156 3481 na
