2546 3872
182 181 224 244 28
275 209 279 215 ·
398 193 562 242 coenem
582 189 700 239 naemu
718 181 958 236 nrsnomnnuu
994 225 997 233 .

183 349 241 409 bne
261 347 432 426 imaginibus
454 347 483 406 in
506 354 621 406 senatus
643 362 679 406 ac
701 341 801 422 populi
815 340 936 402 Romani
953 338 1043 400 verba
1055 339 1181 400 iurasse.

181 433 211 494 itl
232 440 442 493 mcrmnentum
463 431 549 490 inane
570 429 676 488 risum:
709 425 849 505 occupari
871 431 1018 484 nutantem
1037 422 1185 483 fortunam

149 535 173 578 rs
185 526 214 578 et
234 517 332 578 offerri
355 514 514 594 principem
527 512 646 592 placuit.
680 510 759 570 missi
773 527 790 568 a
804 507 924 569 Vitellio
940 505 975 568 ad
991 506 1127 582 legiones
1140 504 1184 566 le·

93 599 94 604 ’
184 609 327 678 gatosqne
350 599 399 677 qui
421 596 583 658 descivisse
599 613 615 654 a
631 594 722 657 Galba
739 593 920 672 superiorem
936 591 1096 652 exercitum
1113 607 1185 650 uun·

184 684 304 743 tierent:
339 681 462 760 proinde
484 689 533 741 aut
552 677 717 739 bellandum
737 676 878 736 adversus
900 675 1103 736 desciscentes
1125 683 1186 748 aut,

185 769 210 826 si
233 764 391 826 eoncordia
413 774 444 826 et
463 782 521 843 pax
549 763 681 842 placent,
709 759 872 820 faciendum
885 761 1121 838 imperatorem:
1158 767 1188 816 et

184 851 295 908 minore
310 850 475 908 discrimine
490 847 562 906 sumi
577 846 737 924 principem
754 861 838 922 quam
854 842 966 922 quaeri.

245 933 295 991 57.
329 931 464 991 Proxima
495 930 621 1007 legionis
648 929 759 1006 primae
784 925 906 988 hiberna
932 933 1014 986 mant
1036 932 1066 986 et
1087 942 1187 1004 prom·

186 1016 331 1091 ptissimus
352 1013 491 1089 elegatis
507 1011 614 1074 Fabius
629 1012 749 1072 Valens.
781 1012 807 1072 is
822 1009 869 1070 die
887 1010 1020 1089 proximo
1037 1008 1187 1090 coloniam

184 1097 431 1176 Agrippinensem
453 1113 517 1155 cum
540 1094 684 1172 equitibus
705 1094 832 1171 legionis
851 1093 1127 1170 auxiliariorumque
1145 1095 1186 1150 in-

184 1197 306 1257 gressus
325 1183 531 1259 imperatorem
546 1177 692 1240 Vitellium
707 1177 908 1237 consalutauit.
940 1183 1059 1236 secutae
1075 1175 1186 1252 ingenti

160 1265 343 1323 scertamine
366 1263 494 1324 eiusdem
515 1263 685 1341 provinciae
705 1259 856 1338 legiones;
878 1269 908 1319 et
923 1260 1057 1338 superior
1072 1261 1181 1319 exerui

186 1356 247 1424 tus,
272 1349 417 1426 speciosis
439 1356 556 1408 senatus
577 1344 736 1425 populique
750 1343 872 1404 Romani
885 1341 1047 1404 nominibus
1061 1342 1178 1414 relictis,

185 1433 299 1490 tertium
312 1448 405 1492 nonas
421 1431 568 1491 lanuarias
581 1429 702 1490 Vitellio
717 1429 858 1488 accessit:
881 1429 974 1487 scires
991 1425 1072 1486 illum
1087 1427 1184 1504 priore

184 1514 272 1574 biduo
295 1532 354 1576 non
378 1532 470 1593 penes
485 1532 547 1574 rem
563 1512 706 1592 publicam
720 1511 821 1570 luisse.
854 1508 988 1570 ardorem
1007 1511 1186 1570 exercituum

186 1598 437 1677 Agrippinenses,
455 1597 592 1670 Treveri,
609 1595 756 1672 lingones
770 1593 949 1673 aequabant,
966 1592 1072 1654 auxilia
1084 1611 1186 1673 equos,

150 1697 262 1740 toarma
285 1684 436 1759 pecuniam
458 1681 634 1754 offerentes,
656 1679 823 1756 utquisque
841 1693 967 1757 corpore
984 1676 1089 1756 opibus
1105 1679 1187 1753 inge·

184 1767 231 1823 nio
243 1837 245 1842 ,
257 1763 378 1823 validus.
410 1781 465 1822 nec
487 1764 637 1842 principes
651 1760 737 1821 modo
754 1760 934 1822 coloniarum
949 1769 998 1820 aut
1014 1769 1186 1833 castrorum,

184 1846 287 1925 quibus
309 1847 474 1924 praesentia
491 1864 529 1905 ex
544 1846 673 1926 allluenti
688 1855 717 1904 et
734 1852 813 1922 parta
829 1847 950 1904 victoria
964 1861 1088 1921 magnae
1104 1862 1187 1923 spes,

184 1930 235 1989 sed
252 1929 388 2007 manipuli
404 1946 520 2009 qnoque
536 1938 565 1988 et
578 1930 734 2007 gregarius
749 1927 832 1988 miles
850 1928 952 1988 viatica
964 1946 1015 1988 sua
1031 1937 1060 1988 et
1071 1927 1188 1988 latrem

186 2013 396 2092 phalerasque,
420 2014 545 2090 insignia
567 2030 709 2074 armorum
726 2020 848 2088 argento
863 2010 989 2087 decora,
1012 2011 1082 2072 loco
1097 2029 1188 2090 peon·

150 2117 175 2155 rs
185 2097 249 2155 niae
265 2095 431 2172 tradebant,
448 2096 584 2155 instinctu
601 2105 630 2156 et
644 2097 753 2174 impetu
768 2103 797 2153 et
813 2096 941 2154 avaritia.

248 2180 299 2242 58.
326 2179 419 2255 Igitur
442 2179 556 2241 laudata
577 2179 696 2240 militurn
710 2178 859 2239 alacritate
874 2179 1012 2240 Vitellius
1028 2178 1187 2238 ministeria

101 2212 364 2343 OEnolpatus
377 2279 432 2342 per
447 2262 569 2323 libertos
585 2265 633 2341 agi
648 2262 734 2324 solita
748 2263 777 2320 in
795 2263 909 2342 equites
924 2261 1071 2324 Romanos
1087 2260 1186 2341 ‹lispo-

184 2347 239 2415 nit:
270 2348 441 2409 vacationes
465 2346 680 2409 centurionibus
708 2363 746 2405 ex
766 2345 839 2406 lisco
861 2356 1006 2415 numerata
1037 2347 1187 2406 saevitiam

183 2431 302 2491 militnm
323 2430 483 2510 plerosque
508 2431 543 2491 nd
564 2449 688 2510 poenam
709 2430 930 2507 exposcentium
948 2431 1064 2508 saepius
1080 2428 1187 2507 adpro-

160 2513 250 2590 ebat,
274 2532 340 2574 raro
357 2513 540 2575 simulatione
556 2514 735 2574 vinculorum
753 2511 914 2572 frustratur.
945 2512 1101 2591 Pompeius
1116 2512 1186 2572 Pro-

184 2600 308 2676 pinquus
331 2606 505 2676 procurator
518 2596 659 2675 Belgicae
682 2597 776 2658 statim
790 2595 975 2665 interiectum
1000 2595 1103 2656 lulium
1116 2595 1187 2656 Bur-

183 2680 288 2741 donem
306 2679 495 2742 Germanicae
518 2680 621 2741 classis
642 2680 819 2760 praelectum
838 2688 902 2739 astu
917 2679 1070 2740 subtraxit.
1101 2698 1187 2740 exar-

161 2799 163 2802 -
183 2772 262 2824 serat
282 2766 310 2823 in
330 2783 394 2823 eum
414 2764 563 2825 iracundia
584 2765 748 2842 exercitus,
772 2772 914 2842 tamquam
937 2763 1045 2824 crimen
1067 2782 1104 2825 ao
1117 2781 1188 2824 mox

183 2847 301 2907 insidias
316 2846 439 2909 Fonteio
456 2845 591 2926 Capitoni
608 2850 771 2908 struxisset.
796 2856 879 2925 grata
896 2857 960 2908 erat
975 2851 1116 2908 memoria
1132 2845 1187 2907 Ga·

148 2933 307 3012 ropitonis‚
333 2941 363 2991 et
383 2932 459 3011 apud
483 2934 648 2994 saevientes
665 2932 802 2992 occidere
818 2931 931 3011 palam,
955 2932 1114 3008 ignoscere
1129 2950 1187 2992 non

183 3015 237 3075 nisi
253 3016 381 3076 fallendo
399 3015 523 3076 licebat:
541 3017 581 3078 ita
596 3019 624 3076 in
642 3014 772 3077 custodia
787 3013 900 3074 babitus
912 3024 942 3076 et
954 3025 1021 3094 post
1033 3016 1187 3076 victoriam

182 3098 309 3177 demum,
335 3101 417 3159 statis
439 3101 494 3160 iam
515 3100 634 3160 militum
655 3100 745 3174 odiis,
772 3096 905 3158 dimissus
931 3108 985 3160 est.
1021 3100 1138 3160 interim
1157 3109 1188 3160 ut

183 3183 327 3261 piaculum
339 3183 465 3243 obicitur
479 3184 608 3244 centurio
633 3179 798 3258 Crispinus.
821 3182 961 3257 sanguiue
979 3179 1133 3260 Capitonis
1152 3203 1186 3242 se

185 3275 387 3405 caluentaverat
411 3284 507 3345 eoque
529 3276 560 3327 et
580 3265 793 3345 postulantibus
814 3264 993 3327 manifestior
1013 3277 1043 3328 et
1058 3268 1185 3346 punienti

146 3349 211 3407 asni
223 3349 269 3408 ior
285 3350 347 3409 luit.

245 3433 295 3491 59.
322 3431 411 3496 lulius
429 3433 533 3493 deinde
550 3432 650 3494 Civilis
669 3433 799 3512 periculo
815 3445 982 3515 exemptus,
1005 3443 1186 3514 praepotens
