2546 3872
143 163 181 223 12
366 171 922 223 couuuuuunmrrmsuonrnaurr

141 331 255 409 equites
270 327 391 390 Romani
407 329 584 408 praepositi,
605 345 711 388 novum
730 326 820 390 officii
835 344 929 405 genus
946 335 975 387 et
989 325 1098 388 ambitu
1116 347 1153 390 ao

106 431 130 472 no
141 429 261 474 numero
278 430 449 474 onerosum:
475 412 582 492 ubique
604 411 687 472 basta
702 421 732 472 et
748 421 864 489 scotor,
888 419 917 471 et
933 412 1062 490 inquieta
1078 411 1154 473 urbs

140 497 312 558 notionibus.
343 515 378 558 ac
401 506 496 558 manen
518 494 631 574 grande
648 495 801 574 gaudium,
826 494 906 574 quod
928 504 987 556 tem
1002 513 1154 576 pauperes

139 582 236 642 forent
252 581 354 660 quibus
370 580 509 642 donasset
521 579 604 642 Nero
620 597 705 658 quarn
724 579 828 660 quihus
850 579 1028 640 abstulisset.
1060 597 1153 640 erau-

141 667 245 726 otorati
262 683 316 744 per
333 683 387 726 eos
401 664 465 726 dies
485 663 606 742 tribuni,
629 682 646 723 e
667 665 818 743 praetorio
835 661 1107 724 Antoniusl'aurus
1122 673 1158 724 et
1255 669 1256 682 ¹

138 749 282 810 Antonius
300 748 399 824 Naso,
422 767 461 809 er
474 748 591 810 urbanis
607 747 777 808 cohortibus
793 747 935 808 Aemilius
950 747 1108 824 Pacensis,
1134 767 1155 808 e

106 853 128 892 15
138 832 245 910 vigiliis
259 831 348 894 lulius
362 833 483 894 Fronto.
512 850 569 893 nec
584 831 743 892 remedium
759 834 789 892 in
804 839 923 892 eeteros
936 831 1006 907 luit,
1023 829 1076 892 sed
1090 849 1153 891 rne-

139 926 185 978 tcs
198 918 323 992 initium,
344 927 488 996 tamquam
505 933 559 994 per
575 925 665 977 artem
681 924 711 975 et
733 914 887 976 formidine
916 916 1025 994 singuli
1055 915 1153 994 pelle·

138 1009 254 1078 rentur,
270 999 402 1060 omnibus
417 1002 573 1079 suspectis.

202 1085 254 1146 21.
277 1083 392 1144 interea
412 1083 572 1161 Othonem,
601 1085 647 1143 oui
665 1085 835 1162 compositis
855 1083 944 1144 rebus
964 1081 1043 1142 nulla
1067 1100 1155 1162 spes,

139 1186 224 1228 omne
240 1168 268 1226 in
283 1167 399 1228 turbido
413 1167 582 1243 eonsilium,
602 1167 689 1228 multe
704 1168 788 1229 simul
806 1165 1045 1242 exstimulabant,
1064 1166 1152 1230 luxu·

138 1253 182 1312 ria
197 1252 283 1312 etiam
299 1251 425 1330 principi
443 1268 588 1327 onerosa,
610 1252 708 1331 inopia
729 1254 779 1312 vix
801 1253 915 1331 privato
930 1249 1100 1327 toleranda,
1123 1251 1151 1310 in

139 1333 258 1398 Galbam
273 1337 324 1413 ira,
338 1337 366 1396 in
378 1335 513 1396 Pisonem
528 1333 650 1406 invidia3
667 1336 796 1414 lingebat
812 1345 840 1396 et
852 1335 1044 1412 maturosque
1055 1336 1150 1412 magis

114 1420 379 1498 sconoupisceret:
397 1437 591 1499 praegravem
607 1437 640 1480 se
649 1418 761 1481 Neroni
777 1420 886 1494 luisse,
903 1436 960 1478 nec
973 1417 1151 1478 Lusitaniam

137 1523 236 1565 rursus
260 1513 288 1564 et
311 1505 431 1564 alterius
453 1504 533 1564 exilii
557 1504 699 1565 bonorem
723 1502 945 1582 expectandum.
980 1511 1153 1581 suspectum

137 1606 255 1667 semper
277 1590 459 1666 invisumque
480 1587 693 1648 dominantibus
712 1589 760 1666 qui
775 1589 925 1666 proximus
944 1585 1150 1646 destinaretur.

136 1673 275 1732 nocuisse
299 1671 328 1730 id
355 1671 411 1731 sibi
436 1671 512 1750 apud
538 1689 638 1731 senem
661 1673 842 1751 prinoipem,
868 1672 963 1747 magis
984 1670 1152 1730 nociturum

137 1753 213 1834 apud
233 1757 367 1815 iuuenem
382 1755 500 1831 ingenio
516 1763 626 1814 trucem
643 1764 673 1814 et
687 1755 778 1832 longo
795 1754 885 1815 exilio
902 1753 1071 1814 efferatum:
1099 1772 1150 1815 ou·

102 1840 195 1900 recidi
216 1837 359 1898 Othonem
383 1855 482 1916 posse.
516 1836 639 1917 proinde
661 1838 803 1915 agendum
824 1838 1062 1917 audendumque,
1082 1837 1151 1898 dum

135 1921 246 1984 Galbae
267 1922 425 1984 auctoritas
449 1921 544 1997 huna,
569 1921 683 1982 Pisonis
705 1923 830 1983 nondum
848 1921 1017 1982 coaluisset.
1040 1938 1151 2001 oppor-

135 2017 220 2067 tunos
230 2006 343 2083 magnis
355 2004 655 2067 conatibns'transitus
668 2022 773 2085 rerum,
790 2024 845 2066 nec
861 2006 1047 2068 cunctatione
1060 2023 1151 2084 opus,

135 2090 184 2149 ubi
203 2091 401 2168 perniciosior
416 2091 453 2150 sit
474 2090 556 2168 quies
576 2107 661 2170 quam
685 2092 842 2151 temeritas.
874 2099 996 2151 mortem
1014 2088 1153 2153 omuibus

136 2171 174 2235 ex
194 2183 294 2236 natura
313 2174 465 2253 aequalem
490 2172 638 2236 oblivione
659 2174 735 2254 apud
759 2184 898 2254 posteros
918 2173 967 2235 vel
987 2173 1085 2251 gloria
1108 2173 1147 2234 di·

101 2259 256 2337 rsstingui;
277 2277 311 2319 ac
333 2260 358 2318 si
378 2267 533 2320 uoeeutenn
552 2259 795 2337 innocentemque
818 2258 896 2319 idem
912 2259 1007 2318 exitus
1020 2267 1149 2334 maneat,

136 2343 258 2402 acrioris
273 2343 327 2402 viri
345 2361 413 2404 esse
428 2343 532 2402 merito
547 2343 656 2421 perire.

199 2425 250 2486 22.
278 2425 344 2486 Nou
366 2435 429 2487 erat
456 2426 562 2486 Othoni
589 2426 686 2487 mollis
707 2435 738 2486 et
751 2425 877 2504 ,corpori
903 2425 1005 2486 similis
1025 2425 1146 2488 aniuuus.

135 2520 164 2571 et
179 2511 267 2570 intimi
281 2509 450 2570 libertorum
468 2527 688 2589 servorumque,
707 2512 871 2591 corruptius
886 2526 971 2587 quam
987 2510 1016 2569 in
1033 2511 1156 2588 privato⁴

135 2595 220 2655 domo
236 2593 342 2670 habiti,
366 2594 460 2655 aulam
476 2593 603 2654 Neronis
618 2603 647 2654 et
662 2593 763 2671 luxus,
785 2593 943 2668 adulteria,
962 2594 1147 2654 matrimonia

135 2688 308 2756 ceterasque
325 2695 482 2755 regnorum
504 2677 639 2738 libidines
660 2677 747 2738 avido
765 2678 882 2754 talium,
905 2679 930 2736 si
955 2676 1093 2755 auderet,
1117 2689 1148 2738 ut

111 2780 185 2821 esua
203 2770 398 2837 ostentantes,
422 2763 583 2842 quiescenti
598 2770 628 2821 ut
644 2761 739 2822 aliena
759 2760 996 2840 exprobrabant,
1020 2780 1146 2840 urguen-

133 2843 209 2906 tibus
228 2846 314 2905 etiam
328 2844 553 2924 mathematiois,
568 2845 633 2906 dum
648 2863 744 2922 nouos
758 2855 854 2906 motus
869 2854 899 2905 et
914 2845 1024 2906 clarum
1040 2845 1148 2906 Othoni

133 2947 236 2991 anuum
255 2929 464 2999 observatione
484 2929 610 2990 siderum
632 2928 798 3007 adfirmant,
820 2928 1076 3009 genushominum
1092 2949 1145 3010 po·

132 3011 259 3074 tentibus
276 3012 412 3090 inbdum,
430 3013 616 3094 sperantibus
632 3013 737 3092 lallax,
760 3014 838 3093 quod
859 3015 888 3075 iu
907 3015 1026 3075 ciuitate
1043 3023 1148 3078 nostra

133 3106 162 3157 et
177 3096 321 3157 vetabitur
335 3115 453 3178 semper
473 3107 502 3184 et
522 3097 702 3159 retinebitur.
735 3099 841 3159 multos
855 3106 971 3160 secreta
987 3097 1148 3181 Poppaeae

99 3195 124 3236 m
136 3181 363 3258 mathematicos,
379 3183 535 3261 pessimum
548 3183 719 3261 principalis
730 3183 901 3243 matrimonii
915 3183 1146 3261 instrumentum,

133 3263 307 3325 habuerant:
329 3284 347 3324 e
368 3265 669 3344 quibusPtolemaeus
688 3265 794 3326 Othoni
809 3267 837 3326 in
851 3265 1017 3346 Hispaniam
1033 3284 1145 3344 comes,

136 3364 199 3406 cum
228 3348 444 3427 superfuturum
470 3368 535 3410 eum
561 3348 674 3409 Neroni
698 3352 897 3430 promisisset,
927 3360 1082 3429 postquam
1106 3368 1145 3410 ex

135 3439 241 3488 eventu
265 3431 355 3510 hdes,
383 3435 551 3494 coniectura
575 3435 684 3493 iamet
708 3451 824 3495 rumore
848 3436 959 3497 senium
981 3431 1093 3500 Galbae
1114 3442 1144 3494 et
