2540 3874
419 154 801 211 nrnnerv.cnr.ee-ao.
1051 151 1107 214 131

112 325 161 368 res
178 315 208 369 et
222 306 295 368 deos
309 308 392 388 ipsos
406 327 531 389 precor,
556 299 611 374 boa
633 321 665 374 ut
684 313 749 373 milri
772 312 908 374 adfinem
925 333 1016 394 usque
1032 319 1109 380 vitae
1121 340 1145 382 ιι

109 393 232 471 quietam
245 400 274 452 et
285 392 503 472 intellegentem
514 395 628 456 humani
640 395 786 476 divinique
798 397 868 458 iuris
882 409 1006 460 mentem
1020 400 1109 480 duint,

108 475 175 536 illos
193 483 232 553 ut,
249 476 423 558 quandoque
438 495 632 560 concessero,
650 499 713 542 cum
727 479 812 543 laude
829 491 858 542 et
873 480 957 544 bonis
971 485 1110 547 recorda·

106 559 232 620 tionibus
245 559 324 623 laeta
340 569 428 641 atque
441 562 545 626 lamam
558 566 682 626 neminis
703 565 759 626 mei
780 571 1015 646 prosequantur!
1043 588 1109 650 per·

106 644 237 723 stititque
260 645 385 725 posthae
401 648 523 708 secretis
545 651 631 710 etiam
653 647 836 710 sermonibus
855 653 1007 730 aspernari
1023 654 1109 715 talam

105 730 149 789 sui
165 727 279 790 cultum.
309 730 388 808 quod
401 731 449 792 alii
464 731 651 811 modestiam,
676 733 772 812 multi,
787 735 854 814 quia
871 733 1030 815 diffideret,
1046 740 1107 816 qui·
1118 756 1144 800 as

105 813 169 874 dam
192 820 223 874 ut
246 812 404 891 degeneris
424 815 510 876 animi
535 816 807 898 interpretabantur.
839 826 974 897 optuuuos
999 823 1110 901 quippe

104 895 269 958 mortalium
292 898 430 960 altissima
451 917 574 980 cupere:
596 900 810 966 siellerculem
828 911 858 962 et
875 900 1010 965 Liberum
1032 904 1109 984 apud

104 981 513 1063 &secundantiumque
533 1002 587 1045 nos
611 985 694 1046 deum
715 1002 835 1047 numero
854 984 982 1050 additos:
1006 988 1113 1049 melius·

102 1065 275 1143 Augustum,
292 1066 341 1144 qui
353 1069 524 1148 speraverit.
550 1077 650 1130 cetera
671 1068 853 1150 principibus
874 1073 970 1131 statim
987 1069 1107 1134 adesse:

103 1165 190 1210 unum
205 1149 406 1212 insatiabiliter
424 1151 591 1230 parandam,
605 1171 779 1234 prosperam
790 1155 835 1215 sui
846 1155 1026 1226 memoriam
1041 1173 1105 1216 nam
1115 1173 1142 1215 ao

104 1241 273 1312 contemptu
287 1233 381 1296 famae
396 1238 541 1298 contemni
556 1238 689 1298 virtutes.
842 1290 847 1302 .

160 1317 212 1380 39.
229 1316 271 1377 At
292 1317 413 1380 Seianus
429 1319 514 1380 nimia
531 1320 647 1382 fortuna
663 1339 768 1383 socors
789 1331 819 1384 et
832 1322 965 1384 muliebri
987 1323 1107 1404 insuper

103 1399 239 1482 cupidine
259 1401 411 1480 incensus,
433 1405 606 1483 promissum
626 1406 833 1466 matrimonium
848 1407 997 1484 flagitante
1015 1406 1105 1484 livia,

102 1485 251 1564 componit
271 1485 309 1546 ad
331 1484 489 1548 Caesarem
514 1486 683 1550 codicillos:
715 1489 804 1549 moris
829 1490 939 1568 quippe
960 1497 1017 1550 tum
1043 1498 1107 1550 erat

100 1579 612 1735 uudirliitilldtilt
628 1572 1131 1735 liuitttlllutill„

100 1740 140 1799 ria
155 1737 335 1816 insuevisse,
357 1745 388 1798 ut
408 1756 479 1820 spes
493 1747 621 1818 votaque
637 1757 688 1800 sua
705 1755 765 1800 non
780 1741 861 1819 prius
880 1738 918 1800 ad
935 1738 1108 1818 decoquam

16 1819 17 1856 i
100 1821 137 1884 ad
153 1820 316 1901 principum
327 1839 413 1882 aures
429 1822 589 1884 conferret.
618 1841 715 1902 neque
729 1823 875 1901 fulgorem
890 1823 1034 1884 bonorum
1048 1841 1106 1883 um·

101 1922 187 1985 qnam
209 1912 375 1985 precatum:
397 1905 536 1968 excubias
558 1925 594 1969 ac
616 1906 751 1986 labores,
773 1915 805 1968 ut
821 1925 906 1968 unum
926 1905 1105 1984 emilitibus,

16 1985 17 1992 '
102 2005 157 2070 pro
175 1988 374 2051 incolumitate
389 1991 572 2072 imperatoris
592 1991 690 2052 malle.
720 1999 861 2052 actameu
877 1989 955 2070 quod
970 1990 1105 2070 pulcher·

100 2076 202 2136 rimum
215 2073 365 2154 adeptum,
380 2084 412 2137 ut
427 2074 631 2137 coniunctione
648 2072 784 2136 Caesarue
799 2074 904 2153 dignus
919 2073 1103 2136 crederetur:
1115 2093 1139 2140 ιι

99 2158 167 2220 laine
188 2157 297 2218 initium
311 2159 386 2239 spei.
416 2169 447 2220 et
468 2160 603 2239 quemme
619 2158 761 2220 audiverit
775 2158 938 2236 Augustum
959 2159 988 2217 in
1005 2157 1106 2218 conlo·

103 2241 196 2304 nanda
219 2242 277 2304 iilia
297 2243 442 2305 nonnihil
466 2244 552 2305 etiam
572 2244 609 2305 de
638 2241 782 2322 equitibus
800 2241 939 2304 nonanus
962 2239 1105 2301 consulta-

101 2328 198 2404 visse,
219 2328 275 2404 ita,
301 2328 327 2387 si
340 2329 457 2389 maritus
470 2327 570 2389 birine
591 2334 799 2408 quaereretur,
818 2323 940 2386 baberet
960 2325 989 2384 in
1012 2325 1105 2385 animo

100 2412 222 2474 amicum
242 2409 308 2474 sola
323 2411 544 2474 necessitudinis
559 2412 656 2490 gloria
672 2427 796 2472 nemum.
821 2425 879 2469 non
900 2409 975 2469 enim
997 2425 1108 2469 exuere

100 2495 227 2576 inposita
240 2496 349 2558 munia:
371 2496 442 2557 satis
457 2496 611 2558 aestimare
628 2494 735 2556 firmari
750 2492 863 2555 domum
885 2490 1039 2553 adversm
1052 2491 1103 2551 ini·
1115 2514 1140 2556 rs

102 2597 176 2660 quas
197 2578 379 2659 Agrippinae
401 2579 594 2658 offensiones,
620 2578 707 2658 idque
728 2577 887 2639 liberorum
910 2593 1014 2645 causa;
1042 2591 1108 2635 nam

100 2663 157 2726 sibi
171 2662 287 2732 multum
301 2682 448 2743 superque
464 2665 541 2725 ritae
556 2664 637 2742 iore,
659 2661 737 2742 quod
757 2661 808 2723 tali
830 2677 894 2722 cum
909 2660 1041 2740 principe
1056 2677 1106 2720 ex·

122 2748 254 2810 levisset.
866 2755 889 2816 ‚¹

101 2767 120 2828 p
161 2833 213 2894 40.
231 2830 280 2892 ¹dd
295 2850 330 2894 ea
345 2831 478 2894 'liberius
492 2831 607 2893 laudata
622 2831 733 2910 pietate
747 2828 845 2892 Seiani
862 2829 982 2908 suisque
996 2829 1025 2889 in
1042 2846 1107 2890 euru

100 2915 254 2978 beneflciis
265 2915 379 2977 modice
390 2917 549 2997 percursis,
562 2933 625 2976 cuna
637 2923 751 2994 tempus
761 2923 904 2993 tamqnam
915 2911 951 2976 ad
964 2913 1107 2991 integram

102 2999 343 3062 consultationem
359 3002 530 3081 petivisset,
544 2999 687 3061 adiunxit:
708 2999 816 3060 ceteris
832 2995 1003 3058 mortalibus
1020 2997 1049 3056 in
1069 3012 1107 3058 eo

100 3095 180 3146 stare
199 3085 334 3162 consilia,
352 3085 420 3165 quid
441 3084 497 3145 sibi
514 3083 679 3145 conducere
694 3090 808 3164 putenm
835 3081 997 3162 principum
1013 3080 1107 3142 diver·

100 3187 163 3231 sam
184 3185 254 3230 esse
275 3177 400 3247 sortem,
424 3167 534 3250 quibus
550 3170 708 3248 praecipua
727 3184 823 3228 rerum
847 3165 884 3226 ad
905 3164 1008 3227 mmam
1032 3162 1133 3224 deri-s

101 3252 207 3334 ganda.
230 3251 298 3313 ideo
310 3271 343 3314 se
359 3271 418 3315 non
430 3253 500 3314 illue
512 3252 670 3314 decurrere
682 3251 761 3333 quod
773 3258 938 3331 proruptam
949 3248 1108 3324 rescripta,

103 3355 195 3417 posse
216 3337 310 3416 ipsam
323 3337 430 3399 Liviam
453 3346 595 3416 statuere,
616 3334 779 3397 nubendum
800 3343 868 3415 post
880 3331 1004 3394 Drusum
1022 3346 1058 3390 an
1079 3330 1108 3387 in

103 3419 256 3502 penatibus
284 3421 374 3482 isdem
404 3421 584 3483 tolerandum
609 3418 747 3489 lrab‘eret;
774 3435 841 3479 esse
864 3415 907 3476 illi
937 3423 1056 3557 qqqtmm
1079 3418 1109 3469 et
