2570 3878
306 231 310 238 -
429 205 534 255 ursan
546 210 608 258 nn.
624 210 698 258 cnr.
712 209 832 265 17—-23-
1028 170 1138 265 '205
1258 225 1262 231 ·

134 356 344 436 Mithridatem,
368 376 422 420 nec
444 358 498 420 silai
515 360 571 422 vim
594 361 628 422 ad
651 365 869 442 exsequendum
896 365 1017 428 deesse:
1040 386 1138 428 rernm

10 439 11 516 3
134 445 170 503 ltu
193 442 350 504 maioribus
373 442 523 521 placitura,
549 449 835 526 quantaperricacia
857 451 885 508 in
907 450 1038 527 hostem,
1061 461 1138 512 tanta

133 526 325 588 beneficentia
341 526 482 590 adversus
498 530 650 610 supplices
669 530 819 602 utendnm3
840 551 905 594 nam
921 535 1081 613 triumphes
1102 535 1137 594 de

134 610 251 691 populis
269 613 428 690 regnisque
443 614 564 692 integris
579 615 701 693 acquiri.

194 695 246 756 21.
269 693 402 758 Traditus
424 695 547 776 posthac
566 697 746 759 Mithridates
767 709 927 780 vectusque
941 702 1063 763 Romam
1084 719 1137 779 per

131 779 241 840 lunium
257 776 398 857 Gitonem,
415 790 636 859 procuratorem
651 781 747 860 Ponti,
762 783 892 845 feracius
907 803 992 864 qnam
1008 794 1061 864 pra
1078 785 1136 845 ior·

10 899 12 946 3
133 874 199 923 tana
214 863 388 922 disseruisse
403 865 479 944 apud
495 863 651 926 Gaesarem
667 867 984 948 ferebatur„elataque
1002 886 1061 929 van
1076 870 1138 928 eius

10 949 12 974 ¹
133 949 161 1006 in
175 947 292 1024 vulgum
311 946 394 1008 hisce
408 948 508 1008 veritis
528 951 604 1010 ‘nun
624 968 686 1010 surn
700 953 840 1012 remissus
854 952 890 1012 ad
905 962 950 1032 te,
972 952 1025 1014 sed
1039 971 1137 1012 rever·

133 1049 198 1091 sus:
227 1030 275 1091 rel
298 1031 322 1090 si
341 1048 400 1093 nou
423 1033 533 1110 credis,
561 1033 668 1094 dintitta
689 1044 719 1095 et
740 1039 876 1114 quaere!
917 1037 996 1098 rultn
1021 1054 1161 1116 qucques

132 1115 264 1175 interrito
280 1118 453 1194 permansit,
476 1127 652 1179 cumrcstra
666 1121 744 1180 iuxta
762 1119 928 1182 custoditas
944 1119 1137 1182 circumdatus

131 1200 206 1258 visui
222 1199 338 1278 populo·
348 1199 550 1278 praeberetur.
579 1203 741 1265 consuistis
756 1205 879 1282 insignia
892 1203 998 1281 Cileni,
1013 1204 1137 1283 Aquilae

133 1285 282 1362 praetoria
298 1283 500 1364 decernuntur.
582 1336 585 1340 ,

195 1365 246 1428 22.
273 1367 369 1428 lsdern
391 1369 558 1432 censalibus
584 1381 669 1431 atrox
695 1370 753 1430 cdii
779 1370 943 1450 Agrippina
969 1389 1005 1432 ac
1029 1371 1138 1434 Lolliae

133 1450 260 1529 intensa,
290 1451 368 1530 qnod
394 1470 493 1512 secum
522 1454 558 1513 de
588 1455 769 1514 matrimonio
790 1456 931 1533 principis
954 1455 1137 1530 certavisset,
1216 1475 1219 1480 ·

133 1535 248 1596 molitur
263 1537 379 1596 crimina
395 1545 424 1596 at
438 1545 653 1612 accusatorem,
670 1538 719 1617 qui
734 1535 865 1598 obiceret
880 1535 1062 1614 Chaldaeos,
1078 1555 1137 1598 rna·

132 1637 187 1696 gos
200 1620 466 1698 interrogatumque
477 1619 624 1700 Apollinis
636 1619 724 1682 illarii
736 1621 917 1682 simulacrum
929 1638 1019 1700 super
1030 1621 1137 1700 nuptiis

133 1704 325 1782 imperatoris.
363 1706 439 1764 enim
455 1702 591 1766 Claudius
605 1704 730 1766 inaudite
746 1721 797 1766 rea
811 1703 899 1764 marita
914 1703 950 1765 de
967 1703 1162 1767 claritudines

133 1789 195 1848 eins
210 1786 286 1865 apud
302 1795 430 1848 senatum
447 1788 611 1868 praelatus,
626 1805 728 1849 sarcre
741 1787 773 1848 L.
789 1787 902 1850 Volusii
918 1789 1061 1866 genitam,
1078 1805 1137 1848 rna·

133 1873 223 1932 iuram
240 1873 266 1930 ci
284 1879 414 1949 patruum
426 1871 540 1933 Guttam
547 1871 733 1954 Messalinum
745 1889 830 1948 csse,
844 1872 979 1933 Memmia
994 1871 1137 1950 quondam

131 1955 248 2032 Regula
264 1963 380 2034 nuptam
397 1958 478 2036 (narn
493 1955 529 2015 de
544 1955 596 2018 Gai
609 1954 746 2018 Caesaris
759 1957 866 2034 nuptiis
881 1956 1018 2017 consulto
1031 1958 1137 2017 retice·

132 2038 215 2114 bat),
233 2037 340 2099 addidit
354 2040 520 2118 perniciosa
532 2041 560 2100 in
575 2059 637 2100 rem
653 2040 796 2117 publicana
810 2039 930 2114 consilia
945 2049 975 2099 et
988 2041 1137 2100 materiem

10 2145 11 2184 l
132 2121 241 2183 sceleri
257 2121 477 2184 detrahendam:
495 2125 579 2202 proin
590 2123 745 2202 publicatis
759 2122 845 2184 banis
856 2123 974 2184 cederet
985 2122 1078 2184 ltalia.
1098 2125 1136 2183 ita
1147 2143 1171 2183 m

133 2206 344 2285 quinquagiens
363 2209 528 2268 sestertium
547 2224 585 2267 ex
606 2206 710 2285 opibus
732 2207 877 2268 immensis
895 2205 972 2266 exuli
994 2205 1136 2266 relictum.

132 2299 161 2350 et
176 2287 333 2368 Calpurnia
356 2290 482 2352 inlustris
502 2291 608 2352 femina
629 2283 819 2368 pervertitur,
840 2293 907 2369 qnia
930 2290 1052 2349 lumnam
1075 2291 1137 2349 eius

133 2373 299 2436 laudaverat
311 2376 461 2453 princeps,
475 2373 694 2451 nulla‘libidine,
708 2374 760 2434 sed
774 2374 893 2435 fortuito
904 2389 1050 2450 sermone,
1062 2371 1137 2433 unde

133 2459 175 2518 ira
186 2457 372 2536 Agrippinae
386 2459 458 2518 citra
470 2458 568 2518 ultima
579 2459 668 2524 stetu
693 2459 721 2516 in
732 2456 853 2520 Lolliam
865 2457 983 2517 mittitur
996 2456 1136 2533 nibnnus,

132 2559 218 2686 ἓξὲξ)
234 2541 406 2686 αῗὶηὶοιιοηι
420 2541 773 2686 ιᾰῐςῗίῗιιιτὲῖἶαωῃαιιιι
789 2550 818 2602 et
832 2541 900 2618 lege
914 2539 1137 2619 repetundarum
1147 2559 1172 2600 rs

196 2643 242 2686 rus
284 2643 491 2688 nusaccusan
536 2644 568 2685 ns
609 2644 617 2685 r
670 2643 723 2684 ars.

194 2709 244 2771 23.
265 2707 570 2772 GalliaeNarltonensi
583 2708 621 2770 ult
632 2643 781 2787 egregiam
791 2710 821 2768 in
835 2717 933 2788 patres
944 2710 1136 2770 reverentiam

130 2794 243 2870 datum,
267 2803 295 2854 ut
317 2787 502 2854 senatoribus
522 2795 584 2854 eins
602 2793 769 2872 provinciae
785 2809 843 2852 nun
865 2794 1009 2870 exquisita
1031 2793 1134 2872 princi·

131 2877 178 2954 pis
195 2878 353 2955 sententia,
377 2880 439 2938 iure
463 2895 520 2957 quo
537 2876 635 2937 Sicilia
650 2877 822 2951 haberetur,
847 2893 896 2936 res
917 2894 985 2938 suas
1008 2876 1135 2938 invisere

132 2963 245 3022 liceret.
281 2960 446 3040 Ituraeique
464 2969 493 3022 et
508 2959 606 3022 ludaei
622 2959 765 3020 dsinnntis
780 2958 917 3038 regibus,
933 2958 1077 3020 Schaeme
1093 2969 1134 3022 at·

10 3047 26 3079 ‘⁸
109 3060 118 3068 ·
132 3063 190 3126 quc
199 3044 347 3126 Agrippa,
359 3046 528 3126 provincias
537 3044 639 3106 Suriae
651 3043 746 3106 additi.
774 3042 879 3104 Salutis
892 3045 1040 3122 augurium
1053 3045 1157 3122 quin-c

132 3147 189 3208 que
207 3138 235 3191 et
249 3130 434 3209 septuaginta
448 3129 528 3190 annis
543 3129 678 3212 amissura
692 3129 787 3207 repeti
803 3144 839 3187 ae
853 3127 956 3190 deinde
972 3127 1133 3188 continuari
1224 3131 1229 3143 ’

134 3214 278 3292 placitum.
309 3223 338 3274 et
354 3214 513 3293 pomerium
528 3212 606 3274 urbis
622 3215 700 3272 auxit
716 3209 835 3290 Caesar,
850 3231 932 3277 mare
945 3213 1059 3296 prisce,
1075 3227 1132 3280 quc

133 3299 168 3358 iis
183 3300 230 3377 qul
242 3297 390 3378 protulere
405 3297 555 3378 imperium
565 3298 651 3358 etiam
662 3297 800 3358 terminos
816 3297 894 3358 urbis
907 3309 1073 3374 propagare
1085 3290 1132 3352 da·

133 3390 186 3442 tnr.
219 3401 273 3442 nec
288 3377 382 3443 tamen
397 3381 487 3442 duces
499 3382 638 3458 Romani,
655 3397 825 3460 quamquam
841 3378 953 3454 magnis
971 3373 1133 3434 nationibus

133 3465 276 3546 subactis,
293 3475 517 3546 usurpaverant,
535 3466 589 3525 nisi
603 3464 635 3525 L.
652 3463 732 3524 Sulla
747 3471 775 3523 et
792 3461 875 3522 divas
891 3457 1048 3534 Augustus.
1144 3473 1168 3512 aa
