<?xml version="1.0" encoding="UTF-8"?>
<!DOCTYPE html PUBLIC "-//W3C//DTD XHTML 1.0 Transitional//EN"
    "http://www.w3.org/TR/xhtml1/DTD/xhtml1-transitional.dtd">
<html xmlns="http://www.w3.org/1999/xhtml" xml:lang="en" lang="en">
 <head>
  <title>
</title>
<meta http-equiv="Content-Type" content="text/html;charset=utf-8" />
  <meta name='ocr-system' content='tesseract 3.04.00' />
  <meta name='ocr-capabilities' content='ocr_page ocr_carea ocr_par ocr_line ocrx_word'/>
</head>
<body>
  <div class='ocr_page' id='page_1' title='image "./libriquisupersu02tacigoog/libriquisupersu02tacigoog_0513.png"; bbox 0 0 2568 3870; ppageno 0'>
   <div class='ocr_carea' id='block_1_1' title="bbox 124 126 942 206">
    <p class='ocr_par' dir='ltr' id='par_1_1' title="bbox 124 126 942 206">
     <span class='ocr_line' id='line_1_1' title="bbox 124 126 942 206; baseline -0.007 -20"><span class='ocrx_word' id='word_1_1' title='bbox 124 198 128 206; x_wconf 27' lang='grc' dir='ltr'>Ι</span> <span class='ocrx_word' id='word_1_2' title='bbox 161 126 202 188; x_wconf 78' lang='grc'><strong>68</strong></span> <span class='ocrx_word' id='word_1_3' title='bbox 384 133 549 185; x_wconf 75' lang='lat' dir='ltr'><strong>coensem</strong></span> <span class='ocrx_word' id='word_1_4' title='bbox 567 131 685 183; x_wconf 77' lang='lat' dir='ltr'><strong>uncum</strong></span> <span class='ocrx_word' id='word_1_5' title='bbox 700 133 942 182; x_wconf 82' lang='lat' dir='ltr'><strong>msuomnnuu</strong></span> 
     </span>
    </p>
   </div>
   <div class='ocr_carea' id='block_1_2' title="bbox 129 284 1175 852">
    <p class='ocr_par' dir='ltr' id='par_1_2' title="bbox 163 284 1173 622">
     <span class='ocr_line' id='line_1_2' title="bbox 163 284 1168 366; baseline -0.01 -14"><span class='ocrx_word' id='word_1_6' title='bbox 163 289 295 352; x_wconf 77' lang='lat' dir='ltr'><strong>laudibus</strong></span> <span class='ocrx_word' id='word_1_7' title='bbox 314 297 343 349; x_wconf 94' lang='lat' dir='ltr'><strong>et</strong></span> <span class='ocrx_word' id='word_1_8' title='bbox 370 287 511 366; x_wconf 88' lang='lat' dir='ltr'><strong>lacrimis,</strong></span> <span class='ocrx_word' id='word_1_9' title='bbox 539 288 644 349; x_wconf 86' lang='lat' dir='ltr'><strong>volnus</strong></span> <span class='ocrx_word' id='word_1_10' title='bbox 668 305 826 366; x_wconf 89' lang='lat' dir='ltr'><strong>manusque</strong></span> <span class='ocrx_word' id='word_1_11' title='bbox 856 287 919 346; x_wconf 88' lang='lat' dir='ltr'><strong>eius</strong></span> <span class='ocrx_word' id='word_1_12' title='bbox 947 284 1168 346; x_wconf 73' lang='lat' dir='ltr'><strong>exosculantes.</strong></span> 
     </span>
     <span class='ocr_line' id='line_1_3' title="bbox 165 372 1172 454; baseline -0.009 -18"><span class='ocrx_word' id='word_1_13' title='bbox 165 375 278 454; x_wconf 87' lang='lat' dir='ltr'><strong>quidam</strong></span> <span class='ocrx_word' id='word_1_14' title='bbox 293 372 413 433; x_wconf 89' lang='lat' dir='ltr'><strong>militum</strong></span> <span class='ocrx_word' id='word_1_15' title='bbox 428 373 507 432; x_wconf 88' lang='lat' dir='ltr'><strong>iuxta</strong></span> <span class='ocrx_word' id='word_1_16' title='bbox 522 389 626 448; x_wconf 80' lang='lat' dir='ltr'><strong>rogum</strong></span> <span class='ocrx_word' id='word_1_17' title='bbox 642 373 817 432; x_wconf 71' lang='lat' dir='ltr'><strong>interfecere</strong></span> <span class='ocrx_word' id='word_1_18' title='bbox 835 389 885 447; x_wconf 90' lang='lat' dir='ltr'><strong>se,</strong></span> <span class='ocrx_word' id='word_1_19' title='bbox 901 387 959 430; x_wconf 91' lang='lat' dir='ltr'><strong>non</strong></span> <span class='ocrx_word' id='word_1_20' title='bbox 974 386 1051 429; x_wconf 80' lang='lat' dir='ltr'><strong>noxa</strong></span> <span class='ocrx_word' id='word_1_21' title='bbox 1070 386 1172 447; x_wconf 86' lang='lat' dir='ltr'><strong>neque</strong></span> 
     </span>
     <span class='ocr_line' id='line_1_4' title="bbox 164 453 1173 533; baseline -0.007 -15"><span class='ocrx_word' id='word_1_22' title='bbox 164 456 202 518; x_wconf 92' lang='lat' dir='ltr'><strong>ob</strong></span> <span class='ocrx_word' id='word_1_23' title='bbox 217 466 339 533; x_wconf 89' lang='lat' dir='ltr'><strong>metum,</strong></span> <span class='ocrx_word' id='word_1_24' title='bbox 355 455 408 515; x_wconf 88' lang='lat' dir='ltr'><strong>sed</strong></span> <span class='ocrx_word' id='word_1_25' title='bbox 424 456 619 516; x_wconf 76' lang='lat' dir='ltr'><strong>aemulatione</strong></span> <span class='ocrx_word' id='word_1_26' title='bbox 636 455 753 516; x_wconf 90' lang='lat' dir='ltr'><strong>decoris</strong></span> <span class='ocrx_word' id='word_1_27' title='bbox 767 463 797 515; x_wconf 92' lang='lat' dir='ltr'><strong>et</strong></span> <span class='ocrx_word' id='word_1_28' title='bbox 810 455 930 514; x_wconf 88' lang='lat' dir='ltr'><strong>caritate</strong></span> <span class='ocrx_word' id='word_1_29' title='bbox 947 453 1100 533; x_wconf 89' lang='lat' dir='ltr'><strong>principis.</strong></span> <span class='ocrx_word' id='word_1_30' title='bbox 1134 469 1173 512; x_wconf 91' lang='lat' dir='ltr'><strong>ac</strong></span> 
     </span>
     <span class='ocr_line' id='line_1_5' title="bbox 165 535 1171 622; baseline -0.007 -21"><span class='ocrx_word' id='word_1_31' title='bbox 165 550 267 622; x_wconf 90' lang='lat' dir='ltr'><strong>postea</strong></span> <span class='ocrx_word' id='word_1_32' title='bbox 287 539 432 620; x_wconf 87' lang='lat' dir='ltr'><strong>promisce</strong></span> <span class='ocrx_word' id='word_1_33' title='bbox 447 538 581 600; x_wconf 82' lang='lat' dir='ltr'><strong>Bedriaci</strong></span> <span class='ocrx_word' id='word_1_34' title='bbox 595 538 762 601; x_wconf 77' lang='lat' dir='ltr'><strong>Placentiae</strong></span> <span class='ocrx_word' id='word_1_35' title='bbox 774 536 897 617; x_wconf 84' lang='lat' dir='ltr'><strong>aliisque</strong></span> <span class='ocrx_word' id='word_1_36' title='bbox 914 539 942 596; x_wconf 94' lang='lat' dir='ltr'><strong>in</strong></span> <span class='ocrx_word' id='word_1_37' title='bbox 961 538 1065 597; x_wconf 90' lang='lat' dir='ltr'><strong>castris</strong></span> <span class='ocrx_word' id='word_1_38' title='bbox 1090 535 1171 596; x_wconf 79' lang='lat' dir='ltr'><strong>cele</strong></span> 
     </span>
    </p>

    <p class='ocr_par' dir='ltr' id='par_1_3' title="bbox 129 621 1175 852">
     <span class='ocr_line' id='line_1_6' title="bbox 129 621 1175 700; baseline -0.003 -19"><span class='ocrx_word' id='word_1_39' title='bbox 129 625 276 686; x_wconf 80' lang='lat' dir='ltr'><strong>rebratum</strong></span> <span class='ocrx_word' id='word_1_40' title='bbox 297 624 326 682; x_wconf 95' lang='lat' dir='ltr'><strong>id</strong></span> <span class='ocrx_word' id='word_1_41' title='bbox 345 640 437 700; x_wconf 77' lang='lat' dir='ltr'><strong>genus</strong></span> <span class='ocrx_word' id='word_1_42' title='bbox 456 623 567 683; x_wconf 87' lang='lat' dir='ltr'><strong>mortis.</strong></span> <span class='ocrx_word' id='word_1_43' title='bbox 598 621 703 682; x_wconf 86' lang='lat' dir='ltr'><strong>Othoni</strong></span> <span class='ocrx_word' id='word_1_44' title='bbox 726 621 911 700; x_wconf 79' lang='lat' dir='ltr'><strong>sepulchrum</strong></span> <span class='ocrx_word' id='word_1_45' title='bbox 927 629 1105 681; x_wconf 81' lang='lat' dir='ltr'><strong>exstructum</strong></span> <span class='ocrx_word' id='word_1_46' title='bbox 1126 627 1175 678; x_wconf 90' lang='lat' dir='ltr'><strong>est</strong></span> 
     </span>
     <span class='ocr_line' id='line_1_7' title="bbox 163 703 1175 782; baseline -0.006 -14"><span class='ocrx_word' id='word_1_47' title='bbox 163 707 306 768; x_wconf 89' lang='lat' dir='ltr'><strong>modicum</strong></span> <span class='ocrx_word' id='word_1_48' title='bbox 327 715 357 767; x_wconf 91' lang='lat' dir='ltr'><strong>et</strong></span> <span class='ocrx_word' id='word_1_49' title='bbox 380 723 552 767; x_wconf 88' lang='lat' dir='ltr'><strong>mansurum.</strong></span> <span class='ocrx_word' id='word_1_50' title='bbox 583 705 659 767; x_wconf 87' lang='lat' dir='ltr'><strong>hunc</strong></span> <span class='ocrx_word' id='word_1_51' title='bbox 679 707 756 766; x_wconf 82' lang='lat' dir='ltr'><strong>vitae</strong></span> <span class='ocrx_word' id='word_1_52' title='bbox 775 706 860 765; x_wconf 88' lang='lat' dir='ltr'><strong>linem</strong></span> <span class='ocrx_word' id='word_1_53' title='bbox 884 703 983 765; x_wconf 88' lang='lat' dir='ltr'><strong>habuit</strong></span> <span class='ocrx_word' id='word_1_54' title='bbox 996 704 1134 782; x_wconf 33' lang='lat' dir='ltr'><strong>septimo·</strong></span> <span class='ocrx_word' id='word_1_55' title='bbox 1144 711 1175 762; x_wconf 87' lang='lat' dir='ltr'><strong>et</strong></span> 
     </span>
     <span class='ocr_line' id='line_1_8' title="bbox 164 791 552 852; baseline -0.01 0"><span class='ocrx_word' id='word_1_56' title='bbox 164 793 331 852; x_wconf 88' lang='lat' dir='ltr'><strong>tricensimo</strong></span> <span class='ocrx_word' id='word_1_57' title='bbox 349 791 451 850; x_wconf 89' lang='lat' dir='ltr'><strong>aetatis</strong></span> <span class='ocrx_word' id='word_1_58' title='bbox 467 806 552 850; x_wconf 88' lang='lat' dir='ltr'><strong>anno.</strong></span> 
     </span>
    </p>
   </div>
   <div class='ocr_carea' id='block_1_3' title="bbox 165 869 1266 1037">
    <p class='ocr_par' dir='ltr' id='par_1_4' title="bbox 165 869 1266 1037">
     <span class='ocr_line' id='line_1_9' title="bbox 225 869 1266 952; baseline -0.005 -17"><span class='ocrx_word' id='word_1_59' title='bbox 225 875 275 937; x_wconf 83' lang='lat'><strong>50.</strong></span> <span class='ocrx_word' id='word_1_60' title='bbox 297 873 390 950; x_wconf 75' lang='lat' dir='ltr'><strong>Origo</strong></span> <span class='ocrx_word' id='word_1_61' title='bbox 414 873 455 934; x_wconf 94' lang='lat' dir='ltr'><strong>illi</strong></span> <span class='ocrx_word' id='word_1_62' title='bbox 478 891 494 932; x_wconf 93' lang='lat' dir='ltr'><strong>e</strong></span> <span class='ocrx_word' id='word_1_63' title='bbox 517 873 673 952; x_wconf 90' lang='lat' dir='ltr'><strong>municipio</strong></span> <span class='ocrx_word' id='word_1_64' title='bbox 695 871 871 949; x_wconf 82' lang='lat' dir='ltr'><strong>Ferentino,</strong></span> <span class='ocrx_word' id='word_1_65' title='bbox 893 880 978 952; x_wconf 87' lang='lat' dir='ltr'><strong>pater</strong></span> <span class='ocrx_word' id='word_1_66' title='bbox 994 869 1175 946; x_wconf 90' lang='lat' dir='ltr'><strong>consularis,</strong></span> <span class='ocrx_word' id='word_1_67' title='bbox 1259 913 1266 938; x_wconf 49' lang='grc' dir='ltr'><strong>,ι</strong></span> 
     </span>
     <span class='ocr_line' id='line_1_10' title="bbox 165 952 1264 1037; baseline -0.007 -18"><span class='ocrx_word' id='word_1_68' title='bbox 165 976 238 1019; x_wconf 85' lang='lat' dir='ltr'><strong>avus</strong></span> <span class='ocrx_word' id='word_1_69' title='bbox 259 959 438 1037; x_wconf 87' lang='lat' dir='ltr'><strong>praetorius;</strong></span> <span class='ocrx_word' id='word_1_70' title='bbox 466 965 623 1016; x_wconf 88' lang='lat' dir='ltr'><strong>maternum</strong></span> <span class='ocrx_word' id='word_1_71' title='bbox 649 974 742 1034; x_wconf 77' lang='lat' dir='ltr'><strong>genus</strong></span> <span class='ocrx_word' id='word_1_72' title='bbox 761 955 846 1034; x_wconf 88' lang='lat' dir='ltr'><strong>inpar</strong></span> <span class='ocrx_word' id='word_1_73' title='bbox 867 972 924 1014; x_wconf 91' lang='lat' dir='ltr'><strong>nec</strong></span> <span class='ocrx_word' id='word_1_74' title='bbox 938 964 1034 1014; x_wconf 91' lang='lat' dir='ltr'><strong>tamen</strong></span> <span class='ocrx_word' id='word_1_75' title='bbox 1049 952 1175 1012; x_wconf 91' lang='lat' dir='ltr'><strong>indecc-</strong></span> <span class='ocrx_word' id='word_1_76' title='bbox 1258 976 1264 989; x_wconf 95' lang='lat'>·</span> 
     </span>
    </p>
   </div>
   <div class='ocr_carea' id='block_1_4' title="bbox 164 1034 1174 1118">
    <p class='ocr_par' dir='ltr' id='par_1_5' title="bbox 164 1034 1174 1118">
     <span class='ocr_line' id='line_1_11' title="bbox 164 1034 1174 1118; baseline -0.007 -17"><span class='ocrx_word' id='word_1_77' title='bbox 164 1059 237 1102; x_wconf 89' lang='lat' dir='ltr'><strong>rum.</strong></span> <span class='ocrx_word' id='word_1_78' title='bbox 267 1041 391 1118; x_wconf 89' lang='lat' dir='ltr'><strong>pueritia</strong></span> <span class='ocrx_word' id='word_1_79' title='bbox 408 1056 443 1099; x_wconf 90' lang='lat' dir='ltr'><strong>ac</strong></span> <span class='ocrx_word' id='word_1_80' title='bbox 458 1041 592 1116; x_wconf 87' lang='lat' dir='ltr'><strong>iuventa,</strong></span> <span class='ocrx_word' id='word_1_81' title='bbox 610 1039 724 1116; x_wconf 88' lang='lat' dir='ltr'><strong>qualem</strong></span> <span class='ocrx_word' id='word_1_82' title='bbox 739 1039 971 1100; x_wconf 80' lang='lat' dir='ltr'><strong>monstravimus.</strong></span> <span class='ocrx_word' id='word_1_83' title='bbox 1000 1034 1113 1096; x_wconf 90' lang='lat' dir='ltr'><strong>duobus</strong></span> <span class='ocrx_word' id='word_1_84' title='bbox 1130 1037 1174 1095; x_wconf 85' lang='lat' dir='ltr'><strong>fa-</strong></span> 
     </span>
    </p>
   </div>
   <div class='ocr_carea' id='block_1_5' title="bbox 166 1119 1268 1199">
    <p class='ocr_par' dir='ltr' id='par_1_6' title="bbox 166 1119 1268 1199">
     <span class='ocr_line' id='line_1_12' title="bbox 166 1119 1268 1199; baseline -0.006 -15"><span class='ocrx_word' id='word_1_85' title='bbox 166 1121 330 1196; x_wconf 87' lang='lat' dir='ltr'><strong>cineribus,</strong></span> <span class='ocrx_word' id='word_1_86' title='bbox 360 1121 453 1182; x_wconf 88' lang='lat' dir='ltr'><strong>altero</strong></span> <span class='ocrx_word' id='word_1_87' title='bbox 470 1122 708 1199; x_wconf 77' lang='lat' dir='ltr'><strong>flagitiosissimo,</strong></span> <span class='ocrx_word' id='word_1_88' title='bbox 730 1122 823 1184; x_wconf 86' lang='lat' dir='ltr'><strong>altero</strong></span> <span class='ocrx_word' id='word_1_89' title='bbox 839 1123 982 1199; x_wconf 75' lang='lat' dir='ltr'><strong>egregio,</strong></span> <span class='ocrx_word' id='word_1_90' title='bbox 1005 1119 1173 1180; x_wconf 81' lang='lat' dir='ltr'><strong>tantundem</strong></span> <span class='ocrx_word' id='word_1_91' title='bbox 1267 1121 1268 1130; x_wconf 51' lang='lat'>³</span> 
     </span>
    </p>
   </div>
   <div class='ocr_carea' id='block_1_6' title="bbox 140 1203 1172 1285">
    <p class='ocr_par' dir='ltr' id='par_1_7' title="bbox 140 1203 1172 1285">
     <span class='ocr_line' id='line_1_13' title="bbox 140 1203 1172 1285; baseline 0 -23"><span class='ocrx_word' id='word_1_92' title='bbox 140 1206 241 1285; x_wconf 78' lang='lat' dir='ltr'><strong>capud</strong></span> <span class='ocrx_word' id='word_1_93' title='bbox 258 1214 396 1284; x_wconf 87' lang='lat' dir='ltr'><strong>posteros</strong></span> <span class='ocrx_word' id='word_1_94' title='bbox 411 1207 514 1266; x_wconf 89' lang='lat' dir='ltr'><strong>meruit</strong></span> <span class='ocrx_word' id='word_1_95' title='bbox 524 1205 624 1266; x_wconf 91' lang='lat' dir='ltr'><strong>&#39;bonae</strong></span> <span class='ocrx_word' id='word_1_96' title='bbox 647 1207 740 1266; x_wconf 90' lang='lat' dir='ltr'><strong>iamae</strong></span> <span class='ocrx_word' id='word_1_97' title='bbox 764 1214 897 1284; x_wconf 89' lang='lat' dir='ltr'><strong>quantum</strong></span> <span class='ocrx_word' id='word_1_98' title='bbox 920 1203 1024 1264; x_wconf 90' lang='lat' dir='ltr'><strong>malae.</strong></span> <span class='ocrx_word' id='word_1_99' title='bbox 1054 1210 1085 1262; x_wconf 87' lang='lat' dir='ltr'><strong>ut</strong></span> <span class='ocrx_word' id='word_1_100' title='bbox 1102 1221 1172 1263; x_wconf 92' lang='lat' dir='ltr'><strong>con·</strong></span> 
     </span>
    </p>
   </div>
   <div class='ocr_carea' id='block_1_7' title="bbox 166 1285 1269 1369">
    <p class='ocr_par' dir='ltr' id='par_1_8' title="bbox 166 1285 1269 1369">
     <span class='ocr_line' id='line_1_14' title="bbox 166 1285 1269 1369; baseline -0.006 -19"><span class='ocrx_word' id='word_1_101' title='bbox 166 1290 282 1369; x_wconf 83' lang='lat' dir='ltr'><strong>quirere</strong></span> <span class='ocrx_word' id='word_1_102' title='bbox 298 1288 430 1350; x_wconf 81' lang='lat' dir='ltr'><strong>fabulosa</strong></span> <span class='ocrx_word' id='word_1_103' title='bbox 444 1299 475 1350; x_wconf 88' lang='lat' dir='ltr'><strong>et</strong></span> <span class='ocrx_word' id='word_1_104' title='bbox 489 1289 565 1349; x_wconf 87' lang='lat' dir='ltr'><strong>lictis</strong></span> <span class='ocrx_word' id='word_1_105' title='bbox 581 1289 732 1350; x_wconf 90' lang='lat' dir='ltr'><strong>oblectare</strong></span> <span class='ocrx_word' id='word_1_106' title='bbox 752 1288 909 1366; x_wconf 76' lang='lat' dir='ltr'><strong>legentium</strong></span> <span class='ocrx_word' id='word_1_107' title='bbox 931 1289 1043 1347; x_wconf 89' lang='lat' dir='ltr'><strong>animos</strong></span> <span class='ocrx_word' id='word_1_108' title='bbox 1066 1285 1168 1366; x_wconf 90' lang='lat' dir='ltr'><strong>procul</strong></span> <span class='ocrx_word' id='word_1_109' title='bbox 1268 1321 1269 1362; x_wconf 55' lang='grc' dir='ltr'><strong>ι</strong></span> 
     </span>
    </p>
   </div>
   <div class='ocr_carea' id='block_1_8' title="bbox 165 1369 1171 1536">
    <p class='ocr_par' dir='ltr' id='par_1_9' title="bbox 165 1369 1171 1536">
     <span class='ocr_line' id='line_1_15' title="bbox 165 1369 1167 1452; baseline -0.006 -18"><span class='ocrx_word' id='word_1_110' title='bbox 165 1373 310 1452; x_wconf 69' lang='lat' dir='ltr'><strong>gravitate</strong></span> <span class='ocrx_word' id='word_1_111' title='bbox 328 1375 427 1452; x_wconf 89' lang='lat' dir='ltr'><strong>coepti</strong></span> <span class='ocrx_word' id='word_1_112' title='bbox 451 1375 551 1452; x_wconf 91' lang='lat' dir='ltr'><strong>operis</strong></span> <span class='ocrx_word' id='word_1_113' title='bbox 573 1372 762 1444; x_wconf 73' lang='lat' dir='ltr'><strong>crediderim,</strong></span> <span class='ocrx_word' id='word_1_114' title='bbox 787 1375 825 1434; x_wconf 92' lang='lat' dir='ltr'><strong>ita</strong></span> <span class='ocrx_word' id='word_1_115' title='bbox 849 1372 978 1450; x_wconf 80' lang='lat' dir='ltr'><strong>volgatis</strong></span> <span class='ocrx_word' id='word_1_116' title='bbox 999 1369 1167 1448; x_wconf 81' lang='lat' dir='ltr'><strong>traditisque</strong></span> 
     </span>
     <span class='ocr_line' id='line_1_16' title="bbox 166 1453 1171 1536; baseline -0.006 -18"><span class='ocrx_word' id='word_1_117' title='bbox 166 1457 285 1518; x_wconf 89' lang='lat' dir='ltr'><strong>demere</strong></span> <span class='ocrx_word' id='word_1_118' title='bbox 301 1456 385 1517; x_wconf 87' lang='lat' dir='ltr'><strong>fldem</strong></span> <span class='ocrx_word' id='word_1_119' title='bbox 399 1474 457 1517; x_wconf 94' lang='lat' dir='ltr'><strong>non</strong></span> <span class='ocrx_word' id='word_1_120' title='bbox 472 1458 572 1518; x_wconf 91' lang='lat' dir='ltr'><strong>ausim.</strong></span> <span class='ocrx_word' id='word_1_121' title='bbox 604 1457 650 1517; x_wconf 93' lang='lat' dir='ltr'><strong>die</strong></span> <span class='ocrx_word' id='word_1_122' title='bbox 667 1474 724 1536; x_wconf 84' lang='lat' dir='ltr'><strong>quo</strong></span> <span class='ocrx_word' id='word_1_123' title='bbox 741 1455 874 1516; x_wconf 76' lang='lat' dir='ltr'><strong>Bedriaci</strong></span> <span class='ocrx_word' id='word_1_124' title='bbox 891 1453 1070 1532; x_wconf 77' lang='lat' dir='ltr'><strong>certabatur,</strong></span> <span class='ocrx_word' id='word_1_125' title='bbox 1088 1472 1171 1514; x_wconf 81' lang='lat' dir='ltr'><strong>avem</strong></span> 
     </span>
    </p>
   </div>
   <div class='ocr_carea' id='block_1_9' title="bbox 166 1538 1270 1619">
    <p class='ocr_par' dir='ltr' id='par_1_10' title="bbox 166 1538 1270 1619">
     <span class='ocr_line' id='line_1_17' title="bbox 166 1538 1270 1619; baseline -0.002 -19"><span class='ocrx_word' id='word_1_126' title='bbox 166 1540 309 1600; x_wconf 82' lang='lat' dir='ltr'><strong>invisitata</strong></span> <span class='ocrx_word' id='word_1_127' title='bbox 331 1541 431 1619; x_wconf 89' lang='lat' dir='ltr'><strong>specie</strong></span> <span class='ocrx_word' id='word_1_128' title='bbox 453 1540 528 1619; x_wconf 86' lang='lat' dir='ltr'><strong>apud</strong></span> <span class='ocrx_word' id='word_1_129' title='bbox 555 1541 678 1618; x_wconf 77' lang='lat' dir='ltr'><strong>Regium</strong></span> <span class='ocrx_word' id='word_1_130' title='bbox 698 1539 835 1618; x_wconf 91' lang='lat' dir='ltr'><strong>Lepidum</strong></span> <span class='ocrx_word' id='word_1_131' title='bbox 856 1538 967 1599; x_wconf 89' lang='lat' dir='ltr'><strong>celebri</strong></span> <span class='ocrx_word' id='word_1_132' title='bbox 982 1539 1049 1598; x_wconf 91' lang='lat' dir='ltr'><strong>luco</strong></span> <span class='ocrx_word' id='word_1_133' title='bbox 1067 1555 1170 1598; x_wconf 88' lang='lat' dir='ltr'><strong>conse·</strong></span> <span class='ocrx_word' id='word_1_134' title='bbox 1269 1541 1270 1550; x_wconf 75' lang='grc'>’</span> 
     </span>
    </p>
   </div>
   <div class='ocr_carea' id='block_1_10' title="bbox 132 1622 1174 1785">
    <p class='ocr_par' dir='ltr' id='par_1_11' title="bbox 132 1622 1174 1785">
     <span class='ocr_line' id='line_1_18' title="bbox 132 1622 1172 1702; baseline -0.003 -17"><span class='ocrx_word' id='word_1_135' title='bbox 132 1623 246 1685; x_wconf 70' lang='lat' dir='ltr'><strong>audisse</strong></span> <span class='ocrx_word' id='word_1_136' title='bbox 260 1624 376 1684; x_wconf 87' lang='lat' dir='ltr'><strong>incolae</strong></span> <span class='ocrx_word' id='word_1_137' title='bbox 391 1633 564 1701; x_wconf 86' lang='lat' dir='ltr'><strong>memorant,</strong></span> <span class='ocrx_word' id='word_1_138' title='bbox 581 1641 676 1702; x_wconf 86' lang='lat' dir='ltr'><strong>neque</strong></span> <span class='ocrx_word' id='word_1_139' title='bbox 692 1623 758 1683; x_wconf 95' lang='lat' dir='ltr'><strong>inde</strong></span> <span class='ocrx_word' id='word_1_140' title='bbox 775 1632 862 1684; x_wconf 87' lang='lat' dir='ltr'><strong>coetu</strong></span> <span class='ocrx_word' id='word_1_141' title='bbox 880 1622 1024 1683; x_wconf 92' lang='lat' dir='ltr'><strong>hominum</strong></span> <span class='ocrx_word' id='word_1_142' title='bbox 1046 1631 1095 1682; x_wconf 91' lang='lat' dir='ltr'><strong>aut</strong></span> <span class='ocrx_word' id='word_1_143' title='bbox 1116 1623 1172 1682; x_wconf 89' lang='lat' dir='ltr'><strong>cir·</strong></span> 
     </span>
     <span class='ocr_line' id='line_1_19' title="bbox 168 1704 1174 1785; baseline 0 -19"><span class='ocrx_word' id='word_1_144' title='bbox 168 1707 410 1766; x_wconf 81' lang='lat' dir='ltr'><strong>cumvolitantium</strong></span> <span class='ocrx_word' id='word_1_145' title='bbox 424 1707 522 1766; x_wconf 86' lang='lat' dir='ltr'><strong>alitum</strong></span> <span class='ocrx_word' id='word_1_146' title='bbox 538 1709 665 1767; x_wconf 88' lang='lat' dir='ltr'><strong>territam</strong></span> <span class='ocrx_word' id='word_1_147' title='bbox 679 1706 838 1785; x_wconf 83' lang='lat' dir='ltr'><strong>pulsamve,</strong></span> <span class='ocrx_word' id='word_1_148' title='bbox 855 1706 951 1766; x_wconf 92' lang='lat' dir='ltr'><strong>donec</strong></span> <span class='ocrx_word' id='word_1_149' title='bbox 963 1704 1038 1765; x_wconf 86' lang='lat' dir='ltr'><strong>Otho</strong></span> <span class='ocrx_word' id='word_1_150' title='bbox 1055 1724 1089 1766; x_wconf 87' lang='lat' dir='ltr'><strong>se</strong></span> <span class='ocrx_word' id='word_1_151' title='bbox 1106 1708 1174 1784; x_wconf 90' lang='lat' dir='ltr'><strong>ipse</strong></span> 
     </span>
    </p>
   </div>
   <div class='ocr_carea' id='block_1_11' title="bbox 165 1789 1175 1868">
    <p class='ocr_par' dir='ltr' id='par_1_12' title="bbox 165 1777 1271 1868">
     <span class='ocr_line' id='line_1_20' title="bbox 165 1789 1175 1868; baseline 0.003 -21"><span class='ocrx_word' id='word_1_152' title='bbox 165 1789 359 1856; x_wconf 76' lang='lat' dir='ltr'><strong>interficeret:</strong></span> <span class='ocrx_word' id='word_1_153' title='bbox 377 1798 436 1848; x_wconf 90' lang='lat' dir='ltr'><strong>tum</strong></span> <span class='ocrx_word' id='word_1_154' title='bbox 450 1789 574 1850; x_wconf 86' lang='lat' dir='ltr'><strong>ablatam</strong></span> <span class='ocrx_word' id='word_1_155' title='bbox 589 1808 627 1848; x_wconf 85' lang='lat' dir='ltr'><strong>ex</strong></span> <span class='ocrx_word' id='word_1_156' title='bbox 641 1791 750 1852; x_wconf 90' lang='lat' dir='ltr'><strong>oculis:</strong></span> <span class='ocrx_word' id='word_1_157' title='bbox 769 1799 799 1851; x_wconf 91' lang='lat' dir='ltr'><strong>et</strong></span> <span class='ocrx_word' id='word_1_158' title='bbox 812 1799 945 1868; x_wconf 89' lang='lat' dir='ltr'><strong>tempora</strong></span> <span class='ocrx_word' id='word_1_159' title='bbox 969 1790 1175 1868; x_wconf 90' lang='lat' dir='ltr'><strong>reputantibus</strong></span> 
     </span>
    </p>
   </div>
   <div class='ocr_carea' id='block_1_12' title="bbox 46 1872 1174 3374">
    <p class='ocr_par' dir='ltr' id='par_1_13' title="bbox 166 1872 1098 1952">
     <span class='ocr_line' id='line_1_21' title="bbox 166 1872 1098 1952; baseline 0.004 -22"><span class='ocrx_word' id='word_1_160' title='bbox 166 1872 275 1930; x_wconf 90' lang='lat' dir='ltr'><strong>initium</strong></span> <span class='ocrx_word' id='word_1_161' title='bbox 293 1872 435 1951; x_wconf 84' lang='lat' dir='ltr'><strong>finemque</strong></span> <span class='ocrx_word' id='word_1_162' title='bbox 450 1872 579 1932; x_wconf 90' lang='lat' dir='ltr'><strong>miraculi</strong></span> <span class='ocrx_word' id='word_1_163' title='bbox 596 1890 659 1933; x_wconf 90' lang='lat' dir='ltr'><strong>cum</strong></span> <span class='ocrx_word' id='word_1_164' title='bbox 678 1873 798 1934; x_wconf 89' lang='lat' dir='ltr'><strong>Othonis</strong></span> <span class='ocrx_word' id='word_1_165' title='bbox 813 1875 892 1934; x_wconf 82' lang='lat' dir='ltr'><strong>exitu</strong></span> <span class='ocrx_word' id='word_1_166' title='bbox 909 1875 1098 1952; x_wconf 88' lang='lat' dir='ltr'><strong>competisse.</strong></span> 
     </span>
    </p>

    <p class='ocr_par' dir='ltr' id='par_1_14' title="bbox 165 1952 1174 2286">
     <span class='ocr_line' id='line_1_22' title="bbox 229 1952 1174 2034; baseline 0.004 -21"><span class='ocrx_word' id='word_1_167' title='bbox 229 1954 280 2014; x_wconf 75' lang='lat'><strong>51.</strong></span> <span class='ocrx_word' id='word_1_168' title='bbox 302 1952 334 2014; x_wconf 93' lang='lat' dir='ltr'><strong>ln</strong></span> <span class='ocrx_word' id='word_1_169' title='bbox 348 1955 450 2015; x_wconf 88' lang='lat' dir='ltr'><strong>iuuere</strong></span> <span class='ocrx_word' id='word_1_170' title='bbox 465 1957 527 2015; x_wconf 90' lang='lat' dir='ltr'><strong>eius</strong></span> <span class='ocrx_word' id='word_1_171' title='bbox 544 1966 651 2017; x_wconf 86' lang='lat' dir='ltr'><strong>novata</strong></span> <span class='ocrx_word' id='word_1_172' title='bbox 667 1957 744 2017; x_wconf 92' lang='lat' dir='ltr'><strong>luctu</strong></span> <span class='ocrx_word' id='word_1_173' title='bbox 756 1973 791 2016; x_wconf 92' lang='lat' dir='ltr'><strong>ac</strong></span> <span class='ocrx_word' id='word_1_174' title='bbox 803 1956 907 2017; x_wconf 92' lang='lat' dir='ltr'><strong>dolore</strong></span> <span class='ocrx_word' id='word_1_175' title='bbox 921 1956 1039 2016; x_wconf 88' lang='lat' dir='ltr'><strong>militum</strong></span> <span class='ocrx_word' id='word_1_176' title='bbox 1052 1957 1174 2034; x_wconf 89' lang='lat' dir='ltr'><strong>seditio,</strong></span> 
     </span>
     <span class='ocr_line' id='line_1_23' title="bbox 165 2038 1174 2117; baseline 0.004 -21"><span class='ocrx_word' id='word_1_177' title='bbox 165 2054 223 2096; x_wconf 93' lang='lat' dir='ltr'><strong>nec</strong></span> <span class='ocrx_word' id='word_1_178' title='bbox 239 2045 302 2097; x_wconf 89' lang='lat' dir='ltr'><strong>erat</strong></span> <span class='ocrx_word' id='word_1_179' title='bbox 316 2038 365 2117; x_wconf 84' lang='lat' dir='ltr'><strong>qui</strong></span> <span class='ocrx_word' id='word_1_180' title='bbox 381 2048 545 2099; x_wconf 87' lang='lat' dir='ltr'><strong>coerceret.</strong></span> <span class='ocrx_word' id='word_1_181' title='bbox 575 2040 610 2101; x_wconf 91' lang='lat' dir='ltr'><strong>ad</strong></span> <span class='ocrx_word' id='word_1_182' title='bbox 631 2041 802 2117; x_wconf 77' lang='lat' dir='ltr'><strong>Verginium</strong></span> <span class='ocrx_word' id='word_1_183' title='bbox 822 2040 919 2117; x_wconf 79' lang='lat' dir='ltr'><strong>uersi,</strong></span> <span class='ocrx_word' id='word_1_184' title='bbox 939 2041 1025 2100; x_wconf 94' lang='lat' dir='ltr'><strong>modo</strong></span> <span class='ocrx_word' id='word_1_185' title='bbox 1048 2049 1078 2100; x_wconf 89' lang='lat' dir='ltr'><strong>ut</strong></span> <span class='ocrx_word' id='word_1_186' title='bbox 1095 2043 1174 2100; x_wconf 89' lang='lat' dir='ltr'><strong>reci·</strong></span> 
     </span>
     <span class='ocr_line' id='line_1_24' title="bbox 166 2121 1174 2202; baseline 0.005 -23"><span class='ocrx_word' id='word_1_187' title='bbox 166 2129 252 2199; x_wconf 91' lang='lat' dir='ltr'><strong>peret</strong></span> <span class='ocrx_word' id='word_1_188' title='bbox 266 2122 433 2199; x_wconf 90' lang='lat' dir='ltr'><strong>imperium,</strong></span> <span class='ocrx_word' id='word_1_189' title='bbox 450 2140 527 2185; x_wconf 88' lang='lat' dir='ltr'><strong>nunc</strong></span> <span class='ocrx_word' id='word_1_190' title='bbox 538 2132 569 2182; x_wconf 89' lang='lat' dir='ltr'><strong>ut</strong></span> <span class='ocrx_word' id='word_1_191' title='bbox 580 2123 727 2200; x_wconf 75' lang='lat' dir='ltr'><strong>legatione</strong></span> <span class='ocrx_word' id='word_1_192' title='bbox 746 2123 823 2202; x_wconf 91' lang='lat' dir='ltr'><strong>apud</strong></span> <span class='ocrx_word' id='word_1_193' title='bbox 837 2121 990 2185; x_wconf 82' lang='lat' dir='ltr'><strong>Caecinam</strong></span> <span class='ocrx_word' id='word_1_194' title='bbox 1009 2141 1044 2184; x_wconf 92' lang='lat' dir='ltr'><strong>ac</strong></span> <span class='ocrx_word' id='word_1_195' title='bbox 1061 2124 1174 2184; x_wconf 90' lang='lat' dir='ltr'><strong>Valen-</strong></span> 
     </span>
     <span class='ocr_line' id='line_1_25' title="bbox 166 2203 1174 2286; baseline 0.007 -24"><span class='ocrx_word' id='word_1_196' title='bbox 166 2211 224 2264; x_wconf 86' lang='lat' dir='ltr'><strong>tem</strong></span> <span class='ocrx_word' id='word_1_197' title='bbox 246 2203 431 2281; x_wconf 76' lang='lat' dir='ltr'><strong>iungeretur,</strong></span> <span class='ocrx_word' id='word_1_198' title='bbox 452 2207 615 2267; x_wconf 91' lang='lat' dir='ltr'><strong>minitantes</strong></span> <span class='ocrx_word' id='word_1_199' title='bbox 632 2205 770 2266; x_wconf 91' lang='lat' dir='ltr'><strong>orabant:</strong></span> <span class='ocrx_word' id='word_1_200' title='bbox 793 2207 950 2284; x_wconf 79' lang='lat' dir='ltr'><strong>Verginius</strong></span> <span class='ocrx_word' id='word_1_201' title='bbox 969 2224 1022 2286; x_wconf 94' lang='lat' dir='ltr'><strong>per</strong></span> <span class='ocrx_word' id='word_1_202' title='bbox 1036 2224 1174 2269; x_wconf 86' lang='lat' dir='ltr'><strong>aversam</strong></span> 
     </span>
    </p>

    <p class='ocr_par' dir='ltr' id='par_1_15' title="bbox 46 2285 1174 3374">
     <span class='ocr_line' id='line_1_26' title="bbox 145 2285 1173 2369; baseline 0.008 -25"><span class='ocrx_word' id='word_1_203' title='bbox 145 2285 269 2345; x_wconf 76' lang='lat' dir='ltr'><strong>edemus</strong></span> <span class='ocrx_word' id='word_1_204' title='bbox 289 2295 401 2364; x_wconf 90' lang='lat' dir='ltr'><strong>partem</strong></span> <span class='ocrx_word' id='word_1_205' title='bbox 422 2289 517 2348; x_wconf 90' lang='lat' dir='ltr'><strong>iurtim</strong></span> <span class='ocrx_word' id='word_1_206' title='bbox 538 2289 688 2366; x_wconf 77' lang='lat' dir='ltr'><strong>digressus</strong></span> <span class='ocrx_word' id='word_1_207' title='bbox 710 2292 909 2369; x_wconf 76' lang='lat' dir='ltr'><strong>inrumpentes</strong></span> <span class='ocrx_word' id='word_1_208' title='bbox 932 2290 1084 2350; x_wconf 78' lang='lat' dir='ltr'><strong>iaushatus</strong></span> <span class='ocrx_word' id='word_1_209' title='bbox 1114 2302 1173 2352; x_wconf 85' lang='lat' dir='ltr'><strong>est.</strong></span> 
     </span>
     <span class='ocr_line' id='line_1_27' title="bbox 167 2369 1174 2454; baseline 0.009 -27"><span class='ocrx_word' id='word_1_210' title='bbox 167 2385 264 2428; x_wconf 91' lang='lat' dir='ltr'><strong>earum</strong></span> <span class='ocrx_word' id='word_1_211' title='bbox 281 2385 355 2447; x_wconf 82' lang='lat' dir='ltr'><strong>quae</strong></span> <span class='ocrx_word' id='word_1_212' title='bbox 369 2369 490 2432; x_wconf 84' lang='lat' dir='ltr'><strong>Brixelli</strong></span> <span class='ocrx_word' id='word_1_213' title='bbox 507 2381 630 2450; x_wconf 80' lang='lat' dir='ltr'><strong>egerant</strong></span> <span class='ocrx_word' id='word_1_214' title='bbox 645 2373 806 2434; x_wconf 88' lang='lat' dir='ltr'><strong>cohortium</strong></span> <span class='ocrx_word' id='word_1_215' title='bbox 828 2391 936 2454; x_wconf 77' lang='lat' dir='ltr'><strong>preces</strong></span> <span class='ocrx_word' id='word_1_216' title='bbox 956 2371 1081 2434; x_wconf 82' lang='lat' dir='ltr'><strong>Rubrius</strong></span> <span class='ocrx_word' id='word_1_217' title='bbox 1103 2373 1174 2436; x_wconf 86' lang='lat' dir='ltr'><strong>(ial-</strong></span> 
     </span>
     <span class='ocr_line' id='line_1_28' title="bbox 83 2451 1172 2535; baseline 0.008 -25"><span class='ocrx_word' id='word_1_218' title='bbox 83 2513 86 2520; x_wconf 70' lang='grc'>,</span> <span class='ocrx_word' id='word_1_219' title='bbox 165 2451 212 2511; x_wconf 90' lang='lat' dir='ltr'><strong>lus</strong></span> <span class='ocrx_word' id='word_1_220' title='bbox 224 2451 298 2528; x_wconf 91' lang='lat' dir='ltr'><strong>tulit,</strong></span> <span class='ocrx_word' id='word_1_221' title='bbox 319 2461 349 2512; x_wconf 94' lang='lat' dir='ltr'><strong>et</strong></span> <span class='ocrx_word' id='word_1_222' title='bbox 370 2454 455 2514; x_wconf 84' lang='lat' dir='ltr'><strong>venia</strong></span> <span class='ocrx_word' id='word_1_223' title='bbox 478 2457 572 2515; x_wconf 87' lang='lat' dir='ltr'><strong>statim</strong></span> <span class='ocrx_word' id='word_1_224' title='bbox 593 2458 762 2535; x_wconf 87' lang='lat' dir='ltr'><strong>impetrata,</strong></span> <span class='ocrx_word' id='word_1_225' title='bbox 784 2456 1012 2519; x_wconf 83' lang='lat' dir='ltr'><strong>concedentibus</strong></span> <span class='ocrx_word' id='word_1_226' title='bbox 1026 2457 1172 2520; x_wconf 87' lang='lat' dir='ltr'><strong>advicto-</strong></span> 
     </span>
     <span class='ocr_line' id='line_1_29' title="bbox 97 2533 1171 2705; baseline 0.013 -31"><span class='ocrx_word' id='word_1_227' title='bbox 97 2533 753 2702; x_wconf 36' lang='lat' dir='ltr'><strong>·11‘md&#39;iltihhllthiltli</strong></span> <span class='ocrx_word' id='word_1_228' title='bbox 772 2540 1171 2705; x_wconf 54' lang='lat' dir='ltr'><strong>bilichildem</strong></span> 
     </span>
     <span class='ocr_line' id='line_1_30' title="bbox 166 2700 1172 2785; baseline 0.011 -25"><span class='ocrx_word' id='word_1_229' title='bbox 166 2700 321 2761; x_wconf 87' lang='lat' dir='ltr'><strong>discrimen</strong></span> <span class='ocrx_word' id='word_1_230' title='bbox 335 2701 413 2780; x_wconf 88' lang='lat' dir='ltr'><strong>adiit,</strong></span> <span class='ocrx_word' id='word_1_231' title='bbox 430 2703 565 2782; x_wconf 88' lang='lat' dir='ltr'><strong>proiecta</strong></span> <span class='ocrx_word' id='word_1_232' title='bbox 581 2723 645 2768; x_wconf 89' lang='lat' dir='ltr'><strong>curn</strong></span> <span class='ocrx_word' id='word_1_233' title='bbox 661 2706 776 2769; x_wconf 83' lang='lat' dir='ltr'><strong>Othone</strong></span> <span class='ocrx_word' id='word_1_234' title='bbox 792 2705 829 2768; x_wconf 88' lang='lat' dir='ltr'><strong>ab</strong></span> <span class='ocrx_word' id='word_1_235' title='bbox 843 2707 934 2785; x_wconf 89' lang='lat' dir='ltr'><strong>urbe,</strong></span> <span class='ocrx_word' id='word_1_236' title='bbox 956 2707 1022 2768; x_wconf 95' lang='lat' dir='ltr'><strong>dein</strong></span> <span class='ocrx_word' id='word_1_237' title='bbox 1042 2709 1172 2771; x_wconf 88' lang='lat' dir='ltr'><strong>llutinae</strong></span> 
     </span>
     <span class='ocr_line' id='line_1_31' title="bbox 165 2782 1171 2869; baseline 0.012 -27"><span class='ocrx_word' id='word_1_238' title='bbox 165 2782 280 2843; x_wconf 90' lang='lat' dir='ltr'><strong>relicta.</strong></span> <span class='ocrx_word' id='word_1_239' title='bbox 315 2783 385 2844; x_wconf 93' lang='lat' dir='ltr'><strong>illuc</strong></span> <span class='ocrx_word' id='word_1_240' title='bbox 400 2785 525 2848; x_wconf 84' lang='lat' dir='ltr'><strong>adverso</strong></span> <span class='ocrx_word' id='word_1_241' title='bbox 542 2789 579 2850; x_wconf 97' lang='lat' dir='ltr'><strong>de</strong></span> <span class='ocrx_word' id='word_1_242' title='bbox 595 2791 708 2869; x_wconf 93' lang='lat' dir='ltr'><strong>proelio</strong></span> <span class='ocrx_word' id='word_1_243' title='bbox 724 2791 864 2864; x_wconf 82' lang='lat' dir='ltr'><strong>adlatum:</strong></span> <span class='ocrx_word' id='word_1_244' title='bbox 879 2791 931 2852; x_wconf 90' lang='lat' dir='ltr'><strong>sed</strong></span> <span class='ocrx_word' id='word_1_245' title='bbox 946 2792 1052 2853; x_wconf 92' lang='lat' dir='ltr'><strong>milites</strong></span> <span class='ocrx_word' id='word_1_246' title='bbox 1068 2802 1098 2852; x_wconf 91' lang='lat' dir='ltr'><strong>ut</strong></span> <span class='ocrx_word' id='word_1_247' title='bbox 1115 2794 1171 2854; x_wconf 89' lang='lat' dir='ltr'><strong>ial-</strong></span> 
     </span>
     <span class='ocr_line' id='line_1_32' title="bbox 166 2875 1172 2954; baseline 0.012 -28"><span class='ocrx_word' id='word_1_248' title='bbox 166 2882 229 2926; x_wconf 85' lang='lat' dir='ltr'><strong>aum</strong></span> <span class='ocrx_word' id='word_1_249' title='bbox 250 2883 393 2930; x_wconf 88' lang='lat' dir='ltr'><strong>rumorem</strong></span> <span class='ocrx_word' id='word_1_250' title='bbox 413 2881 622 2954; x_wconf 88' lang='lat' dir='ltr'><strong>aspernantes,</strong></span> <span class='ocrx_word' id='word_1_251' title='bbox 655 2875 731 2952; x_wconf 86' lang='lat' dir='ltr'><strong>quod</strong></span> <span class='ocrx_word' id='word_1_252' title='bbox 747 2875 889 2936; x_wconf 85' lang='lat' dir='ltr'><strong>infensum</strong></span> <span class='ocrx_word' id='word_1_253' title='bbox 909 2875 1016 2936; x_wconf 87' lang='lat' dir='ltr'><strong>Othoni</strong></span> <span class='ocrx_word' id='word_1_254' title='bbox 1038 2886 1172 2938; x_wconf 89' lang='lat' dir='ltr'><strong>senatum</strong></span> 
     </span>
     <span class='ocr_line' id='line_1_33' title="bbox 143 2947 1171 3040; baseline 0.016 -33"><span class='ocrx_word' id='word_1_255' title='bbox 143 2947 394 3029; x_wconf 82' lang='lat' dir='ltr'><strong>sarbitrabantur,</strong></span> <span class='ocrx_word' id='word_1_256' title='bbox 417 2955 564 3018; x_wconf 90' lang='lat' dir='ltr'><strong>custodire</strong></span> <span class='ocrx_word' id='word_1_257' title='bbox 586 2974 753 3036; x_wconf 89' lang='lat' dir='ltr'><strong>sermones,</strong></span> <span class='ocrx_word' id='word_1_258' title='bbox 776 2959 885 3020; x_wconf 84' lang='lat' dir='ltr'><strong>uoltum</strong></span> <span class='ocrx_word' id='word_1_259' title='bbox 904 2958 1090 3040; x_wconf 83' lang='lat' dir='ltr'><strong>habitumque</strong></span> <span class='ocrx_word' id='word_1_260' title='bbox 1110 2969 1171 3023; x_wconf 72' lang='lat' dir='ltr'><strong>ha-</strong></span> 
     </span>
     <span class='ocr_line' id='line_1_34' title="bbox 166 3031 1172 3122; baseline 0.014 -30"><span class='ocrx_word' id='word_1_261' title='bbox 166 3031 238 3093; x_wconf 88' lang='lat' dir='ltr'><strong>here</strong></span> <span class='ocrx_word' id='word_1_262' title='bbox 252 3033 281 3092; x_wconf 92' lang='lat' dir='ltr'><strong>in</strong></span> <span class='ocrx_word' id='word_1_263' title='bbox 307 3032 451 3106; x_wconf 85' lang='lat' dir='ltr'><strong>deterius;</strong></span> <span class='ocrx_word' id='word_1_264' title='bbox 475 3041 615 3101; x_wconf 83' lang='lat' dir='ltr'><strong>conviciis</strong></span> <span class='ocrx_word' id='word_1_265' title='bbox 636 3052 784 3120; x_wconf 87' lang='lat' dir='ltr'><strong>postremo</strong></span> <span class='ocrx_word' id='word_1_266' title='bbox 809 3059 844 3104; x_wconf 90' lang='lat' dir='ltr'><strong>ac</strong></span> <span class='ocrx_word' id='word_1_267' title='bbox 858 3041 975 3122; x_wconf 87' lang='lat' dir='ltr'><strong>probris</strong></span> <span class='ocrx_word' id='word_1_268' title='bbox 997 3061 1112 3105; x_wconf 86' lang='lat' dir='ltr'><strong>causam</strong></span> <span class='ocrx_word' id='word_1_269' title='bbox 1139 3056 1172 3106; x_wconf 90' lang='lat' dir='ltr'><strong>et</strong></span> 
     </span>
     <span class='ocr_line' id='line_1_35' title="bbox 46 3115 1170 3207; baseline 0.015 -34"><span class='ocrx_word' id='word_1_270' title='bbox 46 3193 48 3198; x_wconf 23' lang='grc' dir='ltr'>Ι</span> <span class='ocrx_word' id='word_1_271' title='bbox 165 3115 274 3175; x_wconf 89' lang='lat' dir='ltr'><strong>initium</strong></span> <span class='ocrx_word' id='word_1_272' title='bbox 290 3117 388 3180; x_wconf 87' lang='lat' dir='ltr'><strong>caedis</strong></span> <span class='ocrx_word' id='word_1_273' title='bbox 406 3121 596 3201; x_wconf 85' lang='lat' dir='ltr'><strong>quaerebant,</strong></span> <span class='ocrx_word' id='word_1_274' title='bbox 616 3142 681 3185; x_wconf 88' lang='lat' dir='ltr'><strong>cunr</strong></span> <span class='ocrx_word' id='word_1_275' title='bbox 703 3126 777 3187; x_wconf 87' lang='lat' dir='ltr'><strong>alius</strong></span> <span class='ocrx_word' id='word_1_276' title='bbox 797 3128 918 3207; x_wconf 88' lang='lat' dir='ltr'><strong>insuper</strong></span> <span class='ocrx_word' id='word_1_277' title='bbox 936 3136 1029 3188; x_wconf 89' lang='lat' dir='ltr'><strong>metus</strong></span> <span class='ocrx_word' id='word_1_278' title='bbox 1052 3138 1170 3190; x_wconf 84' lang='lat' dir='ltr'><strong>senato·</strong></span> 
     </span>
     <span class='ocr_line' id='line_1_36' title="bbox 165 3198 1167 3290; baseline 0.013 -30"><span class='ocrx_word' id='word_1_279' title='bbox 165 3198 245 3260; x_wconf 88' lang='lat' dir='ltr'><strong>ribus</strong></span> <span class='ocrx_word' id='word_1_280' title='bbox 268 3201 406 3283; x_wconf 87' lang='lat' dir='ltr'><strong>instaret,</strong></span> <span class='ocrx_word' id='word_1_281' title='bbox 428 3224 465 3267; x_wconf 92' lang='lat' dir='ltr'><strong>ne</strong></span> <span class='ocrx_word' id='word_1_282' title='bbox 486 3207 663 3286; x_wconf 86' lang='lat' dir='ltr'><strong>praevalidis</strong></span> <span class='ocrx_word' id='word_1_283' title='bbox 683 3211 739 3271; x_wconf 92' lang='lat' dir='ltr'><strong>iam</strong></span> <span class='ocrx_word' id='word_1_284' title='bbox 757 3210 869 3271; x_wconf 84' lang='lat' dir='ltr'><strong>Vitellii</strong></span> <span class='ocrx_word' id='word_1_285' title='bbox 885 3211 1016 3290; x_wconf 88' lang='lat' dir='ltr'><strong>partibus</strong></span> <span class='ocrx_word' id='word_1_286' title='bbox 1031 3222 1167 3273; x_wconf 90' lang='lat' dir='ltr'><strong>cunctan-</strong></span> 
     </span>
     <span class='ocr_line' id='line_1_37' title="bbox 165 3286 1170 3374; baseline 0.017 -34"><span class='ocrx_word' id='word_1_287' title='bbox 165 3291 211 3341; x_wconf 89' lang='lat' dir='ltr'><strong>ter</strong></span> <span class='ocrx_word' id='word_1_288' title='bbox 222 3286 380 3363; x_wconf 88' lang='lat' dir='ltr'><strong>excepisse</strong></span> <span class='ocrx_word' id='word_1_289' title='bbox 395 3291 546 3351; x_wconf 82' lang='lat' dir='ltr'><strong>victoriam</strong></span> <span class='ocrx_word' id='word_1_290' title='bbox 561 3291 758 3353; x_wconf 86' lang='lat' dir='ltr'><strong>crederentur.</strong></span> <span class='ocrx_word' id='word_1_291' title='bbox 788 3295 827 3354; x_wconf 91' lang='lat' dir='ltr'><strong>ita</strong></span> <span class='ocrx_word' id='word_1_292' title='bbox 850 3293 956 3372; x_wconf 87' lang='lat' dir='ltr'><strong>trepidi</strong></span> <span class='ocrx_word' id='word_1_293' title='bbox 977 3303 1006 3355; x_wconf 91' lang='lat' dir='ltr'><strong>et</strong></span> <span class='ocrx_word' id='word_1_294' title='bbox 1026 3297 1170 3374; x_wconf 81' lang='lat' dir='ltr'><strong>utrimque</strong></span> 
     </span>
    </p>
   </div>
   <div class='ocr_carea' id='block_1_13' title="bbox 131 3365 1170 3458">
    <p class='ocr_par' dir='ltr' id='par_1_16' title="bbox 131 3365 1170 3458">
     <span class='ocr_line' id='line_1_38' title="bbox 131 3365 1170 3458; baseline 0.018 -37"><span class='ocrx_word' id='word_1_295' title='bbox 131 3373 156 3413; x_wconf 84' lang='lat'><strong>¹⁰</strong></span> <span class='ocrx_word' id='word_1_296' title='bbox 169 3365 246 3424; x_wconf 81' lang='lat' dir='ltr'><strong>anxii</strong></span> <span class='ocrx_word' id='word_1_297' title='bbox 261 3380 383 3451; x_wconf 90' lang='lat' dir='ltr'><strong>coeunt,</strong></span> <span class='ocrx_word' id='word_1_298' title='bbox 397 3391 483 3435; x_wconf 90' lang='lat' dir='ltr'><strong>nemo</strong></span> <span class='ocrx_word' id='word_1_299' title='bbox 499 3375 633 3454; x_wconf 81' lang='lat' dir='ltr'><strong>privatim</strong></span> <span class='ocrx_word' id='word_1_300' title='bbox 647 3377 787 3458; x_wconf 83' lang='lat' dir='ltr'><strong>expedito</strong></span> <span class='ocrx_word' id='word_1_301' title='bbox 809 3377 949 3456; x_wconf 88' lang='lat' dir='ltr'><strong>consilio,</strong></span> <span class='ocrx_word' id='word_1_302' title='bbox 972 3380 1046 3440; x_wconf 87' lang='lat' dir='ltr'><strong>inter</strong></span> <span class='ocrx_word' id='word_1_303' title='bbox 1061 3378 1170 3440; x_wconf 88' lang='lat' dir='ltr'><strong>multos</strong></span> 
     </span>
    </p>
   </div>
   <div class='ocr_carea' id='block_1_14' title="bbox 0 0 1288 3870">
    <p class='ocr_par' dir='ltr' id='par_1_17' title="bbox 0 0 1288 3870">
     <span class='ocr_line' id='line_1_39' title="bbox 0 0 1288 3870; baseline 0 0"><span class='ocrx_word' id='word_1_304' title='bbox 0 0 1288 3870; x_wconf 95' lang='lat' dir='ltr'><strong> </strong></span> 
     </span>
    </p>
   </div>
  </div>
 </body>
</html>
