2570 3878
151 135 211 197 136
285 128 315 156 “’
408 142 899 194 coausunrucrmuuuumuu

148 301 178 361 in
195 299 292 361 lusum
306 307 335 358 et
355 298 448 379 raptis
464 299 595 379 opulenti
609 299 741 359 omittere
761 296 918 375 stationes,
939 297 1061 359 lasciuia
1083 317 1156 382 epu·

149 385 240 446 larum
264 390 312 444 aut
332 398 433 443 somno
446 392 475 444 et
488 385 556 444 uino
579 381 784 462 procumbere.
812 381 901 458 igitur
920 380 1022 443 hostes
1043 386 1157 448 incuria

150 485 249 528 eorum
267 475 409 546 conperta
424 466 482 527 duo
497 468 613 544 agmina
631 474 747 545 parant,
769 479 890 544 quorum
912 465 1006 526 altero
1032 468 1156 547 popula-

149 562 230 613 tores
249 549 466 628 invaderentur,
483 551 531 612 alii
549 558 643 612 castra
655 549 785 611 Romana
799 547 1009 628 adpugnarent,
1026 568 1084 611 non
1100 571 1156 632 spe

115 653 141 694 ao
152 635 297 716 capiendi,
314 632 367 694 sed
376 642 413 695 .ut
428 634 567 711 clamore,
583 633 650 694 telis
666 652 720 695 suo
739 632 862 712 quisque
879 633 1012 713 periculo
1028 635 1155 697 intentus

107 723 110 726 ’
149 736 287 780 sonorem
303 718 422 779 alterius
437 719 543 798 proelii
557 735 615 779 non
629 719 789 798 acciperet.
823 716 963 778 tenebrae
973 719 1091 798 iusuper
1103 718 1153 778 de·

149 803 246 864 lectae
268 801 429 878 augendam
452 802 488 862 ad
511 800 702 863 formidinem.
733 797 787 862 sed
808 803 855 880 qui
877 800 984 862 vallum
1005 802 1154 880 legionum

149 885 344 965 temptabant,
362 885 451 946 facile
466 886 628 966 pelluntur;
647 886 809 947 Thraecum
823 885 930 946 auxilia
944 888 1098 965 repentino
1113 887 1154 946 iu·

151 987 237 1030 cursu
252 969 367 1046 territa,
386 986 449 1028 cum
466 988 534 1049 pars
554 969 758 1031 munitionibus
780 970 959 1048 adiacerent,
982 968 1082 1048 plures
1105 988 1155 1030 ex·

116 1063 196 1114 nstra
221 1052 400 1131 palarentur,
432 1062 510 1115 tanto
533 1054 674 1114 iuleusius
700 1054 794 1131 caesi,
820 1062 927 1132 quanto
945 1051 1096 1132 ,perfugae
1127 1063 1157 1114 et

153 1136 318 1214 proditores
336 1133 512 1198 lerre'arma
533 1137 569 1198 ad
588 1156 668 1198 suum
690 1138 858 1218 patriaeque
878 1137 1026 1197 servitium
1042 1138 1154 1198 incusa-

151 1221 263 1281 bantur.

214 1304 265 1366 49.
283 1304 406 1366 Postera
423 1305 469 1366 die
491 1305 615 1366 Sabinus
635 1308 794 1367 exercitum
813 1321 908 1382 aequo
928 1304 996 1364 looo
1019 1305 1157 1384 ostendit,

151 1389 176 1448 si
190 1387 307 1449 barbari
321 1406 462 1450 successu
473 1390 569 1450 uoctis
582 1391 696 1451 alacres
708 1388 850 1467 proelium
862 1387 1010 1448 auderent.
1032 1396 1062 1448 et
1072 1397 1157 1470 post·

152 1490 236 1551 quam
254 1471 377 1532 castello
394 1482 441 1532 aut
456 1473 618 1534 coniunctis
634 1471 748 1533 tumulis
762 1490 819 1532 uon
835 1470 1088 1550 degrediebantur,
1103 1471 1157 1532 ob·

151 1555 252 1616 sidium
274 1557 373 1634 coepit
394 1575 448 1635 per
466 1557 629 1634 praesidia,
650 1574 724 1638 quae
735 1564 900 1634 opportune
914 1557 971 1616 iam
991 1555 1157 1628 muniebat;

125 1639 217 1704 sdein
238 1639 348 1700 lossam
372 1640 552 1718 loricamque
576 1650 737 1702 contexens
759 1648 893 1718 quattuor
918 1640 996 1701 milia
1019 1658 1158 1718 passuum

153 1724 258 1785 ambitu
280 1723 431 1803 amplexus
452 1733 512 1794 est;
538 1734 594 1784 tmn
612 1724 762 1804 paulatim,
789 1731 820 1782 ut
841 1741 943 1802 aquam
961 1722 1158 1803 pabulumque

153 1809 299 1886 eriperet,
323 1806 497 1868 contrahere
518 1807 643 1868 claustra
666 1817 785 1886 artaque
801 1807 995 1877 circumdare;
1018 1816 1047 1867 et
1061 1817 1156 1868 strue·

152 1890 236 1952 batur
258 1907 366 1968 agger,
395 1889 473 1952 unde
502 1909 572 1953 saxa
600 1890 701 1953 bastae
724 1894 808 1969 ignes
829 1893 1022 1970 propinquum
1044 1892 1099 1951 iam
1125 1894 1158 1952 iu

151 1975 265 2036 bostem
279 1974 454 2034 iacerentur.
485 1974 538 2035 sed
552 1974 623 2036 nibil
637 1992 730 2053 aeque
747 1991 830 2053 quam
846 1976 907 2034 sitis
922 1973 1072 2052 fatigabat,
1091 1993 1157 2035 cum

115 2060 256 2136 mingens
270 2057 420 2118 multitudo
438 2058 612 2121 bellatorum
628 2057 776 2119 inbellium
789 2075 847 2118 uno
863 2059 976 2139 reliquo
992 2057 1074 2119 lonte
1092 2069 1156 2120 ute·

40 2199 43 2205 .
149 2137 265 2211 ratitum
279 2144 363 2204 simul
375 2145 587 2222 equiarmeuta,
601 2154 631 2204 ut
640 2162 702 2205 mos
715 2145 858 2222 barbaris,
872 2145 951 2205 iuxta
964 2145 1072 2223 clausa,
1084 2165 1157 2224 ege·

149 2227 331 2307 statepabuli
340 2229 510 2298 exanimari;
526 2229 658 2290 adiacere
665 2246 790 2307 corpora
801 2226 955 2307 bominum,
969 2246 1043 2310 quos
1055 2229 1157 2290 uulne-

149 2330 193 2389 ra,
209 2329 282 2390 quos
294 2313 358 2372 sitis
370 2321 551 2391 peremerat;
564 2313 655 2392 pollui
667 2321 769 2374 cuncta
783 2315 875 2390 sanie,
890 2311 993 2390 bdore,
1007 2321 1154 2374 contactu.

232 2391 285 2458 50.
316 2395 475 2474 Rebusque
497 2397 619 2457 turbatis
640 2396 742 2456 malum
758 2405 918 2458 extremum
938 2397 1082 2458 discordia
1107 2413 1155 2456 ac·

149 2481 252 2555 cessit,
266 2478 311 2539 bis
331 2477 517 2558 deditionem,
532 2481 597 2540 aliis
611 2489 733 2541 mortem
749 2489 779 2541 et
794 2489 909 2540 mutuos
925 2482 1002 2541 inter
1018 2498 1051 2540 se
1077 2481 1154 2539 ictus

149 2562 333 2639 parantibus3
356 2571 387 2622 et
412 2571 495 2625 eraut
518 2567 565 2642 qui
586 2583 644 2625 nou
665 2563 783 2623 inultum
800 2565 929 2640 exitium,
950 2563 1003 2626 sed
1022 2563 1154 2641 eruptio·

148 2662 215 2704 uem
237 2645 401 2709 suaderent.
429 2666 527 2730 neque
547 2648 694 2724 ignobiles
715 2655 823 2708 tantum
837 2647 883 2708 bis
906 2648 1013 2708 diversi
1035 2654 1155 2707 senten·

121 2729 215 2805 otiis,
246 2747 344 2791 verum
366 2749 383 2791 a
405 2731 524 2792 ducibus
546 2731 643 2806 Dinis,
673 2739 830 2808 provectus
858 2739 977 2792 senecta
1004 2739 1034 2791 et
1062 2729 1158 2808 longo

152 2838 205 2881 usu
222 2818 277 2878 mm
289 2827 376 2897 atque
395 2819 576 2880 clementiam
589 2817 747 2878 Romanam
762 2816 895 2893 edoctus,
911 2813 1047 2893 ponenda
1064 2831 1158 2892 arma,

151 2921 236 2964 unum
256 2901 379 2963 addictis
403 2903 433 2964 id
453 2903 611 2964 remedium
638 2899 815 2978 disserebat,
845 2901 1011 2979 primusque
1034 2916 1068 2959 se
1091 2916 1156 2959 curn

152 2989 282 3063 coniuge·
295 2995 323 3047 et
338 2985 439 3047 liberis
454 2988 559 3048 victori
574 2987 718 3066 permisit:
733 2985 827 3045 secuti
843 2991 938 3044 aetate
956 2991 1004 3042 aut
1021 3001 1094 3044 sexu
1110 2984 1154 3042 in·

150 3070 250 3131 bacilli
265 3079 294 3129 et
309 3069 413 3150 quibus
428 3073 519 3130 maior
538 3072 615 3131 vitae
631 3087 715 3148 quam
736 3067 850 3146 gloriae
867 3064 985 3146 cupido.
1011 3075 1041 3126 at
1056 3065 1156 3151 iuven·

114 3173 140 3215 10
151 3165 196 3216 tus
218 3153 337 3215 'larsem
358 3155 433 3216 inter
454 3164 482 3214 et
499 3153 630 3215 Turesim
646 3151 867 3213 distrahebatur.
899 3150 1014 3228 utrique
1029 3148 1156 3211 destina·

150 3249 208 3299 tum
224 3255 287 3298 cum
303 3236 438 3299 libertate
453 3237 607 3313 occidere,
631 3236 684 3296 sed
698 3236 789 3297 l'arsa
806 3235 1088 3318 properumlinem,
1106 3233 1156 3293 ab·

150 3320 323 3400 rumpendas
339 3323 448 3401 pariter
464 3339 533 3400 spes
549 3339 583 3381 ac
599 3329 691 3380 metus
707 3319 873 3396 clamitans,
895 3316 974 3378 dedit
989 3316 1157 3395 exemplum

149 3402 278 3466 demisso
300 3404 449 3486 inpactus
470 3405 565 3475 ferro;
590 3422 646 3465 nec
667 3404 785 3466 deluere
803 3403 850 3483 qui
874 3401 977 3462 eodem
993 3398 1080 3462 modo
1102 3417 1163 3480 opt
1278 3371 1279 3402 i
