2570 3878
405 173 511 221 ursus
531 174 580 221 xc.
605 172 679 222 cur.
700 171 819 226 to-ss.
1064 159 1124 223 185

186 330 234 408 123.
256 330 299 391 dt
317 327 458 398 ,blandius
483 327 655 389 matrimonii
682 313 725 388 s'ui
747 330 864 406 ignarus
893 336 922 387 et
943 338 1036 390 munia
1057 346 1124 389 cen·
1181 303 1183 308 ,
1272 361 1273 368 κ

116 417 199 480 soria
220 431 379 496 usurpans,
397 412 569 475 theatralem
590 412 691 494 p‘opuli
718 413 867 473 lasciuiam
888 413 1001 473 severis
1020 412 1126 473 edictis

116 501 281 579 increpuit,
311 497 390 578 quod
410 497 439 558 ln
462 497 494 558 Ρ.
512 495 700 577 Pomponium
727 493 916 558 consularem
937 497 979 576 (is
1000 499 1124 560 cumina

116 600 247 648 scaenae
261 580 358 660 dabat)
370 584 458 662 inque
469 581 591 643 iemines
603 581 740 642 inlustres
755 581 863 661 probra
874 579 993 642 iecerat.
1015 589 1045 642 et
1055 581 1124 660 lege

116 670 177 732 lata
192 667 345 728 saevitiam
367 665 543 730 creditorum
563 665 708 743 coercuit,
729 683 766 726 ne
785 667 814 725 in
834 663 956 725 mortem
975 671 1152 745 parentums

116 753 260 835 pecunias
274 751 342 812 liliis
358 751 529 813 familiarum
545 749 659 811 iaeuori
675 749 785 810 darent.
814 749 970 828 fontesque
987 763 1125 828 aquarum

115 835 290 900 Simbruinis
308 834 433 897 collibus
448 834 590 895 deductos
606 832 671 894 urbi
686 835 788 894 intulit.
821 851 857 895 ac
871 850 964 894 noras
977 833 1125 894 literatum

115 923 228 983 iormas
250 917 357 981 addidit
376 919 580 999 vulgavitque,
602 923 753 998 comperto
767 916 910 980 Graecam
931 933 1047 998 quoque
1062 918 1124 978 iite-

6 1025 7 1032 ‘
116 1013 243 1070 raturam
258 1018 317 1064 uon
331 1002 413 1064 simul
431 1009 566 1082 coeptam
581 1001 810 1082 absolutamque.

183 1089 234 1149 14.
257 1085 343 1150 Primi
364 1104 418 1167 per
439 1088 549 1165 figuras
570 1086 731 1147 animalium
745 1086 888 1167 Aegyptii
904 1104 1008 1148 sensus
1022 1089 1127 1146 mentis

115 1171 298 1249 effingebant
318 1204 361 1218 -
381 1188 417 1231 ea
437 1171 634 1250 antiquissima
654 1171 827 1232 monimenta
849 1173 1006 1232 memoriae
1028 1170 1125 1231 huma·

114 1276 171 1319 nae
194 1256 329 1336 inpressa
351 1255 430 1316 saxis
454 1262 609 1314 cernuntur
628 1287 671 1302 -
694 1263 722 1316 et
743 1254 890 1316 literamm
912 1263 1005 1316 semet
1026 1254 1127 1318 iuven.
1230 1253 1236 1262 '

116 1352 199 1404 tores
221 1337 389 1420 perbibent;
418 1338 485 1399 inde
507 1337 686 1417 Phoenicas,
710 1339 777 1417 quia
798 1339 870 1400 mari
885 1337 1124 1419 praepollebant,

115 1423 250 1486 intulisse
267 1421 411 1484 Graeciae
425 1421 607 1501 gloriamque
621 1422 763 1502 adeptos,
780 1431 923 1502 tamquam
937 1423 1149 1503 reppererinte

116 1527 193 1592 quae
214 1515 401 1586 acceperant.
438 1507 547 1585 quippe
566 1505 643 1567 ieme
663 1503 867 1566 est.iladmum
890 1506 985 1567 classe
1002 1505 1124 1566 Phoeni·

116 1612 182 1656 cnm
197 1599 313 1653 vectum
326 1589 446 1651 rudibus
462 1589 556 1650 adbuc
572 1587 749 1650 Graecorum
770 1589 887 1670 populis
909 1591 979 1651 artis
1000 1591 1062 1650 eius
1077 1588 1125 1658 au·

117 1688 230 1740 ctorem
257 1675 357 1736 inisse.
400 1672 513 1754 quidam
534 1669 701 1752 cecropem
722 1672 931 1736 Atheniensem
952 1673 1001 1734 vel
1026 1673 1127 1734 binum

116 1760 286 1842 Thebanum
306 1768 336 1820 et
357 1755 536 1838 temporibus
557 1755 690 1818 Troianis
708 1756 890 1819 Palamedem
904 1757 1046 1836 Argivum
1064 1773 1127 1818 mes

116 1854 231 1908 morant
249 1841 377 1904 sedecim
393 1841 540 1902 literarum
559 1841 685 1920 fortnas,
706 1858 775 1902 mox
796 1841 869 1904 alios
884 1860 919 1904 ac
934 1841 1122 1923 praecipuum
1133 1867 1161 1908 se

118 1927 286 1993 Simoniden
308 1936 424 1988 ceteras
439 1925 619 2006 repperisse.
648 1936 677 1987 at
694 1926 722 1985 in
737 1925 820 1987 ltalia
835 1927 953 1989 Etrusci
969 1925 1005 1988 ab
1022 1924 1123 1987 conn-

118 2015 177 2077 tbio
198 2013 372 2086 Demarato,
393 2005 579 2088 AborIgenes
595 2007 713 2073 Arcade
731 2009 768 2071 ab
789 2009 926 2072 Evandro
946 2009 1122 2078 didicerunt;
1166 2039 1170 2044 ,

119 2107 148 2159 et
159 2099 256 2159 iorma
287 2095 380 2156 literis
394 2093 500 2154 Latinis
518 2111 591 2171 quae
606 2095 770 2155 veterrimis
787 2093 973 2157 Graecorum.
1003 2093 1056 2155 sed
1070 2111 1122 2154 no·

118 2183 167 2244 bis
181 2197 297 2260 quoque
318 2193 431 2258 paucae
443 2178 564 2256 primum
580 2178 679 2257 inere,
701 2176 806 2239 deinde
820 2177 936 2241 additae
952 2185 1026 2238 suut.
1064 2194 1121 2256 quo

120 2264 258 2345 exemplo
276 2261 412 2324 claudius
427 2269 485 2321 tres
500 2261 601 2322 literas
617 2264 740 2340 adiecit,
763 2279 838 2341 quae
859 2264 923 2324 usui
939 2263 1158 2338 imperitantem

121 2373 168 2436 eo,
184 2362 254 2435 post
266 2352 448 2425 obliteratae,
460 2347 637 2428 aspiciuntur
650 2346 737 2405 etiam
753 2359 828 2402 nunc
844 2342 873 2400 in
890 2359 961 2401 acre
973 2347 992 2410 †
1003 2340 1121 2420 publico

121 2441 164 2501 dis
177 2437 342 2520 plebiscitis
357 2451 411 2514 per
428 2433 487 2492 lora
504 2451 537 2492 ac
550 2427 657 2508 templa
672 2429 739 2487 lixo.

187 2531 236 2590 15.
257 2526 379 2589 Rettulit
399 2523 497 2584 de‘nde
520 2525 555 2586 ad
577 2533 707 2585 senatum
727 2541 817 2604 super
839 2523 969 2604 collegio
991 2523 1122 2605 haruspi-

124 2632 204 2690 cum,
227 2630 264 2672 ne
281 2609 469 2671 vetustissima
488 2607 589 2670 ltaliae
612 2609 765 2690 disciplina
785 2626 840 2689 per
860 2608 999 2670 desidiam
1022 2605 1122 2668 exole-

122 2705 237 2760 sceret:
254 2711 345 2774 saepe
360 2693 486 2753 adversis
502 2694 546 2754 rei
563 2691 699 2773 publicae
712 2692 892 2773 temporibus
907 2696 1035 2771 accitos,
1053 2710 1123 2774 quo·

122 2795 184 2845 r'om
199 2781 308 2841 monitu
322 2775 529 2854 redintegratas
549 2778 741 2838 caerimonias
755 2787 785 2838 et
804 2779 833 2837 in
851 2785 1001 2858 postemm
1013 2777 1123 2837 rectius

122 2867 251 2936 babitas;
281 2862 477 2944 primoresque
497 2859 632 2924 Etruriae
653 2869 758 2942 sponte
779 2869 827 2922 aut
868 2870 959 2922 atrum
978 2859 1150 2923 Romano-s

123 2945 185 3012 r'um
206 2946 322 3030 inpulsu
342 2943 489 3007 retinuisse
510 2945 660 3007 scientiam
682 2953 711 3006 et
732 2948 761 3007 iu
780 2876 903 3008 familias
922 2960 1122 3026 propagasse5

124 3033 202 3115 quod
223 3049 299 3094 nuuc
320 3031 440 3108 segnius
454 3031 519 3092 lieri
535 3029 651 3110 publica
667 3030 859 3092 circabonas
877 3039 956 3091 artes
975 3027 1144 3110 socordia„

10 3137 11 3144 ¹
124 3129 153 3181 et
175 3115 242 3198 quia
264 3125 404 3178 externae
426 3115 644 3194 superstitiones
663 3114 828 3176 valescunt:
855 3123 885 3175 et
905 3114 982 3176 laeta
1008 3113 1123 3193 quidem

123 3203 154 3264 in
168 3220 311 3284 praesens
327 3198 498 3276 omnia,sed
512 3197 682 3277 benignitati
696 3199 781 3260 deum
794 3201 916 3277 gratim
928 3193 1123 3274 referendam,

124 3306 163 3350 ue
179 3288 252 3348 ritus
272 3299 422 3347 sacrorum
438 3283 506 3344 iuter
528 3283 664 3362 ambigua
688 3281 756 3344 culti
775 3300 830 3363 per
850 3297 994 3363 prospera
1016 3277 1118 3342 oblite·
1133 3298 1161 3338 re

126 3379 267 3450 serentur.
298 3369 407 3430 iactum
429 3383 460 3428 er
480 3379 525 3428 eo
541 3375 659 3430 senatus
677 3365 853 3448 consultum,
877 3363 1010 3426 viderent
1029 3361 1122 3442 ponti·

127 3455 199 3517 dces
214 3468 289 3536 quae
303 3449 451 3515 retinenda
461 3449 657 3532 firmandaque
671 3449 867 3536 haruspicum.
