2570 3878
440 181 582 230 nrmxn.
601 181 807 235 onmes—eo.
1053 169 1126 246 ,211
1159 252 1163 261 .

125 339 256 420 ptiuitate
273 336 405 398 Carataci
426 336 608 416 disseruere,
642 355 736 418 neque
757 339 850 397 minus
873 337 1030 400 id-clarum
1046 357 1130 418 quarn

127 421 205 504 quod
229 421 395 500 Syphacem
418 421 450 482 Ρ.
474 421 589 502 Scipio,
613 421 723 483 Persen
742 421 772 500 t„
788 421 910 500 Paulus,
936 425 1003 483 etsi
1020 427 1067 504 qui
1083 423 1130 484 alii

126 509 242 569 vinctos
262 523 352 583 reges
368 505 478 586 populo
493 506 623 567 Romano
639 505 805 567 ostendere.
840 516 996 568 censentur
1011 506 1129 567 Ostorio

124 589 259 670 triumphi
275 589 411 668 iusignia,
429 591 582 670 prosperis
597 589 676 650 adid
691 588 779 651 rebus
795 590 874 669 eius,
890 608 962 667 mox
980 589 1155 670 ambigetur

125 678 188 738 sive
202 682 299 734 amoto
314 671 473 753 Carataco,
500 675 581 754 quasi
596 673 770 736 debellatum
791 676 883 753 ioret,
907 677 1000 736 minus
1021 675 1131 737 intenta

124 757 201 840 apud
218 774 273 819 nos
287 756 387 818 militia
397 757 461 836 init,
475 759 539 819 sive
551 758 651 820 hostes
661 758 847 820 miseratione
861 761 931 819 tanti
941 763 1022 838 regis
1035 759 1130 820 acrius
1174 779 1177 784 ·

126 843 161 904 ad
186 841 327 904 ultionem
342 859 492 904 exarsere.
524 842 704 922 praelectum
727 851 887 904 castrorum
901 851 931 905 et
952 843 1130 922 legionarias

126 926 263 988 cohortes
280 926 462 988 exstruendis
484 927 559 1006 apud
572 927 689 1000 Siluras,
705 926 859 1007 praesidiis
876 927 994 989 relictas
1010 928 1130 988 circum-

9 1064 12 1089 ,
125 1010 253 1076 fundunt.
286 1029 321 1072 ac
342 1011 371 1070 ιιι
394 1012 452 1071 cito
473 1011 578 1072 nuntiis
600 1028 637 1071 ex
654 1010 782 1072 castellis
798 1013 937 1091 proximis
959 1012 1165 1073 subventumso

125 1095 365 1173 iuretcopiarum
382 1095 515 1172 obsidio,
536 1095 686 1157 occidione
705 1084 929 1162 obcubuissent:
953 1103 1118 1200 preelectus

103 1198 107 1202 ·
128 1188 225 1239 tamen
239 1187 269 1238 et
284 1186 353 1238 octo
369 1181 555 1239 centuriones
571 1197 603 1240 ac
617 1182 847 1258 promptissimus
863 1185 985 1262 quisque
1001 1205 1018 1246 e
1033 1189 1119 1246 nrani-

130 1261 207 1342 pulis
224 1261 370 1323 cecidere.
393 1281 448 1323 nec
462 1262 551 1322 multo
569 1271 639 1340 post
649 1263 812 1342 pabulantis
826 1269 944 1328 nostros
959 1270 1119 1348 missasque

128 1345 163 1406 ad
179 1346 337 1407 subsidium
352 1354 458 1406 turmas
476 1346 641 1426 profligant.

188 1437 238 1498 39.
255 1435 328 1498 'l’um
344 1435 476 1497 Ostorius
493 1439 632 1497 cohortes
648 1425 802 1517 expeditas
818 1439 972 1535 opposuit;
988 1427 1044 1496 riec
1061 1436 1127 1497 ideo

122 1523 222 1600 lugam
238 1519 368 1599 sistebat,
384 1521 412 1580 ni
430 1519 565 1599 legiones
578 1519 721 1600 proelium
742 1520 945 1600 excepissent:
963 1538 1061 1580 earum
1081 1539 1129 1581 ro-

123 1605 198 1666 bure
217 1613 340 1684 aequata
356 1622 468 1685 pugna,
493 1604 560 1665 dein
580 1604 664 1664 uobis
688 1622 742 1684 pro
757 1601 880 1664 meliore
901 1603 962 1666 init.
998 1601 1152 1683 elingere'
1207 1643 1216 1665 .-

124 1690 226 1766 hostes
242 1689 321 1749 tenui
336 1687 466 1767 damno,
481 1690 548 1770 quia
562 1687 719 1750 inclinabat
733 1688 805 1750 dies.
837 1687 942 1749 crebra
959 1688 1025 1749 binc
1041 1706 1128 1768 proe-

101 1789 102 1792 ’
125 1773 178 1849 lia,
195 1781 224 1832 et
239 1773 356 1852 saepius
372 1775 400 1832 in
412 1772 526 1834 modum
542 1772 688 1835 latrocinii
703 1791 756 1873 per
771 1767 861 1832 saltus
877 1791 931 1854 per
947 1771 1083 1852 paludes,
1099 1781 1129 1832 ut

124 1858 230 1937 cuique
246 1874 311 1918 sors
330 1866 378 1918 aut
392 1857 493 1936 virtus,
511 1855 908 1938 temereprouiso,ob1ram
925 1857 962 1919 ob
980 1856 1127 1936 praedam,

11 2010 12 2016 ἵ
124 1943 203 2003 iussu
220 1949 248 2002 et
263 1939 440 2022 aliquando'
433 1943 541 2018 ignaris
558 1940 686 2020 ducibus,
702 1959 737 2003 ac
752 1939 910 2021 praecipua
925 1940 1051 2002 Silurum
1062 1959 1127 2022 per·
1204 1995 1206 2000 ,

126 2025 246 2086 vicacia.
275 2042 348 2105 quos
370 2024 549 2086 accendebat
571 2025 689 2103 vulgata
712 2025 895 2105 imperatoris
914 2026 1036 2086 Romani
1058 2026 1153 2102 uox,“'

124 2118 155 2169 nt
169 2107 311 2188 quondam
328 2106 481 2187 Sugambri
496 2110 588 2170 exciti
605 2111 695 2178 autin
711 2109 820 2171 Gallias
834 2109 948 2168 traiecti
964 2109 1071 2185 forent,
1088 2110 1128 2169 ita

10 2195 12 2242 5
125 2192 248 2254 Silurum
263 2210 368 2254 nomen
389 2193 503 2272 penitus
524 2193 757 2272 extinguendum.
781 2193 868 2270 igitur
886 2191 956 2253 duas
973 2193 1128 2254 auxiliares

10 2346 14 2364 Ι
125 2277 265 2339 cobortes
290 2277 410 2338 auaritia
433 2276 648 2357 praefectorum
670 2277 811 2338 incautius
841 2277 1015 2355 populantes
1041 2278 1128 2337 inter·
1168 2275 1173 2282 ’

125 2379 250 2442 cepere3
269 2359 425 2441 spoliaque
446 2370 475 2423 et
497 2363 633 2442 captiuos
647 2359 798 2439 largiendo
816 2369 930 2420 ceteras
949 2378 1065 2440 quoque
1079 2379 1129 2422 ua·

124 2449 219 2508 tiones
233 2445 270 2507 ad
288 2444 483 2506 deiectionem
497 2445 666 2523 trahebant,
686 2464 749 2506 cum
765 2442 860 2505 taedio
879 2461 1011 2506 curarum
1032 2445 1128 2506 lessus

124 2529 259 2592 Ostorius
275 2531 422 2590 concessit
438 2531 506 2608 uita,
523 2530 607 2592 laetis
622 2529 763 2608 hostibus,
779 2538 920 2608 tamquam
936 2529 1039 2590 ducem
1053 2527 1129 2590 haud
1216 2549 1218 2551 ·

10 2686 13 2697 Ι
124 2613 320 2695 spernendum
333 2616 388 2674 etsi
403 2631 461 2674 nou
476 2616 629 2694 proelium,
645 2624 673 2674 at
689 2622 769 2675 certe
785 2612 892 2674 bellum
908 2613 1126 2694 absumpsisset.

184 2699 236 2761 40.
256 2697 296 2758 At
317 2695 426 2758 ansar
449 2699 566 2776 cognita
587 2707 680 2759 morte
699 2698 806 2776 legati,
834 2716 871 2758 ne
894 2699 1128 2778 provinciasine
1150 2757 1165 2775 ,.

123 2791 242 2844 rectore
262 2781 354 2860 iuret,
379 2780 415 2840 Α.
430 2781 545 2843 Didium
560 2783 683 2844 suffecit.
711 2783 735 2842 is
753 2797 881 2861 propere
898 2791 999 2844 vectus
1014 2801 1072 2845 non
1086 2791 1126 2842 ta·

9 2864 13 2895 ³
122 2885 190 2928 men
205 2867 336 2944 integras
351 2883 400 2926 res
415 2868 533 2946 invenit,
549 2866 671 2928 adversa
687 2867 800 2927 iuterim
814 2864 940 2942 legionis
956 2885 1065 2946 pugna,
1082 2868 1127 2926 cui

122 2951 247 3015 blanlius
262 2951 372 3012 Valens
387 2959 540 3030 praeerat,
558 2958 700 3030 auctaque
715 2959 761 3011 est
781 2949 857 3029 apud
874 2949 976 3012 hostes
1001 2951 1063 3011 eius
1083 2951 1128 3011 rei

122 3037 210 3114 fama,
234 3050 291 3115 quo
309 3037 472 3097 venientem
487 3034 589 3097 dnc'cru
609 3042 806 3112 exterrerent,
831 3043 918 3113 utque
935 3035 986 3095 illo
1003 3044 1129 3114 augente

123 3119 238 3197 audita,
260 3127 290 3179 ut
314 3121 404 3180 maior
426 3120 489 3181 laus
505 3121 660 3199 compositi
696 3119 759 3197 uel,
782 3119 805 3178 si
828 3118 1022 3195 duravissent,
1041 3119 1128 3179 venia

123 3203 228 3266 iustior
242 3202 425 3264 tribueretur.
456 3202 569 3265 Silures
585 3204 613 3265 id
631 3220 748 3284 quoque
765 3201 895 3263 damnum
909 3201 1062 3264 intulerant
1087 3201 1127 3262 la·

124 3298 213 3369 teque
238 3287 450 3367 persultabant,
478 3288 573 3372 donec
599 3289 722 3349 adcursu
744 3285 821 3346 Didii
846 3284 1034 3382 pellerentur.
1076 3284 1129 3344 sed

124 3381 193 3454 post
208 3381 323 3453 captum
338 3370 531 3434 Caratacum
525 3365 699 3474 praecipuus
718 3371 839 3431 scientia
858 3369 902 3426 rei
925 3367 1055 3428 militaris
1069 3371 1127 3429 Ve-

125 3458 236 3534 nutius,
262 3455 457 3537 eBrigautum
480 3456 613 3539 civitate,
635 3466 666 3517 ut
688 3471 776 3532 supra
796 3451 1031 3605 memoravp,4
963 3451 1163 3574 ,pdusquetc
