2510 3864
176 181 237 242 246
408 189 527 239 uncum
542 189 638 240 omo.
655 189 702 236 on
718 188 939 251 currentibus

176 347 214 409 de
226 346 317 410 Gallis
333 345 439 407 nostris
454 345 568 426 loquar,
585 345 613 404 in
629 344 729 405 urbem
746 343 841 422 venit,
858 344 985 406 Saleium
998 344 1127 406 bassum
1141 367 1193 407 re

177 431 281 512 quiriti
302 439 389 511 utque
404 429 480 491 adeo
495 431 519 491 si
536 429 599 509 quis
614 429 752 510 requirit,
769 436 801 488 ut
817 428 908 507 semel
923 427 1009 499 vidit,
1031 431 1142 490 transit
1164 439 1195 491 et

177 522 404 591 contentusest,
429 521 460 574 ut
482 514 507 573 si
529 514 668 593 picturam
689 512 815 592 aliquam
837 511 885 572 vei
906 513 1195 575 statuam'vidisset.

144 613 271 680 seneque
293 598 369 660 bunc
383 614 477 658 meum
490 613 654 659 sermonem
675 597 719 657 sic
736 597 831 676 accipi
845 595 933 674 volo,
955 605 1104 677 tamquam
1122 615 1195 676 eos,

177 684 279 767 quibus
292 691 393 744 natura
411 699 462 742 sua
485 682 641 742 oratorium
654 680 800 759 ingenium
819 678 991 759 denegavit,
1015 679 1196 744 deterream

176 765 397 843 acruminibus,
429 767 455 826 si
484 764 571 827 modo
598 766 627 825 in
653 763 709 825 bac
732 764 891 826 studiorum
915 774 999 845 parte
1029 765 1197 828 oblectare
1250 843 1251 846 Ἴ

176 853 264 913 otium
287 860 317 912 et
332 867 438 911 nomen
459 850 591 911 inserere
614 855 736 929 possunt
757 848 861 910 iamae.
894 866 951 926 ego
975 867 1048 910 vero
1067 867 1195 912 omnem

177 935 370 1016 eloquentium
385 951 544 1015 omnesque
558 933 621 995 eius
634 941 733 1013 partes
746 949 845 994 sacras
861 942 889 994 et
899 932 1090 995 venerabiles
1102 945 1193 1015 puto,

142 1035 165 1077 ιι
176 1038 232 1080 nec
250 1019 345 1080 solnm
367 1017 536 1079 cothurnum
557 1026 685 1078 vestrum
708 1025 756 1078 aut
775 1016 887 1079 heroici
910 1017 1046 1078 carminis
1066 1035 1191 1096 sonum,

174 1103 229 1164 sed
249 1103 408 1178 lyricorum
422 1118 539 1182 quoque
559 1100 763 1163 iucunditatem
784 1109 814 1161 et
828 1100 982 1179 elegorum
996 1100 1141 1163 lascivias
1160 1112 1190 1162 et

174 1185 333 1248 iamborum
348 1183 563 1247 amaritudinem
578 1192 609 1246 et
622 1187 859 1264 epigrammatum
874 1185 955 1246 lusus
969 1193 1000 1246 et
1015 1202 1184 1264 quamcum-

175 1289 231 1351 que
247 1269 332 1332 aliam
355 1271 485 1349 speciem
504 1269 672 1348 eloquentia
694 1267 794 1347 babet,
818 1267 1050 1349 anteponendam
1074 1270 1176 1330 ceteris

175 1355 293 1416 aliarum
313 1356 414 1415 urtimn
430 1353 530 1414 studiis
546 1352 646 1418 oredo.
675 1351 730 1412 'sed
744 1361 840 1414 tecum
857 1352 941 1430 mibi,
964 1353 1115 1433 liaterne,
1132 1369 1179 1414 res

140 1461 166 1502 sc
176 1438 325 1518 est,quod,
344 1455 407 1497 cum
423 1447 523 1510 natura
533 1446 562 1498 te
570 1447 618 1498 tua
631 1438 660 1497 in
674 1437 766 1517 ipsam
782 1454 879 1497 arcem
892 1437 1081 1517 eloquentiae
1097 1439 1176 1512 ieret,

174 1541 274 1584 errare
286 1524 377 1583 mavis
392 1531 421 1582 et
436 1540 544 1582 summa
558 1520 714 1600 adepturus
730 1521 758 1581 in
772 1519 933 1581 levioribus
947 1520 1094 1586 subsistit.
1117 1520 1179 1582 ulai

173 1608 203 1667 iu
224 1605 347 1667 Graecia
366 1615 449 1667 natus
471 1621 572 1682 esses,
593 1603 643 1664 ubi
662 1603 789 1665 ludicras
810 1621 925 1684 quoque
946 1606 1016 1666 ortis
1035 1623 1181 1666 exeruere
1250 1629 1251 1708 q

173 1689 327 1750 honestum
343 1697 403 1766 est,
424 1707 459 1750 oc
480 1689 531 1749 tibi
546 1687 707 1749 Nicostrati
721 1687 812 1748 robur
826 1705 862 1748 ao
876 1687 955 1748 vires
974 1688 1002 1750 di
1017 1686 1180 1758 dedissent

173 1792 232 1833 non
252 1782 371 1853 paterer
391 1773 520 1834 inmanes
544 1772 612 1833 illos
634 1779 663 1832 ct
684 1770 720 1832 ad
736 1788 861 1851 pugnarn
883 1780 968 1833 natos
989 1772 1125 1834 lacertos
1141 1773 1181 1833 le·

137 1877 163 1919 rs
173 1858 263 1917 vitate
278 1856 365 1917 iaculi
383 1865 431 1916 aut
448 1856 523 1917 iactu
539 1855 611 1917 disci
622 1872 799 1933 vanescere,
823 1855 867 1915 sic
882 1872 957 1916 nunc
969 1864 999 1916 te
1014 1855 1049 1917 ab
1067 1855 1183 1917 audito-

172 1940 223 2001 riis
238 1948 268 2000 et
282 1938 404 2001 theatris
419 1939 448 1999 in
463 1940 557 2000 iorum
574 1948 604 1999 et
614 1938 651 2000 ad
666 1955 769 1999 causas
783 1938 861 2000 etad
873 1955 945 2000 vera
959 1940 1073 2020 proelia
1086 1958 1184 2018 voco,

173 2042 237 2084 cum
257 2023 428 2104 praesertim
445 2041 483 2099 ne
506 2023 543 2084 ad
557 2021 628 2083 illud
647 2021 762 2102 quidem
784 2022 946 2101 coningere
960 2024 1075 2102 possis,
1101 2026 1184 2104 quod
1249 2069 1250 2072 ,

171 2107 323 2188 plerisque
344 2107 560 2188 patrocinatur,
582 2115 725 2186 tamquam
743 2107 835 2167 minus
856 2105 1013 2168 obnoxium
1026 2108 1064 2168 sit
1085 2109 1183 2170 olien-
1249 2125 1250 2144 ι

171 2209 222 2253 sae
238 2200 389 2271 poetarum
406 2208 489 2270 quam
512 2199 658 2254 oratorum
677 2189 810 2250 studium.
845 2190 1014 2252 eiiervescit
1035 2192 1114 2253 enim
1136 2195 1183 2253 vis

139 2302 162 2344 ω
172 2274 386 2356 pulcherrimae
400 2283 519 2336 naturae
533 2283 616 2352 tuae,
632 2291 688 2334 nec
703 2290 757 2352 pro
772 2273 865 2335 amico
882 2273 997 2355 aliquo,
1014 2273 1083 2352 sed,
1100 2276 1182 2355 quod

171 2357 366 2439 periculosius
382 2367 442 2436 est,
459 2376 513 2438 pro
530 2357 642 2419 (latone
659 2357 792 2418 emerite.
820 2375 877 2418 nec
893 2366 1048 2419 excusatur
1064 2359 1180 2421 offensa

171 2441 389 2504 necessitudine
402 2442 492 2503 cilicii
510 2450 558 2503 aut
575 2439 632 2502 lide
647 2441 848 2503 advocationis
864 2450 913 2502 aut
925 2441 1062 2503 fortuitae
1080 2461 1118 2504 ac
1133 2463 1177 2504 su·

171 2526 250 2587 bitae
267 2526 401 2587 dictionis
417 2526 539 2606 impetn:
560 2525 713 2587 meditatus
734 2523 844 2586 videris
872 2523 934 2601 ‚athi
965 2526 1096 2604 elegisse
1112 2546 1177 2607 per·

171 2627 271 2671 sonam
291 2609 451 2671 notabilem
474 2619 503 2669 et
524 2627 587 2670 cum
608 2609 781 2671 auctoritate
802 2609 951 2671 dicturam.
990 2611 1085 2672 sentio
1111 2610 1175 2689 qnid

130 2703 154 2746 ts
168 2691 340 2770 responderi
353 2691 460 2769 possit:
473 2689 541 2750 hinc
550 2690 677 2768 ingentis
686 2691 815 2751 existere
824 2689 974 2767 adsensus,
987 2690 1061 2752 haec
1069 2691 1099 2750 in
1107 2691 1175 2770 ipsis

109 2835 111 2838 .
168 2774 322 2836 auditoriis
339 2779 500 2854 praecipue
515 2774 623 2835 laudari
638 2783 668 2835 et
682 2790 751 2833 mox
764 2775 886 2833 omnium
896 2774 1082 2836 sermonibus
1093 2775 1178 2836 ferri.

171 2857 244 2918 tolle
261 2859 349 2934 igitur
366 2858 471 2938 quietis
492 2865 521 2916 et
535 2857 699 2918 securitatis
718 2855 954 2934 excusationem,
977 2873 1041 2919 cum
1062 2856 1115 2916 tibi
1130 2874 1175 2916 su·
1248 2873 1249 2878 ¹

170 2959 232 3002 mas
249 2941 447 3002 adversarium
467 2943 658 3021 superiorem.
687 2938 771 3000 nobis
786 2940 856 3001 satis
876 2939 913 2999 sit
932 2939 1059 3019 priuatas
1082 2949 1111 3001 et
1126 2958 1176 2999 no-

171 3025 224 3086 stri
236 3024 348 3087 saecuii
361 3025 577 3086 controuersias
588 3024 672 3102 tueri,
684 3024 713 3084 in
726 3022 830 3103 quibus
841 3024 1015 3102 [expressis]
1028 3024 1177 3102 siquando

137 3128 298 3175 rouecesse
313 3109 351 3170 sit
366 3127 420 3188 pro
438 3107 621 3189 periclitante
643 3108 735 3168 amico
757 3107 953 3188 potentiorum
973 3125 1061 3168 aures
1085 3109 1177 3170 oden·

171 3192 252 3270 dere,
273 3202 302 3253 et
318 3192 440 3271 probata
456 3193 493 3253 sit
508 3190 580 3251 tides
596 3200 626 3252 et
639 3191 758 3254 libertas
774 3195 936 3253 excusata!

236 3279 285 3337 ii.
310 3277 392 3352 Quae
415 3295 478 3337 curn
495 3275 618 3336 dixisset
632 3276 715 3354 Aper
735 3277 846 3354 acrius,
869 3283 899 3336 ut
922 3273 1052 3351 solebat,
1083 3283 1113 3334 et
1135 3277 1176 3336 in·

171 3367 252 3418 tento
275 3376 343 3436 ore,
364 3361 503 3420 remissus
519 3368 547 3419 et
567 3358 719 3420 subridens
739 3360 887 3421 Maternus
916 3361 1083 3440 ‘parantem
1110 3365 1174 3419 me’

170 3442 262 3518 inquit
276 3445 351 3502 ‘non
365 3445 457 3502 minus
475 3442 522 3504 diu
536 3459 674 3504 accusare
690 3452 823 3504 oratores
840 3461 923 3524 quem
938 3442 1020 3523 Aper
1035 3440 1170 3503 laudare·
