2536 3870
221 169 285 234 tut
449 180 615 230 conanum
630 180 748 230 rsurrs
762 179 1004 230 meronrsnurs

184 341 303 396 serent:
327 333 379 395 sed
392 335 472 394 vires
494 335 530 396 ad
547 333 740 394 coercendum
756 334 893 412 deerant,
915 333 1140 414 infrequentibus
1156 333 1204 392 ini·
1230 313 1231 348 .

223 419 326 499 disque
341 418 516 496 legionibus.
545 415 620 478 iuter
639 416 791 499 ambiguos
805 418 911 478 milites
928 427 958 478 et
975 417 1107 483 occultos
1120 417 1205 478 boatus

223 506 360 583 optimum
375 520 392 562 e
410 501 612 582 praesentibus
631 510 710 563 ratos
730 510 825 562 mutua
846 501 1072 562 dissimulatione
1088 502 1139 562 et
1130 500 1170 559 ssd
1173 517 1206 556 em

223 587 327 667 quibus
347 585 500 665 petebatur
518 586 665 662 grassari,
688 584 717 644 in
743 581 888 646 coloniam
906 584 1198 668 Agrippinenseme
1171 581 1206 642 de·

222 670 345 732 stendit.
382 669 452 730 illuc
468 667 604 730 Claudius
619 665 735 747 Labeo,
758 687 843 748 quem
864 679 979 748 captum
1001 677 1031 728 et
1052 677 1231 728 extrenum

185 773 215 816 ιι
224 765 351 816 meatum
359 752 563 814 amandatum
554 771 583 812 ιιι
599 751 711 812 Frisios
727 751 867 830 diximus,
889 753 1034 830 corruptis
1057 749 1207 812 custodibus

222 837 368 918 perfugit3
384 836 607 935 pollicitusque,
630 836 654 896 si
670 833 845 915 praesidium
862 835 993 913 daretur,
1010 837 1113 896 iturum
1127 835 1153 894 in
1168 833 1208 891 Βι·

221 932 307 982 tavos
330 929 359 981 et
378 922 523 1000 potiorem
542 919 665 980 ciuitatis
687 929 800 1000 partem
821 919 858 980 ad
878 921 1049 980 societatem
1067 920 1209 980 Romanam

222 1014 431 1079 retracturum,
464 1011 585 1081 accepta
616 1002 743 1086 peditum
774 1005 957 1083 equitumque
989 1003 1104 1063 modica
1133 1017 1231 1076 mann,

223 1088 293 1148 nihil
307 1088 398 1166 apud
393 1087 519 1148 batavos
534 1104 621 1146 ausus
634 1081 773 1165 quosdam
783 1083 956 1148 Neruiorum
967 1085 1231 1162 Baetasiorumque

187 1173 253 1234 suin
267 1189 345 1232 arnna
360 1171 458 1247 traxit,
475 1179 505 1229 et
517 1169 614 1229 furtim
628 1170 723 1249 magis
738 1187 821 1252 quarn
837 1170 917 1238 bello
934 1170 1140 1231 Canninefates
1151 1168 1231 1228 blan

224 1272 370 1334 sucosque
384 1252 561 1315 incursabat.
1230 1247 1231 1276 u

289 1340 340 1400 57.
362 1338 476 1399 Vocula
492 1335 639 1400 Gallorum
658 1337 759 1398 irande
780 1335 904 1399 inlectus
924 1337 960 1398 ad
974 1335 1092 1398 hostem
1109 1343 1231 1397 cortun

223 1423 279 1492 dit;
300 1440 357 1482 nec
377 1421 481 1501 procul
500 1421 657 1482 Veteribus
681 1419 799 1498 aberat,
822 1439 886 1482 cunr
909 1419 1085 1481 Classicus
1080 1439 1117 1481 au
1136 1419 1208 1480 Tutor

224 1525 279 1585 per
295 1508 424 1585 speciem
439 1503 611 1584 explorandi
627 1506 793 1603 praegressi
808 1523 872 1565 curn
887 1503 1007 1565 ducibus
1018 1503 1231 1566 Germanorum

223 1599 311 1670 pacta
325 1591 486 1650 firmavere.
524 1597 642 1668 tumque
665 1590 786 1666 primurn
801 1587 922 1648 discreti
941 1606 958 1648 a
974 1588 1141 1664 legionibus
1158 1599 1231 1664 pru

201 1674 289 1753 aprio
301 1672 380 1732 vallo
397 1681 490 1732 castra
502 1689 554 1730 suu
567 1670 754 1748 circumdant,
766 1671 930 1731 obtestante
944 1670 1071 1750 Vocula,
1083 1689 1141 1732 nun
1151 1667 1209 1728 adeo

224 1755 365 1816 turbatam
386 1753 519 1816 ciuilibus
541 1757 627 1814 armis
648 1771 710 1814 rem
727 1717 904 1831 li’ornanam,
933 1764 963 1814 ut
981 1753 1120 1817 Treveris
1142 1753 1231 1824 etiam,

225 1837 460 1916 Lingonibusque
490 1836 642 1915 despectui
673 1839 718 1896 sit.
755 1857 913 1917 superesse
946 1838 1017 1900 lidae
1049 1837 1231 1917 provincias„

225 1922 353 1980 victores
369 1921 525 1997 exercitus,
541 1920 684 1981 fortunam
698 1921 811 2000 imperii
827 1931 857 1982 et
867 1922 978 1982 ultores
990 1921 1073 1986 deos.
1100 1923 1142 1989 sic
1156 1917 1210 1978 olm

227 2003 412 2064 Sacrovirum
428 2012 456 2062 et
470 2003 624 2080 Haeduos,
627 2022 735 2083 nuper
752 2005 904 2068 Vindicem
920 2004 1088 2086 Galliasque
1104 2000 1210 2080 singulis

191 2086 348 2168 suproeliis
364 2087 536 2148 concidisse
569 2049 670 2148 eadem
684 2107 782 2150 rursus
798 2090 921 2165 numina,
938 2089 1039 2152 eadem
1053 2089 1113 2150 iata
1127 2091 1208 2163 rupto·

226 2190 275 2232 res
296 2169 447 2232 foederum
474 2180 672 2270 expectarent.
707 2173 809 2233 melius
832 2173 899 2233 divo
922 2173 996 2235 lulio
1018 2173 1143 2252 divoque
1163 2168 1209 2226 Au·

226 2263 314 2334 gustu
331 2263 418 2314 nutus
434 2272 533 2316 eurum
549 2257 674 2315 ammos:
706 2254 825 2320 Galbam
842 2267 871 2317 et
884 2245 1005 2320 infracta
1016 2255 1121 2316 tributa
1135 2247 1209 2312 busti·

227 2339 271 2399 les
287 2338 404 2416 spiritus
418 2337 555 2398 induisse.
578 2356 653 2398 nunu
668 2338 778 2438 hostes,
794 2342 861 2419 quia
876 2340 965 2402 molle
981 2340 1142 2407 servitium
1158 2347 1209 2396 cum

227 2422 344 2502 spoliati
358 2423 495 2501 exutique
511 2421 627 2500 inerint,
640 2423 748 2484 amicos
764 2422 838 2484 iore.
860 2423 935 2486 baec
946 2423 1089 2485 ferociter
1103 2422 1208 2486 locutus,

191 2520 218 2563 ιι
228 2515 380 2584 postquam
405 2514 537 2584 perstare
559 2507 588 2564 in
607 2506 727 2584 pertidia
749 2506 909 2569 classicum
923 2507 1118 2588 Tutoremque
1135 2501 1208 2570 ridet,

228 2606 316 2649 verso
332 2589 434 2649 itinere
450 2587 625 2649 Novaesium
641 2591 790 2652 concedit:
819 2590 893 2653 Galli
908 2591 993 2652 duum
1008 2591 1114 2652 milium
1129 2582 1207 2666 spatio

228 2672 397 2732 distantibus
418 2672 528 2751 campis
551 2675 724 2735 consedere.
759 2674 828 2735 illuc
848 2675 1067 2736 commeantium
1083 2667 1231 2736 canusio

227 2773 294 2814 num
310 2755 488 2833 militumque
505 2755 673 2816 emebantur
690 2757 792 2834 animi,
809 2767 839 2818 ut
856 2758 1012 2837 (flagitium
1044 2754 1231 2878 incognitum,

228 2837 356 2899 Romani
370 2841 560 2918 exercitos)
551 2858 579 2899 un
595 2848 714 2900 externa
727 2840 818 2901 verba
834 2843 962 2902 iurarent
979 2843 1140 2922 pignusque
1153 2829 1231 2895 tandi

184 2939 220 2979 'au
230 2921 352 2981 sceleris
368 2941 442 2982 nece
461 2932 508 2983 aut
522 2923 645 2983 vinculis
658 2923 822 3001 legatorum
838 2925 964 2985 daretur
992 2921 1114 3002 Vocula,
1128 2932 1231 3000 quarn·
1230 2915 1231 2968 l

230 3023 315 3084 quarn
334 3005 467 3088 plerique
493 3007 591 3084 lugam
617 3005 792 3084 suadebant,
815 3007 975 3072 audendum
1000 3016 1095 3082 ratus,
1118 3005 1231 3064 vocata
1230 3043 1231 3128 ,

210 3156 214 3162 ¹
230 3089 391 3149 contione
383 3108 411 3148 ιι
426 3090 500 3150 bunc
514 3089 629 3173 modum
644 3088 794 3152 disseruit:

292 3170 343 3232 58.
356 3173 540 3254 ‘Numquam
562 3163 647 3272 apu'd·
656 3192 711 3239 rus
732 3175 822 3237 verba
836 3175 895 3235 ieci
910 3184 959 3238 aut
972 3193 1027 3254 pru
1047 3175 1127 3239 rubis
1141 3157 1231 3230 solli·

231 3255 317 3314 citior
339 3265 386 3316 aut
408 3274 462 3334 pro
483 3275 529 3332 me
550 3257 791 3322 securiacum
806 3257 875 3322 milri
889 3259 1006 3320 exitium
1020 3277 1113 3338 param
1106 3254 1204 3316 litem

184 3346 186 3352 ’
230 3337 328 3412 audio,
345 3342 563 3416 mortemque,
554 3359 584 3401 ιι
595 3348 639 3400 tut
651 3339 733 3402 malis
744 3339 894 3417 solacium,
904 3349 935 3407 ut
948 3342 1033 3404 linem
1049 3340 1203 3404 miseriarum

228 3429 373 3496 expecto:
407 3424 497 3482 vestri
516 3441 561 3485 me
581 3424 671 3501 pudet
693 3425 886 3504 miseretque,
910 3426 1050 3489 adversus
1073 3441 1141 3508 quos
1159 3431 1203 3478 nul
