2570 3878
385 145 492 196 mann
514 145 560 196 uu.
584 145 660 195 osc.
683 141 817 202 uo-tc-
1048 138 1111 206 alt

96 301 273 385 inciperent.
302 301 392 379 igitur
405 299 527 362 latiaris
541 299 640 364 iacere
655 299 792 364 fortuitos
807 301 931 382 primum
945 317 1109 382 sermones,

96 403 168 451 mox
192 387 312 450 laudare
335 385 545 460 summentium,
568 383 647 462 quod
662 401 729 463 nou,
743 393 775 450 ut
787 387 892 464 ceteri,
908 385 1041 448 florentis
1055 385 1108 447 do·

95 489 161 535 mus
182 470 292 532 amicus
312 467 457 530 summam
477 467 673 538 deseruissem
694 468 781 532 simul
799 468 914 536 honora
935 469 972 534 de
989 468 1107 533 Germa·

95 559 183 635 nico,
205 553 399 634 Agrippinam
412 554 569 630 miseram,
590 550 764 618 disserebat.
793 562 828 622 et
845 563 1001 636 conquam
1023 555 1143 616 Sabi-sa

95 658 169 722 nus,
194 647 227 698 ut
248 646 314 706 mat
334 636 440 697 molles
461 637 490 696 iu
512 635 676 702 calamitate
695 637 858 707 mortalium
880 638 980 717 culmi,
1006 639 1108 702 abunt

94 725 243 800 lacrimas,
259 721 352 783 lunxit
369 729 502 800 mesura,
517 719 670 787 audentius
685 723 741 784 iam
756 731 860 792 onerat
877 723 1024 801 Seianum,
1041 742 1106 786 sae·

94 809 211 884 vitiam,
229 804 412 886 superbiam,
432 821 502 884 apes
521 803 598 867 dus.
635 824 673 869 oe
693 806 724 868 in
740 805 888 871 Tiberium
903 806 1106 886 medaucum

10 887 12 976 ξ
95 894 177 953 vicio
192 889 332 960 abstinet;
354 890 434 969 iique
453 905 619 968 sermones,
642 899 787 970 tamquam
802 893 892 955 rstica
906 890 1105 973 miscuissent,

95 976 230 1056 speciem
244 983 324 1036 arluc
339 974 482 1037 amicitiae
499 974 608 1036 iecere.
640 991 675 1038 ao
696 976 752 1036 iam
774 975 850 1037 ultro
872 974 996 1038 Sabinus
1017 993 1141 1056 quae-20

95 1077 165 1122 rere
177 1057 335 1136 badam,
350 1058 494 1118 ventitare
509 1056 632 1136 domum,
655 1057 776 1120 dolores
788 1077 862 1123 anos
878 1061 961 1138 quasi
976 1059 1012 1121 ad
1026 1060 1103 1122 fidis·

95 1147 199 1208 simum
214 1143 343 1206 delarue.

158 1228 210 1290 69.
229 1225 401 1288 Consultant
414 1244 489 1307 quos
502 1228 673 1305 memoravi,
689 1245 813 1308 quonam
827 1226 915 1290 modo
933 1245 967 1288 ea
980 1228 1104 1309 plurium

95 1312 195 1376 auditu
215 1311 428 1391 acciperentur.
464 1329 530 1372 nam
550 1311 619 1371 loco
644 1312 673 1371 in
694 1329 779 1392 quam
803 1312 936 1377 coibatur
959 1313 1102 1374 seruanda

10 1423 20 1448 r
96 1395 262 1459 solitudinis
276 1395 385 1464 iacies:
414 1403 443 1454 et
458 1395 483 1455 si
497 1411 576 1474 pone
590 1395 672 1456 iores
689 1396 880 1474 adsisterent,
904 1405 998 1459 metus
1011 1399 1102 1475 visus,

10 1525 11 1544 i
96 1481 210 1544 sonitus
226 1487 275 1542 aut
289 1479 367 1541 iorte
381 1479 652 1557 ortacauspicionis
667 1488 745 1548 erat.
792 1475 899 1542 tactum
913 1480 990 1540 iuter
1010 1490 1040 1540 et
1061 1481 1102 1542 la-

95 1566 218 1646 quearia
239 1572 301 1624 tres
321 1572 491 1640 matures,
507 1561 589 1624 -luaud
611 1565 704 1624 minus
724 1565 801 1644 turpi
816 1563 930 1627 latebra
952 1581 1037 1642 quam
1052 1564 1128 1632 ale-5

95 1647 230 1712 testanda
244 1647 363 1726 fraude,
378 1665 446 1710 sese
462 1645 645 1725 abstrudunt,
661 1647 852 1712 foraminibus
867 1656 898 1711 ct
910 1649 990 1710 rimis
1004 1665 1103 1709 aurmu

96 1734 262 1797 admonent.
295 1733 406 1793 interea
431 1730 553 1792 Latiaris
577 1740 726 1810 repertum
752 1734 782 1792 iu
807 1731 927 1813 publico
954 1731 1103 1811 Sabinum,

96 1817 178 1879 velut
191 1833 298 1877 roccus
314 1817 431 1894 cognita
445 1824 626 1894 narraturus,
648 1815 762 1885 domum
779 1825 809 1878 ct
824 1818 853 1877 iu
867 1815 1032 1879 cubiculum
1045 1826 1101 1878 tra·

95 1903 151 1971 luit3
168 1901 386 1981 praeteritaque
400 1901 591 1978 euastanda,
605 1915 728 1979 quorun
743 1893 860 1962 adinum
876 1902 979 1981 copia,
999 1919 1034 1961 sc
1050 1918 1101 1962 no·

94 2003 151 2047 vos
169 1993 301 2045 terrores
319 1983 454 2044 cumulat.
484 1982 587 2046 eadem
608 1983 660 2045 ille
679 1992 710 2045 et
723 1985 844 2063 diutius,
858 1993 966 2064 quanto
979 1994 1100 2062 maesta,
1111 2006 1138 2048 ac

10 2129 11 2144 ς
95 2069 146 2132 ubi
167 2068 260 2130 semol
281 2084 462 2148 prominere,
483 2067 631 2130 difficilius
650 2069 819 2130 reticentur.
854 2077 1014 2149 properata
1033 2068 1102 2129 inde

10 2151 11 2156 ’
95 2152 264 2229 accusatio,
291 2152 447 2231 missisque
477 2151 513 2214 ad
537 2150 694 2214 Caesarem
720 2153 814 2215 literis
837 2152 968 2217 ordinem
990 2153 1102 2215 naudus

11 2231 12 2268 ³
96 2252 236 2316 suumque
255 2237 313 2315 ipsi
336 2235 464 2297 dedecus
486 2253 655 2297 narravere.
683 2253 741 2297 non
763 2236 835 2298 alias
854 2239 949 2314 magis
971 2237 1057 2298 anxia
1073 2244 1103 2297 et

95 2338 208 2404 parens
220 2321 338 2399 civitas,
351 2320 481 2380 reticens
492 2320 646 2382 aduersum
658 2323 823 2401 proximos;
832 2337 1022 2398 cormressm,
1033 2337 1101 2380 con·

94 2406 212 2487 loquis,
233 2413 323 2466 uotae
336 2405 514 2484 ignotaeque
524 2417 618 2466 ‘aures
630 2405 731 2476 vitari3
755 2407 840 2467 etium
859 2403 1137 2485 mascaronem-1⁵

95 2492 201 2567 anima,
215 2497 324 2550 tectum
337 2497 366 2549 et
383 2490 511 2569 parietes
524 2485 851 2570 mrcumspsctubintur.

157 2574 208 2636 70.
232 2572 292 2633 Sed
312 2571 423 2634 caesar
443 2572 595 2634 sollemnia
615 2573 782 2654 incipientis
809 2574 890 2635 anni·
904 2572 1037 2635 kalendis
1057 2571 1102 2635 lu·

94 2657 203 2721 ruanis
222 2655 348 2737 epismla
363 2664 510 2736 precatus,
528 2658 617 2718 vertit
630 2659 659 2718 in
674 2658 823 2736 Sabinum,
842 2666 998 2736 corruptos
1014 2673 1101 2737 quos-

94 2743 161 2804 dam
177 2741 349 2803 libertorum
364 2742 527 2820 etpetitum
539 2759 573 2802 se
588 2756 732 2820 arguens,
747 2733 943 2820 tuitionemque
958 2740 1034 2802 baud
1050 2740 1101 2802 ob·

94 2843 184 2889 scnre
204 2825 357 2906 poscebat.
387 2842 443 2885 nec
458 2841 540 2886 mora
556 2826 624 2904 quin
645 2825 865 2895 decerneretum
888 2833 921 2886 sc
933 2823 1103 2886 trahebatur

93 2911 260 2989 damnatus,
283 2917 417 2991 mantum
442 2908 567 2971 obducta
584 2919 670 2970 veste
689 2918 718 2970 et
735 2909 881 2970 adstrictis
903 2908 1037 2970 lancibus
1052 2910 1125 2970 uitit

93 3002 228 3077 poterat,
252 2991 402 3056 clamitans
420 2995 464 3054 sic
485 2992 616 3054 inchoari
633 3011 751 3072 anuum,
773 2993 827 3054 luas
844 2994 951 3054 Seiano
968 2995 1101 3055 victimas

94 3078 214 3141 cadere.
246 3095 304 3158 qno
321 3077 493 3138 intendisset
507 3077 627 3156 oculos,
654 3093 711 3158 quo
725 3077 816 3139 rerba
833 3078 1016 3154 acciderent,
1030 3079 1100 3156 lugu

91 3164 226 3241 uastitas,
243 3160 340 3224 deseri
352 3163 456 3224 itinera
470 3161 545 3222 lora.
575 3171 605 3222 et
621 3161 734 3242 quidam
746 3161 989 3240 regrediebantur
1002 3170 1100 3222 osteu-

89 3247 251 3328 tnbautque
275 3266 307 3308 se
328 3265 455 3324 rursum,
486 3245 630 3325 idipsum
655 3255 798 3326 paventes
825 3245 902 3324 quod
928 3246 1099 3306 timuissent.

91 3349 182 3414 quem
196 3334 272 3392 euim
287 3331 362 3392 diem
377 3349 499 3393 vacuum
514 3347 621 3409 poeno,
637 3330 686 3391 ubi
700 3331 776 3390 luter
792 3346 877 3391 sacru
893 3337 922 3390 et
941 3336 1024 3402 vota,
1042 3342 1100 3405 quo
1111 3347 1144 3389 aa

92 3424 229 3496 tempore
246 3415 344 3477 uerbis
360 3418 445 3477 etiam
461 3414 594 3494 prolenis
612 3415 752 3476 abstineri
768 3429 832 3473 mos
848 3421 942 3487 esset,
959 3408 1056 3471 uincla
1072 3417 1102 3470 ct

138 3517 227 3568 uacum
244 3520 315 3562 rans
336 3521 355 3560 1.
901 3496 940 3556 lit
