2546 3872
408 195 512 242 ursus
530 197 553 244 1.
576 196 649 246 car.
667 196 786 252 oe-oo.
945 185 947 189 ’
1052 187 1090 250 at

94 363 197 408 corum
219 344 326 406 oblitos
350 348 404 408 iam
420 347 547 408 batavos
561 351 672 429 imperii
691 347 893 414 admonuisset.
924 355 1029 413 frustra
1044 353 1094 415 ad-

95 449 199 514 uersus
222 428 341 490 Aeduos
364 434 494 510 quaesita
516 432 585 493 belli
608 453 710 496 causa:
739 436 809 496 inssi
834 439 984 515 pecuniam
1008 447 1094 516 atque

93 531 171 579 arma
195 513 311 572 deferre
331 513 472 591 gratuitos
493 519 611 596 insuper
625 529 801 579 commeatus
816 519 989 598 praebuere.
1015 521 1092 599 qnod

92 596 189 656 Aedui
203 596 371 674 formidine,
387 597 595 675 Lugdunenses
612 601 717 678 gaudio
732 602 842 662 iecere.
873 603 924 663 sed
939 604 1019 680 legio
1034 603 1088 664 lta·
1101 629 1130 670 rs

92 682 150 740 lica
173 689 202 738 et
223 679 268 742 ala
290 680 430 743 Tauriana
454 681 610 744 abductae:
639 684 789 745 cohortem
803 692 934 744 octavam
953 685 1090 748 decimam

12 831 13 834 Ἴ
90 763 238 840 Lugduni,
262 763 354 826 solitis
370 764 425 824 sibi
439 764 584 844 bibernis,
606 768 727 847 relinqui
747 769 863 846 placuit.
896 769 1018 842 Manlius
1033 771 1091 830 Va·

89 849 157 908 lens
180 847 293 924 legatus
314 846 434 907 Italicae
456 848 597 927 legionis,
622 869 791 930 quamquam
814 851 888 912 bene
909 853 944 912 de
961 853 1093 931 partibus

92 931 228 1005 meritus,
251 929 330 989 nullo
347 930 420 1008 apud
436 931 584 992 Vitellium
598 933 710 994 honore
725 934 792 994 init:
815 938 938 996 secretis
956 955 1019 995 eum
1035 939 1089 996 cri·

89 1013 294 1076 minationibus
314 1014 502 1074 infamaverat
522 1015 628 1077 Fabius
650 1021 779 1095 ignarum
805 1028 847 1096 et,
869 1038 926 1099 quo
948 1021 1129 1088 incautiores

92 1098 292 1175 deciperetur,
310 1097 403 1175 palam
419 1097 571 1160 laudatum.
986 1111 989 1115 “
1119 1176 1121 1180 Ι

154 1181 203 1242 65.
231 1182 367 1240 Veterem
392 1183 466 1242 inter
486 1183 692 1261 Lugdunenses
719 1192 749 1246 et
773 1184 956 1247 Viennenses
980 1187 1089 1246 discor·

89 1266 166 1326 diam
188 1264 347 1342 proximum
372 1264 478 1326 bellum
494 1267 678 1328 accenderat.
704 1269 810 1329 multae
824 1270 852 1328 in
869 1272 962 1337 vicem
979 1270 1089 1345 clades,

89 1347 224 1410 crebrius
242 1347 432 1426 infestiusque
454 1367 536 1427 quam
561 1359 591 1408 ut
605 1360 710 1412 tantum
726 1361 847 1431 propter
861 1352 1009 1412 Neronem
1024 1353 1089 1413 Gal·

88 1434 217 1507 bamque
240 1439 425 1510 pugnaretur.
459 1441 488 1491 et
509 1432 599 1493 Galba
621 1434 728 1494 reditus
749 1434 980 1512 lugdunensium
1003 1453 1088 1496 occa·

91 1518 179 1577 sione
202 1514 262 1576 irae
281 1517 309 1574 in
332 1515 443 1576 liscum.
456 1525 598 1584 verteret;
621 1517 725 1576 multos
742 1527 841 1577 contra
859 1520 886 1576 in
904 1520 1112 1578 Viennensesc

91 1601 201 1669 bonor:
224 1597 299 1657 unde
321 1599 472 1658 aemulatio
496 1608 524 1658 et
548 1601 652 1660 invidia
672 1610 700 1660 et
717 1618 773 1660 uuo
791 1618 873 1660 amne
891 1601 1024 1660 discretis
1041 1619 1088 1662 co·

92 1699 196 1743 nexum
219 1679 323 1742 odium.
353 1682 440 1758 igitur
456 1681 664 1759 lugdunenses
687 1684 872 1746 exstimulare
889 1684 1021 1762 singulos
1039 1685 1088 1744 mi-

92 1767 173 1826 litum
193 1773 222 1824 et
237 1765 265 1824 in
281 1767 463 1826 eversionem
478 1766 683 1828 Viennensium
699 1767 869 1846 impellere,
886 1767 1037 1829 obsessam
1053 1767 1088 1828 ab

88 1850 149 1910 illis
173 1847 317 1908 coloniam
341 1867 436 1924 suam,
463 1849 574 1910 adiutos
595 1850 724 1912 Vindicis
746 1860 881 1929 conatus,
908 1854 1089 1932 conscriptas

88 1950 186 2010 nuper
207 1931 340 2008 legiones
359 1932 386 1990 in
402 1933 572 2009 praesidium
592 1932 700 1994 Galbae
715 1934 881 1994 referendo.
914 1945 943 1996 et
958 1934 1006 1994 ubi
1022 1953 1086 1994 cau·
1100 1960 1126 2000 rc

89 2035 141 2076 sas
158 2014 295 2087 ‘odiorum
311 2016 550 2095 praetenderant,
571 2016 792 2094 magnitudinem
812 2018 938 2096 praedae
954 2017 1087 2078 ostende-

89 2101 170 2160 bant.
189 2115 245 2158 nec
261 2099 315 2160 iam
331 2108 446 2159 secreta
461 2099 640 2177 exhortatio,
657 2099 708 2160 sed
726 2099 859 2180 publicae
876 2119 997 2178 preces:
1015 2103 1089 2160 irent

12 2211 13 2214 ¹
89 2185 220 2259 ultores,
238 2180 425 2242 excinderent
440 2183 538 2243 sedem
555 2182 657 2244 Gallici
672 2183 756 2253 befli;
774 2192 877 2246 cuncta
892 2183 953 2243 illic
969 2191 1088 2243 externa

12 2295 13 2298 ¹
89 2277 122 2328 et
145 2265 276 2327 hostilia:
307 2277 341 2326 se
364 2265 506 2326 coloniam
529 2265 685 2328 Romanam
707 2275 735 2326 et
758 2275 869 2345 partem
890 2267 1036 2326 exercitus
1059 2274 1088 2326 et

89 2367 297 2430 prosperarum
314 2347 556 2428 adversarumque
570 2369 665 2410 rerum
682 2351 793 2420 socios;
817 2351 841 2409 si
856 2351 970 2410 fortuna
987 2359 1086 2410 contra
1098 2369 1124 2409 n.

89 2435 190 2508 daret,
207 2433 288 2493 iratis
302 2451 338 2492 ne
357 2432 595 2512 relinquerentur.

155 2515 205 2578 66.
229 2515 280 2575 llis
305 2525 335 2576 et
355 2516 483 2595 pluribus
507 2520 535 2577 in
555 2517 676 2577 eundem
697 2517 809 2577 modum
832 2515 1034 2597 perpulerant,
1059 2523 1088 2574 nt

89 2619 128 2660 ne
150 2600 238 2676 legati
260 2594 374 2676 quidem
397 2618 431 2660 ac
454 2599 687 2680 ducespartinm
710 2603 849 2678 restingui
873 2609 961 2677 posse
977 2599 1086 2658 iracun-

90 2685 165 2744 diam
183 2684 329 2748 cxercitus
345 2682 564 2759 arbitrarentur,
583 2702 645 2742 cnm
661 2683 735 2743 haud
750 2685 842 2760 ignari
858 2683 1028 2743 discriminis
1045 2683 1088 2742 sui

91 2767 293 2844 Viennenses,
317 2767 478 2838 velamenta
499 2776 529 2827 et
550 2767 652 2827 infulas
675 2767 893 2846 praeferentes,
915 2765 963 2825 ubi
985 2783 1087 2842 agmen

89 2853 268 2927 incesserat,
291 2859 367 2910 arma
389 2867 484 2928 genua
507 2851 629 2928 vestigia
653 2849 815 2929 prensando
833 2841 949 2910 'flexere'
970 2849 1111 2919 militumr

90 2935 218 3003 animem
240 2931 347 2994 addidit
361 2932 471 2994 Valens
485 2944 620 2994 trecenos
635 2933 755 3010 singulis
773 2932 909 2992 militibus
924 2933 1087 2998 sestertios.

91 3029 150 3078 tum
175 3025 304 3078 vetustas
320 3017 501 3097 dignitasque
519 3018 651 3078 coloniae
671 3016 758 3076 valuit
774 3026 802 3077 et
817 3015 908 3076 verba
923 3014 995 3075 Fabi
1012 3014 1087 3074 salu·

91 3111 149 3160 tem
178 3100 457 3179 incolumitatemque
488 3100 692 3160 Viennensium
729 3099 952 3160 commendantis
988 3101 1088 3177 aequis

90 3201 159 3244 mox
171 3182 287 3245 auribus
294 3172 432 3259 'accepta3
445 3178 561 3258 publice
572 3191 668 3241 tamen
681 3182 895 3256 armismultati,
918 3183 1037 3260 privatis
1059 3191 1088 3241 et

91 3270 246 3347 promiscis
264 3268 358 3345 copiis
373 3269 473 3327 iuvere
485 3266 613 3326 militem.
634 3265 686 3326 sed
698 3267 772 3326 fama
785 3274 920 3326 constans
931 3265 983 3324 fuit
995 3267 1086 3342 ipsum
1098 3288 1122 3330 m

90 3350 243 3413 Valentem
263 3368 366 3427 magna
387 3350 508 3429 pecunia
531 3357 663 3428 emptum.
690 3351 715 3409 is
732 3349 778 3409 din
794 3347 945 3425 sordidus,
965 3357 1087 3425 repente

92 3434 174 3496 dives
197 3435 379 3494 mutationem
402 3434 534 3493 fortunae
555 3432 630 3492 male
648 3431 783 3510 tegebat,
800 3431 939 3491 accensis
955 3438 1086 3506 egestate
