2540 3874
416 171 521 218 umisa
532 173 580 220 111.
601 172 676 220 our.
690 171 808 225 ao—ts.
1072 163 1112 227 89

111 321 187 406 quud
210 325 257 385 alii
281 326 366 386 civile
387 327 537 404 rebantur,
565 345 600 386 ne
625 329 730 386 ceteris
752 328 930 390 adsentiendi
951 335 1111 394 necessitas

110 412 204 486 tieret,
222 410 336 489 quidam
351 410 385 471 ad
402 411 550 471 saevitiam
566 410 734 473 trahebant:
755 429 851 492 neque
872 415 945 474 enirn
962 429 1110 478 cessurum

108 495 162 554 nisi
178 493 327 562 damnandi
344 494 452 554 cilicio.
489 495 492 498 ’

172 575 221 640 23.
243 575 350 658 Lepida
367 575 497 638 ludorum
521 577 641 654 diebus,
665 583 711 657 qui
733 580 930 658 cognitionem·
948 584 1109 645 intervene-

106 671 185 740 rant,
214 658 353 723 theatrum
382 681 445 722 cum
474 662 561 722 claris
589 661 702 722 leminis
729 665 878 743 ingressa,
906 666 1110 730 lamentatione

8 799 10 808 .
105 743 197 808 liebiii
212 749 338 807 maiores
354 755 423 832 suos
439 747 520 807 ciens
536 747 687 826 ipsumque
702 747 883 828 Pompeium,
902 750 981 810 cuius
997 763 1031 812 ea
1049 768 1108 812 mc·

105 835 232 892 nimenta
248 840 277 890 et
294 831 441 892 adstantes
456 832 596 908 imagines
611 831 794 910 visebantur,
817 841 923 894 tantum
944 836 1109 896 misericor·

103 916 171 978 diae
199 917 362 994 permovit,
391 913 527 976 uteliusi
554 916 582 974 in
610 915 743 976 lacrimas
770 930 857 976 saera
884 921 914 977 et
939 917 1134 981 detestandae

105 1001 237 1076 Quirinio
256 999 451 1076 clamitarent,
467 1001 547 1059 cuius
563 1007 700 1061 senectae
716 1003 804 1080 atque
822 1001 935 1061 orbitati
953 1008 982 1062 et
1006 1004 1108 1064 obscu-

104 1085 238 1146 rissimae
260 1083 522 1145 domui'destinata
541 1082 683 1162 quondam
703 1095 777 1145 uxor
796 1083 827 1144 h.
847 1083 965 1147 Caesari
983 1097 1022 1148 aa
1043 1087 1110 1150 diuo

102 1171 239 1246 Augusto
255 1181 342 1229 nurus
358 1163 523 1228 dederetur.
553 1165 619 1228 dein
636 1170 787 1229 tormentis
800 1178 950 1229 seruorum
963 1173 1108 1250 paieiacta

104 1259 170 1314 sunt
195 1251 305 1330 llagitia
334 1255 461 1332 itumque
484 1253 514 1310 in
537 1251 707 1312 sententiam
727 1251 845 1313 linbelli
864 1249 980 1330 Blandi,
1010 1271 1028 1316 a
1051 1272 1119 1334 quo-

103 1351 179 1418 aqua
196 1344 283 1416 atque
298 1337 361 1414 igni
377 1334 539 1396 arcebatur.
573 1335 640 1396 huic
652 1335 763 1397 ltmsus·
779 1333 917 1415 adsensit,
929 1339 1107 1418 'quamquam
1118 1354 1141 1396 uc

103 1421 152 1484 alii
168 1421 263 1480 mitius
281 1419 470 1480 censuissent.
505 1433 574 1480 mox
590 1420 711 1498 Scauro,
733 1422 780 1500 qui
798 1420 887 1481 uitam
901 1432 938 1481 ex
953 1440 986 1482 ea
999 1431 1107 1501 genue—
1172 1473 1177 1495 ,

102 1515 157 1582 rat,
174 1505 270 1565 datium
287 1513 323 1564 ne
341 1503 418 1565 bona
433 1502 659 1584 publicarentur.
694 1513 751 1564 turn
769 1503 880 1564 demum
896 1507 1009 1584 apernit
1021 1506 1107 1566 iibe-

101 1594 162 1652 rius
181 1597 353 1668 conpertum
370 1588 425 1648 sibi
446 1587 530 1648 etiam
552 1603 588 1648 ex
606 1587 637 1648 Ρ.
655 1588 775 1663 Quirinii
796 1589 889 1648 servis
909 1599 1024 1650 venerio
1044 1602 1107 1650 eum

102 1694 118 1736 a
134 1673 244 1753 Lepida
259 1674 388 1753 petitum.
889 1737 893 1744 ,
1101 1675 1105 1681 ’

167 1758 217 1818 24.
247 1754 410 1818 Inlustrium
437 1755 569 1817 domuum
597 1755 720 1816 adversa
748 1755 870 1838 (etenim
894 1757 968 1818 haud
992 1757 1261 1830 multum-„K

8 1903 9 1906 ,
103 1842 218 1904 distanti
235 1845 368 1920 tempore
386 1839 534 1920 calpurnii
549 1839 699 1916 Pisonem,
720 1838 835 1904 Aemilii
849 1836 987 1920 Lepidam
1006 1843 1105 1902 amise-

102 1926 181 2004 rant)
200 1925 311 1986 sulacio
328 1923 436 1985 adiecit
451 1925 485 1984 b.
503 1924 616 1985 Silanus
630 1923 729 1984 lunias
748 1923 872 1985 familiae
894 1924 1030 1986 redditus.
1060 1936 1106 1986 ca-

103 2029 165 2071 sum
182 2010 243 2070 eius
260 2011 360 2088 paucis
375 2018 515 2088 repetant.
545 2017 575 2068 ut
586 2007 684 2068 ualida
695 2008 762 2068 divo
775 2009 909 2087 Augusto
926 2011 954 2070 in
971 2021 1032 2069 rem
1057 2023 1106 2088 pu·

103 2095 208 2155 blicam
221 2093 346 2172 fortuna,
362 2095 400 2154 ita
416 2094 492 2153 domi
508 2093 681 2172 inprospera
696 2083 748 2152 luit
763 2093 801 2152 ob
817 2093 1012 2172 inpudicitiam
1029 2094 1129 2154 liliaes

8 2239 9 2246 ,
102 2179 267 2258 acceptis,
297 2195 368 2258 quas
387 2176 459 2237 urbe
480 2176 590 2256 depulit
609 2176 813 2256 adulterosque
835 2189 932 2253 earum
951 2187 1043 2237 morte
1059 2185 1106 2236 aut

8 2261 9 2266 ’
100 2264 171 2340 iuga
194 2262 310 2343 punivit.
339 2277 402 2322 nam
425 2261 539 2340 culpant
558 2261 632 2320 inter
654 2261 733 2320 viros
758 2271 793 2320 ac
818 2260 938 2322 feminas
961 2261 1124 2338 vulgatam.

102 2347 189 2425 gravi
216 2347 331 2406 nomine
356 2346 499 2405 laesarum
525 2345 697 2422 religionum
725 2356 760 2405 ac
791 2345 919 2406 violatae
949 2345 1106 2404 maiestatis

102 2429 282 2512 appellando
300 2430 480 2490 clementiam
496 2429 633 2489 maiorum
648 2445 774 2508 suasque
788 2430 853 2506 ipse
870 2427 954 2507 leges
973 2426 1105 2505 egredie-

100 2515 195 2574 batur.
229 2512 281 2573 sed
297 2514 417 2574 aliorum
432 2516 537 2589 exitus,
555 2511 637 2572 simui
656 2522 753 2574 cetera
775 2513 855 2574 illius
874 2513 976 2574 aetatis
999 2526 1141 2572 memo-ic
1181 2579 1185 2585 φ

100 2597 193 2675 rabo,
216 2599 240 2657 si
265 2593 378 2658 effectis
398 2599 426 2657 in
447 2613 520 2676 quae
537 2595 645 2657 tetendi
668 2597 767 2675 plures
781 2595 816 2658 ad
835 2611 919 2657 curas
937 2597 1023 2656 vitam
1039 2613 1105 2674 pro·

100 2683 226 2742 duxero.
257 2679 292 2741 u.
310 2675 425 2742 Silanus
439 2683 468 2740 in
485 2683 565 2760 nepti
580 2679 705 2759 Augusti
721 2680 847 2758 adulter,
867 2689 1035 2760 quamquam
1047 2696 1105 2739 non

99 2767 177 2827 ultra
193 2766 271 2825 iuret
292 2767 431 2826 saevitum
455 2768 582 2844 quamdi
604 2765 726 2825 amicitia
743 2761 878 2826 Caesaris
894 2761 1104 2844 prohiberetur,

101 2849 220 2912 exilium
237 2847 291 2909 sibi
308 2848 498 2910 demonstrari
513 2847 672 2924 intellexit,
698 2865 754 2908 nec
775 2849 831 2909 nisi
851 2847 968 2910 'l'ibe'rio
989 2849 1103 2926 imperi·

98 2941 181 2996 tante
203 2933 357 3013 deprecari
380 2941 510 2994 senatum
531 2949 566 2993 ac
587 2933 747 3012 principem
775 2945 859 2994 ausus
884 2939 929 2994 est
949 2931 988 2994 il.
1015 2932 1141 2992 Silanist

8 3063 15 3084 .
98 3019 201 3080 fratris
218 3019 358 3096 potentia,
376 3018 423 3096 qui
438 3025 494 3096 per
511 3009 652 3094 insignem
667 3016 846 3078 nobilitatem
865 3025 894 3078 et
911 3017 1104 3096 eloquentiam

96 3099 312 3184 praecellebat.
346 3101 398 3162 sed
416 3099 548 3161 Tiberius
564 3101 654 3178 gratis
669 3104 766 3178 agenti
782 3100 881 3162 Silano
905 3101 1033 3180 patribus
1055 3115 1103 3161 eo·

98 3203 163 3247 ram
179 3184 330 3266 respondit
350 3203 381 3246 se
399 3198 515 3265 quoque
529 3184 646 3263 laetari,
664 3183 741 3263 qrrod
755 3185 845 3246 irater
862 3187 925 3246 eius
941 3201 957 3246 e
973 3185 1102 3265 peregri·

96 3268 217 3330 natione
233 3269 391 3349 longinqua
413 3270 597 3339 revertisset3
621 3268 705 3348 idque
725 3267 788 3330 iure
810 3270 936 3345 licitum,
959 3269 1024 3346 quia
1047 3281 1103 3326 non

98 3359 219 3414 senatus
235 3354 383 3429 consulto,
403 3369 461 3412 non
474 3352 544 3431 lege
561 3352 661 3432 pulsus
678 3353 769 3413 ioret:
785 3353 841 3414 sibi
857 3361 952 3413 tamen
964 3351 1103 3410 adversus
1113 3355 1143 3405 rc·

99 3454 167 3498 eum
187 3437 316 3515 integras
338 3437 465 3518 parentis
491 3437 534 3498 sui
557 3437 751 3513 offensiones,
779 3453 873 3516 neque
900 3432 993 3494 reditu
1015 3430 1103 3490 Silani
