2546 3872
160 156 204 226 40'
380 177 545 227 conunnn
561 177 679 226 rnorrr
695 177 936 226 fflsnonrnnuu

228 331 278 392 84.
298 331 379 392 ‘Vos
402 331 517 410 quidem
537 331 613 392 istud
637 349 691 412 pro
712 349 772 391 me:
798 331 899 392 sedin
923 328 1054 390 discursu
1070 349 1105 391 ac
1119 340 1166 392 te·

160 416 261 476 nebris
283 423 312 475 ct
334 433 429 476 rerum
452 417 576 476 omnium
600 416 770 482 confusione
793 415 925 494 patelieri
941 415 1061 474 occasio
1077 417 1169 475 etiam

161 501 304 561 aduersus
324 517 370 558 me
393 507 500 578 potest.
533 500 558 559 si
576 499 695 560 Vitellio
722 507 752 558 et
766 497 941 558 satellitibus
957 499 1019 556 eius
1035 497 1169 574 eligendi

162 583 285 645 facultas
307 583 404 660 detur,
428 601 513 662 quem
528 582 613 644 nobis
629 585 767 660 animum,
788 599 860 660 quas
878 589 989 641 mentes
1008 581 1169 660 inprecen·
1253 579 1254 622 ἕ

140 678 223 746 stur,
251 666 318 744 qnid
342 667 419 728 aliud
443 684 527 745 quam
550 667 721 727 seditionem
743 676 773 726 et
799 663 973 725 discordiam
998 664 1170 743 optabunt?

163 769 200 811 ne
221 751 306 810 milas
329 751 503 828 centurioni,
527 769 565 810 nc
587 753 717 810 centurio
739 748 853 810 tribuno
877 747 1070 828 obsequatur,
1097 749 1171 810 binc

163 834 276 910 coninsi
289 833 404 912 pedites
416 835 610 914 equitesqne'
601 853 630 894 ur
642 834 761 894 exitium
771 850 897 893 ruamus.
915 831 1045 911 parendo
1057 835 1170 911 potins,

164 899 394 995 commilitones,
410 935 494 997 quam
509 919 643 997 imperia
649 920 753 981 ducum
766 916 943 979 sciscitando
959 933 1008 978 res
1024 916 1172 982 militares

151 1002 363 1078 continentur,
385 1011 415 1060 et
434 1001 639 1070 fortissimus'
630 1020 659 1060 m
680 1003 747 1082 ipso
763 991 927 1074 discrimine
944 1002 1092 1063 exercitus
1111 1010 1171 1077 est,

128 1111 154 1152 ιι
164 1103 213 1165 ιιι
234 1093 300 1144 ante
322 1083 476 1144 discrimen
498 1085 703 1163 quietissimus
736 1084 821 1145 vobis
841 1102 919 1146 arma
937 1092 966 1150 et
986 1085 1101 1150 animus
1113 1086 1170 1145 sit:

163 1168 231 1228 mihi
253 1168 404 1228 consilium
424 1177 455 1228 et
474 1169 587 1228 virtutis
608 1178 726 1230 vestrae
747 1169 878 1247 regimen
898 1159 1067 1247 relinquite.
1096 1185 1168 1248 pau·

165 1269 264 1312 corum
287 1252 372 1330 culpa
387 1252 456 1329 init,
478 1251 599 1313 duorum
614 1269 710 1332 poena
726 1254 796 1313 erit:
820 1252 912 1312 ceteri
926 1250 1045 1311 abolete
1060 1269 1166 1312 memo·

163 1337 235 1412 riam
255 1335 443 1398 foedissimae
464 1337 570 1398 noctis.
604 1355 661 1396 nec
677 1336 744 1397 illas
765 1335 906 1398 adversus
927 1343 1058 1396 senatum
1074 1351 1163 1396 voces

164 1419 239 1480 ullus
266 1437 386 1498 usquam
416 1420 563 1482 exercitlls
594 1420 701 1482 audiat.
748 1429 836 1500 caput
860 1421 978 1498 imperii
1001 1428 1032 1479 et
1057 1419 1168 1480 decora
1254 1459 1255 1480 ι

132 1505 290 1566 rsomnium
311 1506 526 1582 provinciarum
549 1505 585 1566 ad
609 1522 734 1584 poenam
753 1520 863 1564 uocare
884 1519 943 1562 non
966 1501 1089 1563 hercule
1117 1501 1169 1578 illi,

165 1604 240 1668 qnos
262 1605 326 1647 cunr
347 1590 470 1648 maxime
490 1588 628 1658 Vitellius
647 1590 677 1649 in
697 1605 751 1648 nos
774 1587 847 1666 ciet,
874 1586 1008 1648 Germani
1031 1586 1169 1647 audeant.

164 1670 253 1746 ulline
268 1669 370 1730 ltaliae
391 1670 496 1731 alumni
516 1681 546 1731 et
558 1673 690 1733 Romana
709 1689 782 1732 vere
797 1673 930 1731 iuventus
946 1668 982 1730 ad
997 1671 1171 1746 sangninem

165 1764 194 1814 et
210 1753 330 1813 caedem
348 1753 579 1832 depoposcerint
593 1755 738 1832 ordinem,
758 1757 838 1815 cuius
854 1751 1013 1833 splendore
1029 1761 1057 1812 et
1071 1754 1172 1830 gioria

165 1836 268 1896 sordes
281 1845 310 1895 et
323 1836 529 1900 obscuritatem
541 1837 762 1899 Vitellianarum
774 1840 895 1917 partium
906 1833 1172 1915 praestringimus?

129 1919 298 1984 conationes
326 1919 436 1998 aliquas
469 1923 624 1999 occupavit
649 1921 807 2000 Vitellius,
843 1921 999 1998 imaginem
1026 1921 1172 1998 quandam

165 2005 311 2063 exercitus
333 2002 437 2079 babet,
459 2013 577 2064 senatus
598 2005 750 2064 nobiscum
771 2015 831 2066 est:
861 2006 904 2064 sic
924 2005 956 2064 iit
977 2012 1008 2065 ut
1028 2002 1096 2062 binc
1119 2021 1171 2063 res

164 2085 295 2164 publica,
322 2087 388 2147 inde
411 2087 513 2148 hostes
534 2087 735 2166 reipublicae
760 2088 952 2149 constiterint.
993 2084 1082 2166 quid?
1113 2105 1171 2146 vos

165 2169 388 2248 pulcherrimam
414 2170 489 2231 banc
511 2172 612 2232 urbem
640 2171 771 2232 domibus
800 2180 830 2232 et
852 2171 940 2232 tectis
967 2179 997 2230 et
1023 2179 1171 2247 congestu
1253 2189 1254 2202 ³

164 2252 290 2330 lapidum
310 2263 388 2314 stare
410 2253 551 2315 creditis?
580 2264 657 2317 muta
676 2255 733 2316 ista
751 2265 781 2314 et
801 2255 923 2315 inanima
939 2253 1118 2315 intercidere
1134 2271 1171 2314 ac
1255 2257 1256 2262 ’

129 2339 296 2413 ιιιιιιιιιιιιί
320 2340 467 2418 promisca
481 2347 562 2399 sunt:
585 2341 743 2400 aeternitas
758 2356 855 2399 rerum
873 2348 903 2398 et
919 2354 977 2417 pax
993 2338 1123 2415 gentium
1140 2348 1171 2397 et
1255 2349 1256 2352 ’

164 2437 227 2480 mea
250 2439 313 2480 cnm
333 2431 432 2482 uestra
454 2422 532 2482 salus
556 2423 754 2484 incolumitate
776 2431 894 2482 senatus
919 2423 1057 2482 lirmatnr.
1090 2421 1171 2482 bunc

164 2505 316 2582 auspicato
334 2524 351 2566 a
369 2516 488 2583 parente
512 2515 541 2566 et
562 2506 714 2566 conditore
729 2505 809 2566 urbis
826 2515 945 2566 nostrus
960 2505 1120 2566 institutum
1140 2515 1171 2565 et

166 2589 315 2664 aregibus
330 2607 423 2668 usqne
439 2590 473 2650 ad
490 2589 640 2669 principes
659 2592 823 2650 continuum
838 2596 867 2649 et
882 2587 1072 2666 inmortalem,
1092 2589 1169 2650 sicut

164 2673 358 2732 amaioribns
378 2675 561 2751 accepimus,
588 2676 631 2734 sic
652 2677 780 2752 posteris
800 2673 959 2742 tradamus;
988 2690 1052 2732 nam
1073 2682 1103 2732 ut
1130 2691 1168 2732 ex

129 2780 155 2820 30
165 2743 250 2813 uobis
266 2765 435 2831 senatores,
458 2759 497 2818 ita
513 2776 551 2816 ex
567 2757 749 2818 senatoribus
768 2758 917 2836 principes
932 2759 1110 2817 nascuntnr’

228 2839 278 2902 85
309 2839 347 2900 Et
368 2841 460 2914 oratio
483 2839 519 2900 ad
539 2841 779 2918 perstringendos
799 2840 1029 2918 mulcendosque
1046 2835 1167 2900 militnm

161 2923 274 2984 animos
295 2931 325 2983 et
338 2925 503 2984 severitatis
527 2925 629 2985 modus
652 2927 765 3005 (neque
786 2927 861 2984 enirn
879 2927 908 2984 in
923 2923 1023 3002 plures
1037 2940 1122 3002 qnam
1137 2925 1167 2982 in

160 3007 237 3068 duos
261 3007 448 3067 animadverti
472 3007 610 3088 iusserat)
635 3018 718 3086 grate
740 3018 863 3086 accepta
889 3007 1103 3104 compositique
1131 3006 1166 3066 ad

161 3108 306 3171 praesens
326 3092 375 3169 qui
397 3093 530 3151 coerceri
545 3109 603 3152 non
618 3101 763 3172 poterant
798 3100 968 3152 nontamen
985 3090 1067 3169 quies
1084 3087 1166 3149 urbis

138 3174 306 3250 aredierat:
340 3177 477 3252 strepitus
497 3177 621 3236 telorum
643 3185 672 3235 et
690 3174 783 3236 iacies
804 3175 892 3250 belli,
920 3184 948 3234 et
973 3165 1111 3232 militibus
1136 3182 1168 3231 ut

164 3244 259 3318 nibil'
250 3277 279 3317 ιιι
296 3273 445 3318 commune
458 3257 656 3334 turbantibus,
673 3260 712 3320 ita
728 3259 839 3354 sparsis
853 3275 908 3337 per
923 3257 1027 3318 domos
1046 3253 1165 3317 occulto

164 3341 279 3417 habitu,
305 3349 335 3401 et
353 3342 478 3418 maligna
497 3360 565 3402 cura
583 3347 612 3402 in
633 3348 752 3416 omnes,
773 3358 847 3421 qnos
869 3339 1005 3401 nobilitas
1021 3347 1071 3399 ant
1090 3354 1167 3416 opes

164 3431 213 3478 ant
228 3423 347 3501 aliqua
338 3425 458 3501 insignis
475 3426 616 3485 claritudo
632 3425 795 3486 rumoribus
808 3424 973 3486 obiecerat:
991 3420 1166 3484 Vitellianos
