2570 3878
382 165 548 214 urrunnu.
565 165 641 215 car.
657 165 777 252 stt—60.
868 198 871 203 -
1023 159 1095 221 'tlt

98 320 194 384 culum
216 319 295 380 auxit
316 337 390 380 varra
409 321 532 382 rumoris
559 320 750 402 praebuitque
778 325 836 405 ipsi
865 325 1014 388 materiem
1049 344 1103 389 cur

97 405 243 467 amicitiae
264 404 502 483 constantiaeque
523 405 621 466 Seiani
642 409 735 484 magis
756 409 870 472 fideret.
907 409 1102 472 vescebantdr

97 490 128 550 in
145 487 214 549 rilla
231 490 276 548 cni
290 488 463 549 vocabulum
477 489 658 570 Speluncae,
672 491 966 554 maredmunclanum
981 496 1058 556 inter
1073 500 1104 555 et

96 572 254 636 Fundanos
267 581 399 650 montes,
420 573 518 634 nativo
540 575 569 634 in
593 591 695 654 specu.
731 577 793 638 eius
814 595 849 638 os
870 579 962 658 lapsis
977 587 1126 657 repentes

98 658 178 718 saxis
195 655 290 718 obruit
307 655 445 737 quosdam
458 659 621 720 ministros:
638 657 705 720 luinc
720 670 813 724 metus
827 663 856 723 iu
872 677 973 722 omnes
988 669 1017 721 et
1031 661 1101 739 iuga

98 759 201 803 eornm
217 743 265 820 qni
291 741 456 802 convivium
480 740 677 804 celebrabant.
714 744 837 806 Seianus
861 762 940 824 gerru
962 744 1102 824 vultuque

12 867 14 882 .
98 835 129 886 et
142 825 274 887 manibus
290 842 379 905 super
393 823 550 887 Gaesarem
565 844 724 906 suspensus
736 829 875 910 opposuit
888 846 957 889 sese
972 827 1101 888 inciden-

98 910 189 989 tibus,
215 910 302 988 atque
316 907 414 970 babitu
434 910 484 971 tali
505 919 639 990 repertus
658 920 703 972 est
718 930 734 974 a
750 913 887 975 militibus
903 913 951 992 qui
971 910 1101 972 subsido

96 1001 248 1055 venerant.
277 993 369 1053 maior
384 1011 422 1054 ex
436 1002 490 1073 eo',
512 1002 541 1055 et
562 1012 732 1075 quamquam
753 997 878 1059 exitiosa
899 996 1049 1074 suaderet,
1072 1003 1139 1056 utre

97 1095 156 1139 non
171 1077 216 1138 sui
230 1077 346 1156 anxins,
367 1094 430 1138 cnm
447 1078 503 1139 lide
518 1078 694 1140 audiebatur.
730 1080 977 1160 adsimulabatque
998 1079 1102 1141 iudicis

97 1171 199 1243 partes
219 1161 372 1223 adversum
394 1161 556 1238 Germanici
576 1163 712 1244 stirpem,
739 1162 860 1226 subditis
882 1166 930 1244 qni
951 1171 1102 1226 accusato·

96 1264 160 1309 rum
180 1245 294 1306 uomina
316 1247 491 1307 sustinerent
516 1248 697 1329 maximeque
718 1249 929 1312 insectarentur
954 1246 1103 1310 Neronem

59 1391 63 1400 ,
98 1331 261 1412 proximum
276 1331 457 1411 successioni
470 1327 519 1410 et,
545 1349 714 1411 quamquam
732 1333 864 1394 modesta
885 1334 1017 1410 inventa,
1038 1332 1102 1413 ple·

12 1439 13 1450 ι
97 1431 220 1494 rumque
242 1422 337 1474 tamen
365 1414 431 1493 quid
455 1415 483 1474 in
511 1417 740 1493 praesentiarum
769 1417 947 1478 conduceret
972 1416 1137 1494 oblitum,sn

12 1523 13 1534 ι
98 1499 164 1561 dum
179 1517 195 1560 a
210 1497 324 1560 libertis
344 1507 373 1559 et
398 1497 563 1577 clientibus,
585 1500 761 1580 apiscendae
782 1502 930 1581 potentiae
955 1501 1102 1580 properis,

98 1581 298 1645 exstimulatur
312 1590 343 1642 ut
357 1589 485 1644 erectum
506 1590 536 1642 et
556 1582 691 1644 lidentem
710 1585 794 1646 animi
817 1583 1002 1648 ostenderet:
1023 1582 1103 1643 velle

12 1689 13 1760 p
97 1667 126 1730 id
144 1666 283 1748 populum
295 1665 465 1747 Romanum,
482 1684 591 1746 cupere
607 1668 763 1746 exercitus,
778 1685 874 1747 neque
885 1685 1018 1728 ausurum
1034 1681 1102 1726 con·

12 1767 13 1792 ³
96 1762 142 1814 tra
161 1753 304 1830 Seianum,
322 1750 371 1829 qui
385 1767 461 1811 nnnc
474 1751 641 1832 patientiam
663 1753 740 1812 senis
765 1761 794 1812 et
815 1752 968 1830 segnitiam
989 1751 1103 1810 iuvenis

96 1839 179 1898 iuxta
193 1835 320 1897 insultet.
1110 1837 1138 1880 ²⁰

162 1921 213 1982 60.
233 1919 314 1981 Naec
331 1926 417 1998 atque
432 1918 500 1980 talia
515 1918 639 1981 audienti
663 1918 732 1980 nihil
757 1919 871 1998 quidem
893 1935 1003 2000 pravae
1022 1918 1102 1996 cogi-

97 2004 231 2083 tationis,
264 2002 316 2064 sed
341 2002 482 2064 interdum
507 2021 599 2065 voces
628 2004 828 2083 procedebant
858 2011 1045 2064 contumaces
1075 2009 1104 2060 et

97 2088 299 2166 inconsultae,
318 2104 388 2167 quas
405 2086 530 2168 adpositi
549 2085 684 2149 custodes
701 2096 842 2167 exceptas
861 2095 1019 2165 auctasque
1040 2101 1104 2146 cum

15 2219 16 2226 ι
98 2173 249 2235 deferrent
262 2189 358 2251 neque
372 2170 483 2232 Neroni
496 2170 656 2232 defendere
673 2169 807 2248 daretur,
831 2171 966 2232 diversae
984 2171 1105 2249 insuper

99 2254 326 2320 sollicitudinum
340 2255 453 2317 formae
475 2254 651 2317 oriebantur.
686 2273 751 2316 nam
771 2253 845 2316 alius
864 2269 1018 2316 occursum
1043 2254 1129 2316 einen

96 2343 213 2421 uitare,
230 2340 344 2422 quidam
359 2338 533 2402 salutatione
547 2337 659 2400 reddita
677 2341 771 2401 statim
786 2341 896 2417 averti,
912 2337 1046 2418 plerique
1064 2336 1105 2396 in·

98 2433 216 2506 ceptum
232 2439 395 2487 sermonem
411 2422 601 2503 abrumpere,
619 2423 818 2485 insistentibus
839 2431 938 2484 contra
959 2419 1105 2481 inridenti·

97 2511 213 2590 busque
229 2509 278 2590 qui
292 2507 398 2569 Seiano
413 2506 544 2569 lautores
559 2506 688 2568 aderaut.
724 2507 872 2569 enimvero
887 2495 1024 2568 'liberius
1046 2512 1105 2565 tor·

98 2613 154 2658 rus
175 2603 224 2656 ant
243 2593 348 2654 falsum
372 2591 509 2653 renidens
537 2591 634 2656 vultu:
669 2609 723 2653 seo
747 2591 918 2672 loqueretur
948 2608 1000 2650 seu
1027 2597 1105 2650 tace·

96 2688 145 2742 ret
160 2678 291 2756 invenis,
316 2676 425 2738 crimen
449 2694 488 2737 ex
508 2675 641 2753 silentio,
664 2694 701 2736 ex
723 2693 810 2737 voce.
848 2692 885 2735 ne
907 2691 967 2735 nox
992 2673 1105 2754 quidem
1119 2689 1141 2730 ro

96 2781 217 2843 secura,
234 2779 297 2825 cum
310 2777 385 2823 uxor
401 2758 519 2838 vigilias
535 2776 653 2820 somnos
668 2759 793 2841 suspiria
809 2759 892 2820 matri
906 2757 1004 2819 liviae
1020 2765 1107 2836 atque

96 2849 150 2912 illa
164 2847 272 2909 Seiano
290 2845 485 2928 patefacerem
508 2844 557 2925 qui
575 2843 695 2905 fratrem
710 2860 827 2924 qnoque
841 2842 968 2904 Neronis
982 2841 1107 2902 Drusum

97 2933 188 2996 traxit
204 2933 233 2993 in
249 2938 358 3012 partes,
377 2947 431 3010 spe
447 2927 564 2990 obiecta
580 2929 721 3008 principis
735 2928 809 3006 loci,
825 2929 849 2989 si
865 2928 995 3008 priorem
1010 2934 1106 2988 aetate

17 3061 21 3088 ,
96 3027 128 3079 et
145 3018 202 3079 iam
215 3014 390 3076 labefactum
407 3012 608 3076 demovisset.'
631 3021 716 3075 atrox
737 3012 824 3073 Drusi
844 3011 991 3090 ingenium
1018 3027 1107 3091 super

98 3099 266 3182 cupidinem
288 3099 438 3178 potentiae
455 3105 484 3159 et
499 3096 585 3158 solita
604 3097 742 3159 iratribus
757 3095 825 3158 odia
840 3095 1055 3158 accendebatur
1065 3096 1107 3154 in·
1118 3105 1142 3148 tt

97 3185 189 3264 sidia,
206 3183 284 3264 quod
299 3190 392 3244 mater
404 3181 568 3262 Agrippina
587 3183 751 3262 promptior
764 3179 875 3242 Neroni
888 3231 892 3236 .
904 3187 977 3246 erat.
1010 3194 1108 3256 neque

98 3279 197 3333 tamen
213 3269 335 3330 Seianus
356 3268 396 3328 ita
417 3265 541 3328 Drusum
563 3266 699 3345 larebat,
721 3273 752 3326 ut
774 3282 833 3326 uon
855 3257 883 3324 iir
905 3280 969 3324 eum
990 3277 1107 3340 quoque

98 3354 212 3416 semina
227 3352 313 3414 laturi
329 3349 408 3413 exitii
428 3350 631 3430 meditaretur,
655 3368 764 3429 gnarus
788 3348 990 3429 praeferocem
1012 3350 1041 3403 et
1066 3342 1105 3401 in·

97 3437 184 3500 aldiis
201 3435 293 3516 magis
315 3444 519 3514 opportunum.
553 3439 559 3448 '

1264 369 1266 394 l

1266 563 1267 576 ι
