2440 3886
392 175 496 222 maun
506 174 528 222 1.
546 175 620 222 one.
634 173 754 229 att-41.
1035 167 1072 229 at

70 329 136 389 dere
151 328 292 390 vexillum
315 329 428 392 intento
449 331 549 391 mortis
570 339 647 390 metu
663 331 814 410 subigunt.
852 349 920 394 mox
941 336 1007 414 vagi
1023 354 1077 416 per

70 415 126 473 rias
138 412 245 474 obvios
259 413 394 474 habuere
406 415 531 492 legatos,
548 413 643 476 audita
659 419 893 478 consternatione
908 420 944 480 ad
957 419 1075 482 Germa·

68 499 159 558 uicum
187 499 354 559 tendentes.
404 499 537 578 ingerunt
567 501 775 580 contumelias,
809 503 928 564 caedem
963 515 1074 583 parant,

68 582 173 642 Planco
190 583 327 659 maxime,
344 601 430 665 quem
445 583 570 662 dignitas
585 583 655 662 luga
665 585 873 664 impediverat;
890 606 985 667 neque
999 589 1075 652 aliud

70 667 242 745 periclitanti
267 667 428 729 subsidium
454 685 540 748 mam
570 677 664 730 castra
692 671 801 749 primae
829 671 965 749 legionis.
1013 673 1109 734 illiers

66 753 147 829 signa
168 759 200 811 et
220 751 346 831 aquilam
371 752 523 832 amplexus
549 752 693 830 religione
715 756 965 835 aesetmabatur,
989 776 1023 818 ac
1046 759 1073 816 ni

64 835 203 915 aquiliier
226 831 401 916 Calpurnius
423 838 480 896 vim
500 845 663 898 extremam
685 841 845 916 arcuisset,
869 859 965 902 rarum
988 843 1075 902 etiarn

62 923 139 981 inter
153 921 275 996 nostes,
299 921 414 999 legatus
430 922 532 1001 populi
545 921 665 983 Romani
680 921 815 984 Romanis
833 925 862 984 iu
884 927 988 988 castris
1011 944 1073 987 san·

60 1007 152 1084 guiue
169 1021 224 1064 suo
239 1005 343 1066 altaria
360 1005 445 1066 deum
461 1007 741 1068 commaculavisset.
768 1008 834 1070 luce
854 1009 977 1087 demum,
994 1020 1073 1090 post·

61 1107 150 1170 quam
163 1089 223 1150 dux
236 1097 267 1150 et
282 1089 367 1150 miles
383 1099 413 1150 et
424 1090 500 1150 iacta
512 1089 719 1168 noscebantur,
736 1092 886 1170 ingressus
898 1103 993 1164 castra
1004 1093 1072 1157 oer-
1084 1102 1109 1144 Ν

60 1175 193 1236 monicus
209 1173 331 1252 perduci
343 1174 383 1236 ad
403 1193 434 1234 se
450 1174 585 1236 Plancum
600 1176 723 1254 imperat
739 1178 913 1258 recepitque
935 1182 963 1236 in
985 1178 1073 1240 tribu·

62 1260 119 1322 ual.
155 1267 215 1319 tum
231 1258 349 1320 fatalem
364 1260 520 1338 increpans
536 1259 657 1338 rabiem,
675 1279 771 1341 neque
788 1261 907 1323 militurn
920 1262 973 1322 sed
989 1263 1073 1324 deum

62 1347 103 1406 ira
117 1361 294 1421 resurgere,
312 1362 364 1404 cur
379 1345 511 1406 uenerint
526 1343 616 1421 legati
634 1345 745 1424 aperit;
763 1347 807 1406 ins
819 1346 974 1424 legationis
986 1357 1074 1427 atque

65 1429 155 1508 ipsius
168 1427 274 1490 i’lauci
290 1446 409 1506 gravem
425 1437 455 1489 et
470 1429 631 1490 inmeritum
648 1446 757 1506 casum,
774 1430 856 1490 simul
872 1439 1008 1508 quantum
1024 1431 1073 1492 de·

69 1513 179 1574 decor'm
193 1512 303 1574 adierit
324 1512 422 1590 legio,
445 1512 568 1575 facunde
588 1513 757 1589 miseratur,
781 1514 961 1594 attonitaque
980 1515 1110 1592 magistu

106 1615 151 1657 am
170 1598 271 1677 quieta
293 1597 429 1658 contione
451 1596 566 1675 legatos
589 1596 736 1676 praesidio
752 1598 931 1661 auxiliarium
948 1601 1075 1678 equitum

86 1681 186 1742 'mittit

123 1767 179 1830 40.
203 1763 249 1827 llo
265 1764 294 1824 ia
310 1775 387 1826 metu
407 1784 532 1844 arguere
554 1763 754 1828 Germanicum
776 1784 894 1845 ornnes,
918 1768 995 1847 quod
1018 1785 1076 1835 noo

60 1853 95 1914 ad
113 1850 303 1930 superiorem
327 1851 486 1912 exercitum
502 1859 658 1930 pergeret,
685 1850 732 1910 ubi
755 1851 900 1930 obsequia
923 1861 952 1912 et
973 1860 1076 1912 eontra

60 1936 186 1998 rebellis
202 1933 355 1996 auxiliumt
373 1935 443 1996 satis
458 1952 609 2014 superque
624 1934 763 1996 missione
779 1945 809 1995 et
820 1936 944 2014 pecnnia
962 1944 991 1998 et
1003 1934 1074 1998 mol·

60 2022 137 2083 libus
154 2017 299 2080 consultis
316 2028 479 2098 peccatum.
512 2018 562 2080 vel
582 2019 609 2078 si
629 2017 697 2080 uilis
720 2019 775 2096 ipsi
799 2019 895 2095 salus,
917 2037 970 2082 eur
988 2019 1075 2080 lilium

60 2105 229 2187 parvulum,
245 2121 298 2164 cur
312 2103 460 2181 gravidam
476 2104 630 2181 coniugem
645 2103 865 2164 interimentes
879 2113 908 2164 et
919 2103 1012 2166 omnis
1025 2103 1101 2164 ltu-⁵

60 2192 135 2250 mani
151 2189 226 2249 iuris
244 2187 405 2249 violatores
420 2183 565 2250 baberet?
580 2187 647 2248 illos
662 2187 767 2250 saltem
782 2205 837 2249 avo
862 2195 893 2246 et
913 2190 957 2248 rei
983 2186 1076 2267 publi·

62 2293 113 2336 cae
136 2273 290 2334 redderet.
329 2272 375 2334 diu
396 2281 548 2334 cunctatus
571 2281 774 2350 aspernantem
796 2289 934 2347 marma,
957 2289 1023 2332 euru
1043 2289 1077 2330 se

64 2359 127 2420 divo
144 2358 286 2436 Augusto
304 2364 397 2418 ortam
412 2375 509 2436 neque
524 2356 704 2434 degenerem
714 2357 752 2417 ad
765 2356 896 2436 pericula
907 2363 1076 2430 testaretur,

66 2453 217 2523 postremo
235 2449 348 2502 uterum
363 2442 426 2503 eius
441 2451 674 2502 eteoramunem
698 2439 784 2500 lilium
808 2440 898 2500 multo
921 2457 984 2502 cunr
1007 2439 1075 2500 lletu
1115 2471 1118 2476 ·

65 2529 252 2610 complexus,
268 2533 299 2584 ut
315 2525 409 2586 abiret
425 2525 562 2606 perpulit.
600 2525 756 2587 incedebat
775 2523 917 2586 muliebre
937 2532 968 2586 et
990 2525 1112 2584 mise-o

65 2613 154 2675 rsbiie
171 2627 292 2690 agmen,
309 2611 434 2689 profuga
448 2610 532 2672 ducis
548 2627 639 2688 uror,
663 2610 822 2688 paruulum
832 2610 896 2669 siun
920 2608 1008 2670 lilium
1025 2625 1075 2685 ge·

64 2717 139 2774 reus,
155 2697 355 2758 lamentantes
370 2695 481 2756 circum
495 2695 653 2756 amicorum
667 2694 820 2773 coniuges,
838 2711 912 2771 quae
923 2691 1008 2754 simul
1020 2701 1077 2754 tra·

64 2783 219 2855 bebetetur,
237 2797 295 2840 nec
308 2779 400 2840 minus
415 2780 513 2842 tristes
526 2780 578 2858 qui
595 2777 756 2840 manebant.

122 2870 176 2929 41.
201 2864 269 2924 Non
284 2863 414 2924 llorentis
433 2860 569 2924 Caesaris
585 2881 682 2942 neque
694 2863 753 2923 suis
769 2863 925 2939 incastris,
939 2859 1079 2922 eetvelut

66 2952 185 3014 inurbe
210 2949 290 3008 vieta
312 2947 405 3018 iacies
423 2948 610 3026 gemitusque
629 2965 664 3008 ac
690 2946 825 3026 planctus
849 2947 935 3008 etiam
960 2945 1079 3006 militurn

69 3053 146 3100 aures
163 3051 283 3112 oraque
295 3031 467 3094 advertere:
479 3031 705 3112 progrediuntur
720 3031 932 3094 contuberniis.
952 3029 1016 3108 quis
1028 3030 1080 3090 ille

75 3115 168 3184 lsttltr
183 3113 304 3181 sonus?
334 3116 414 3195 quod
432 3125 489 3178 tam
505 3112 610 3178 triste?
626 3115 747 3176 feminas
762 3115 918 3191 inlustres,
935 3131 993 3174 non
1012 3133 1079 3174 cen·

78 3204 206 3268 tudonem
219 3201 261 3264 ad
275 3201 411 3270 tutelam.
429 3218 486 3261 uou
500 3199 636 3273 militem,
657 3199 728 3260 nibil
748 3199 957 3280 imperatoriae
977 3198 1103 3258 uxoriss

72 3295 113 3348 att
122 3291 285 3353 comitatus
302 3284 399 3346 soliti:
423 3303 552 3364 pergere
574 3285 610 3346 ad
624 3283 772 3346 Treveros
783 3285 837 3364 [et]
847 3292 989 3344 externae
998 3280 1074 3342 tidei.

71 3375 155 3449 pudor
170 3373 243 3436 inde
261 3379 291 3432 et
306 3370 453 3430 miseratio
466 3378 497 3430 et
518 3369 609 3449 patris
623 3367 793 3448 Agrippae,
816 3367 940 3444 Augusti
955 3367 1001 3425 avi
1019 3382 1078 3423 rne-

70 3461 162 3538 noris,
182 3475 277 3520 socer
293 3453 419 3532 Drusus,
435 3455 500 3534 ipsa
515 3453 620 3531 insigni
638 3452 834 3529 iucunditate,
854 3446 1007 3530 praeclara
1028 3464 1079 3526 pu·
