2568 3870
413 241 520 290 mann
534 243 570 288 11.
591 243 666 290 cnr.
682 243 801 296 36-41.
1065 241 1105 299 63

172 393 224 454 39.
247 393 385 454 Profecto
402 393 559 456 Brixellum
577 395 691 458 Othone
712 399 806 460 honor
820 403 933 482 imperii
948 421 1039 482 penes
1057 404 1104 466 Ti·

106 481 214 540 tiauum
229 476 362 553 fratrem,
376 480 420 537 nis
436 496 471 538 ac
488 489 619 558 potestas
633 501 724 560 penes
743 484 895 546 Proculum
910 486 1104 565 praefectum
1139 542 1144 548 .

107 563 214 625 Celsus
241 570 270 621 et
295 561 446 637 Paulinus,
471 580 534 623 cnm
557 565 709 642 prudentia
733 586 832 628 eorum
859 587 945 629 nemo
966 579 1104 646 uteretur,

106 647 182 707 inani
198 645 313 704 nominc
328 644 431 705 ducum
448 645 562 707 alienae
580 649 685 726 culpae
702 651 978 729 praetendebantur:
1000 655 1105 714 tribuni

107 730 353 805 centurionesque
376 727 518 806 ambigui,
540 732 619 809 quod
639 736 745 812 spretis
765 735 935 796 melioribus
958 737 1131 798 deterrimis

105 813 258 879 valebant;
281 811 364 872 miles
387 812 500 890 alacer,
525 817 573 892 qni
594 824 689 876 tamen
705 818 783 879 iussa
804 819 906 880 ducum
922 820 1106 901 interpretari

106 915 191 977 qnam
207 896 329 976 exsequi
349 896 458 956 mallet.
483 902 650 974 promoveri
666 901 701 960 ad
716 912 848 979 quartum
866 921 882 964 a
898 902 1040 966 Bedriaco
1056 924 1106 966 ca-

105 990 167 1040 stra
188 980 311 1057 placuit,
340 979 414 1040 adeo
437 979 585 1059 imperite,
614 993 643 1042 ut
669 1002 838 1064 quamquam
861 1005 951 1047 verno
972 997 1105 1068 tempore

107 1064 174 1123 anni
197 1071 226 1120 et
246 1071 288 1122 tot
310 1063 416 1149 circum
439 1065 567 1125 amnibus
581 1069 710 1145 -penuria
725 1087 816 1148 aquae
832 1071 1033 1147 fatigarentur.
1066 1072 1105 1130 ibi

106 1147 143 1206 de
159 1147 273 1225 proelio
290 1145 461 1218 dubitatum,
485 1147 599 1210 Othone
616 1169 671 1230 per
688 1151 788 1213 literas
805 1152 951 1231 flagitante
967 1166 996 1216 ut
1014 1164 1103 1216 matu·
1117 1179 1140 1218 m

105 1239 222 1306 tarent,
244 1229 381 1290 militibus
402 1240 431 1289 ut
449 1231 606 1310 imperator
627 1252 742 1312 pugnae
758 1236 877 1297 adesset
897 1240 1103 1316 poscentibus:

105 1313 242 1394 plerique
258 1315 360 1392 copias
375 1323 453 1375 trans
471 1314 577 1376 Padum
592 1327 714 1394 agentes
730 1320 818 1379 acciri
833 1321 1027 1400 postulabant.
1049 1341 1106 1382 nec

104 1399 229 1478 perinde
251 1396 400 1458 diiudicari
421 1408 520 1477 potest
539 1401 607 1479 quid
633 1403 770 1480 optimum
794 1403 871 1463 iactu
895 1404 998 1482 luerit,
1021 1423 1105 1484 quarn

106 1485 264 1563 pessimum
282 1482 372 1542 inisse
389 1483 468 1560 quod
483 1482 589 1544 iactum
606 1493 660 1544 est.

169 1567 220 1628 40.
241 1563 307 1625 Non
321 1576 351 1626 ut
365 1565 401 1626 ad
418 1583 540 1644 pugnam
556 1570 608 1628 sed
623 1571 657 1630 ad
672 1570 873 1630 debellandum
894 1570 1018 1652 proiecti
1035 1589 1102 1630 con·

108 1650 230 1712 fluentes
246 1648 316 1709 Padi
334 1658 364 1709 et
383 1648 485 1709 hdoae
515 1651 672 1728 llnminnm,
689 1654 819 1714 sedecim
836 1655 902 1715 inde
917 1654 1023 1713 millum
1039 1673 1103 1734 spa·

12 1763 13 1766 ¹
105 1735 148 1794 tio
161 1733 316 1809 distantes,
333 1732 480 1813 petebant.
507 1732 596 1796 Celso
609 1745 638 1795 et
649 1735 768 1796 Paulino
781 1737 970 1799 abnuentibus
987 1738 1104 1798 militem

106 1818 209 1878 itinere
227 1817 352 1895 fessum,
372 1817 493 1878 sarcinis
508 1837 628 1896 gravem
640 1819 760 1880 obicere
778 1820 872 1899 hosti,
888 1839 946 1882 non
961 1822 1104 1882 omissuro

107 1902 274 1982 quominus
292 1900 445 1980 expeditus
462 1909 490 1960 et
509 1904 557 1961 vix
573 1912 707 1980 quattuor
721 1904 798 1965 milia
812 1923 947 1986 passuum
965 1923 1128 1983 progress

106 2005 156 2046 sus
170 1993 218 2045 aut
241 1985 451 2064 incompositos
467 1984 496 2045 in
515 1987 628 2063 agmine
644 1997 693 2046 ant
709 1987 859 2068 dispersos
876 1999 905 2049 et
921 1988 1027 2049 valluun
1045 2006 1103 2048 nro·

105 2071 212 2130 lientes
228 2066 452 2146 adgrederetur,
472 2067 599 2128 Titianus
616 2079 645 2129 et
660 2071 818 2148 Proculus,
835 2072 882 2132 uhi
899 2073 1028 2132 consiliis
1044 2075 1104 2131 vin-

106 2161 261 2227 cerentur,
286 2151 322 2212 ad
342 2153 387 2211 ius
403 2152 517 2230 imperii
535 2153 703 2216 transibant.
736 2154 837 2214 aderat
852 2173 921 2216 saue
938 2155 1010 2214 citus
1028 2173 1104 2234 equo

13 2279 14 2284 κ
105 2236 228 2298 Numida
250 2255 313 2296 cum
334 2235 481 2296 atrocibus
503 2235 660 2312 mandatis,
684 2237 788 2314 quibus
804 2235 879 2298 Otho
897 2239 1039 2317 increpita
1055 2239 1104 2299 dn-

13 2333 14 2336 ’
106 2340 171 2382 cum
192 2321 313 2397 segnitia
335 2335 397 2380 rem
412 2319 440 2378 in
456 2318 610 2379 discrimen
631 2321 702 2380 mitti
718 2319 852 2398 iubebat,
873 2338 965 2399 aeger
979 2338 1060 2382 mora
1075 2332 1138 2385 etro

105 2405 173 2484 spei
188 2405 341 2482 inpatiens.

169 2490 220 2549 41.
243 2486 356 2548 Eodem
381 2488 428 2551 die
450 2487 486 2548 ad
502 2487 657 2548 Caecinam
676 2489 760 2566 operi
777 2488 874 2568 pontis
896 2488 1031 2548 intentum
1047 2487 1103 2547 duo

13 2625 14 2628 ,
104 2571 316 2653 praetoriarum
340 2571 499 2633 cohortium
520 2571 643 2647 tribuni,
667 2571 851 2650 conloquium
873 2573 934 2632 eius
955 2569 1103 2651 postulan-

104 2665 169 2731 tes,
193 2663 348 2716 venerant:
369 2656 468 2715 audire
491 2654 678 2714 condiciones
694 2672 729 2714 ac
744 2654 869 2715 reddere
887 2655 1021 2734 parabat,
1041 2673 1104 2714 cum

13 2763 15 2772 r
105 2739 284 2817 praecipites
300 2731 504 2817 exploratores
518 2736 623 2797 adesse
639 2737 752 2798 hostem
768 2741 946 2799 nuntiavere.
983 2741 1103 2798 interru-

105 2833 173 2902 ptus
188 2820 365 2882 tribunorum
382 2838 492 2906 sermo,
506 2837 602 2899 eoque
617 2821 757 2881 incertum
769 2823 837 2898 luit,
854 2823 971 2883 insidias
985 2841 1021 2884 an
1035 2835 1125 2901 pro-t

105 2905 243 2966 ditionem
258 2905 306 2965 nel
321 2906 437 2984 aliquod
452 2905 603 2965 honestum
620 2906 770 2966 consilium
789 2908 1000 2985 coeptaverint.
1031 2903 1103 2966 Cae·

106 2991 170 3050 cina
193 2987 318 3048 dimissis
338 2989 456 3049 tribunis
478 2997 614 3049 revectus
636 2991 663 3047 iu
685 2998 780 3050 castra
804 2983 899 3050 da‘tnm
922 2991 1001 3051 iussu
1021 2989 1104 3049 Fabii

105 3074 236 3144 Valentis
253 3090 367 3151 pugnae
385 3074 496 3150 siguum
512 3082 541 3132 et
558 3072 675 3132 militem
690 3073 718 3132 in
734 3075 819 3134 armis
834 3075 951 3133 invenit.
982 3073 1045 3133 dum
1061 3073 1102 3132 le-

105 3159 210 3236 giones
231 3156 267 3216 de
289 3155 390 3216 ordine
411 3157 532 3234 agminis
553 3157 726 3232 sortiuntur,
744 3159 858 3237 equites
873 3174 1052 3235 prorupere:
1075 3165 1103 3214 et

105 3241 205 3302 mirum
226 3241 318 3315 dictu,
338 3257 353 3299 a
370 3239 557 3320 paucioribus
579 3238 749 3300 Othonianis
767 3258 825 3319 quo
842 3242 933 3300 minus
949 3240 976 3299 in
996 3238 1101 3298 vallum
1113 3250 1137 3289 to

105 3326 340 3403 impingerentur,
355 3322 476 3385 Italicae
487 3323 611 3400 legionis
623 3324 727 3383 virtute
744 3324 875 3384 deterriti
887 3331 968 3382 sunt:
988 3339 1022 3381 ea
1038 3324 1101 3381 stri·

106 3409 161 3469 ctis
182 3406 366 3466 mucronibus
387 3407 483 3468 redire
505 3404 606 3485 pulsos
631 3416 660 3464 et
676 3424 801 3485 pugnam
823 3423 973 3464 resumere
993 3404 1101 3478 coegit.

104 3493 248 3570 disposita
270 3490 489 3551 Vitellianarum
518 3489 664 3566 legionum
691 3491 771 3548 acies
798 3489 861 3546 sine
891 3484 1101 3565 trepidatione:
