2540 3874
419 225 525 274 nusae
546 225 593 273 1v.
618 225 692 272 cnr.
709 225 808 278 5-9.
1058 216 1116 275 117

113 383 188 444 ultor
204 381 383 443 metuebatur
403 398 461 441 non
481 379 612 442 occultus
634 379 710 458 odii,
731 388 776 441 set
799 380 906 443 crebro
929 400 1054 461 querens
1076 385 1141 444 ins
1173 381 1181 390 “

113 468 217 529 columi
238 466 298 528 lilio
316 465 475 546 adiutorem
488 457 601 544 imperii
618 465 704 526 alium
718 465 827 526 vocari.
862 475 892 527 et
914 477 1048 545 quantum
1070 486 1115 529 su·

113 568 235 632 peresse
250 559 282 611 ut
297 550 414 628 collega
429 547 563 610 dicutur?
580 551 687 629 primas
702 547 866 611 dominandi
882 568 952 633 spes
967 553 996 611 in
1010 551 1115 615 arduo:

109 635 157 696 ubi
174 636 216 696 sis
230 636 400 713 ingressus,
424 634 529 695 adesse
545 633 636 696 studia
659 643 689 695 et
707 635 865 697 ministros.
899 644 1047 700 exstructa
1061 640 1116 701 iam

1 723 8 752 ³³
110 728 216 800 sponte
241 719 384 800 praefecti
409 727 520 797 castra,
542 717 624 780 datos
644 720 673 779 in
686 736 798 780 manum
811 720 932 790 militem
957 723 1036 782 cerni
1053 722 1115 783 eiii·

108 807 186 882 giem
210 803 273 864 eius
296 805 327 864 in
350 799 609 864 monimentis'cn.
629 803 765 883 Pompei;
794 820 960 866 communes
983 804 1025 866 illi
1051 821 1151 868 cumas

107 888 216 950 familia
243 888 403 949 Drusorum
427 889 492 949 iore
514 897 653 969 nepotes:
676 889 853 970 precandam
874 898 942 968 post
959 887 1033 952 baec
1053 908 1114 952 nno·

108 973 246 1053 destiam,
264 981 294 1033 ut
310 980 463 1034 contentus
481 981 570 1033 esset.
601 991 696 1054 neque
712 991 780 1035 raro
796 992 892 1054 neque
909 973 986 1054 apud
1003 992 1115 1055 paucos

106 1057 176 1119 talia
190 1056 334 1136 iaciebat,
358 1065 387 1118 et
402 1065 519 1119 secreta
533 1074 650 1139 quoque
666 1058 728 1132 eius
746 1067 883 1139 corrupta
897 1076 990 1120 uxore
1008 1059 1114 1139 prode·
1169 1091 1173 1098 ·

106 1142 220 1202 bantur.

170 1227 200 1290 8.
219 1225 311 1304 lgitur
327 1227 449 1287 Seianus
465 1225 662 1287 nnabnrandum
675 1235 754 1289 ratus
770 1227 873 1309 deligit
886 1246 1039 1308 venenum,
1056 1247 1114 1310 quo

106 1311 244 1392 paulatim
259 1311 413 1390 inrepente
428 1311 564 1372 fortuitus
579 1310 697 1372 morbus
712 1311 941 1374 adsimularetur.
970 1309 1001 1373 ld
1016 1311 1114 1375 Druso
1231 1315 1234 1320 '

106 1396 201 1456 datum
217 1414 271 1476 per
285 1394 416 1476 Lygdum
430 1394 607 1475 spadonem,
630 1403 660 1455 ut
683 1404 750 1457 octo
773 1404 842 1475 post
858 1413 951 1458 annos
967 1399 1114 1476 cognitum

106 1488 160 1541 est.
193 1489 321 1540 ceterum
337 1477 473 1541 'liberius
489 1498 543 1560 per
557 1496 658 1540 omnes
673 1479 846 1541 valetudinis
862 1481 925 1541 eius
936 1479 1014 1559 dies,
1033 1481 1118 1543 nullo·

104 1573 183 1626 metu
199 1581 235 1624 an
251 1573 281 1624 ut
297 1563 496 1626 firmitudinem
508 1563 592 1624 animi
604 1571 774 1642 ostentaret,
792 1565 878 1625 etiam
890 1563 1027 1626 defuncto
1042 1581 1134 1627 nec-c

105 1649 171 1709 dum
188 1647 313 1728 sepulto,
330 1649 438 1709 curiam
454 1648 605 1726 ingressus
616 1655 671 1708 est.
707 1647 902 1729 consulesque
914 1648 986 1710 sede
997 1649 1112 1729 vulgari

104 1752 160 1813 per
183 1733 314 1812 speciem
337 1733 499 1794 maestitiae
520 1731 657 1794 sedentes
679 1730 800 1794 honoris
821 1732 939 1812 locique
954 1732 1112 1812 admonuit,

1 1869 2 1884 ,
105 1825 136 1878 et
161 1817 281 1880 effusum
304 1817 333 1878 in
352 1817 488 1890 lacrimas
509 1824 639 1878 senatum
658 1819 737 1879 ricto
753 1818 863 1896 gemitu
879 1817 962 1879 simul
980 1820 1114 1880 oratione

1 1939 15 1994 ς
106 1901 242 1963 continua
260 1904 368 1964 erexit:
386 1919 444 1963 non
459 1901 574 1982 quidem
589 1901 645 1962 sibi
660 1902 791 1980 ignarum
807 1919 898 1982 posse
913 1903 1017 1982 arqui,
1034 1900 1113 1984 quod

104 1996 163 2047 tam
177 1987 289 2046 recenti
304 1985 409 2048 dolore
422 1985 543 2048 subierit
562 1985 664 2047 oculos
677 1995 808 2048 senatus:
823 1987 873 2048 rix
884 1989 1114 2069 propinquorum
1122 1997 1147 2040 1⁰
1185 2046 1187 2050 ,

105 2069 239 2150 adloquia
255 2071 387 2149 tolerari,
403 2073 453 2131 rix
468 2071 543 2131 diem
559 2071 651 2150 aspici
668 2089 684 2132 a
700 2071 851 2151 plerisque
865 2070 1033 2150 lugentium.
1062 2092 1112 2133 ne·

105 2172 163 2235 que
182 2152 250 2216 illos
270 2153 469 2216 inbecillitatis
488 2154 680 2216 damnandos:
697 2173 730 2216 se
748 2164 844 2216 tamen
862 2155 986 2217 fortiora
1002 2157 1114 2218 solacia

104 2259 121 2300 c
144 2239 300 2318 complexu
323 2241 367 2300 rei
389 2238 525 2319 publicae
547 2239 699 2319 petivisse.
728 2241 940 2320 miseratusque
960 2241 1113 2320 Augustae

104 2331 263 2386 extremam
277 2334 433 2403 senectam,
444 2323 544 2385 rudem
556 2322 649 2385 adhuc
661 2332 798 2403 nepotum
810 2332 840 2384 et
849 2333 1023 2403 vergentem
1035 2333 1113 2386 aeta·

102 2418 162 2470 tem
180 2426 276 2487 suam,
300 2417 331 2469 ut
346 2406 509 2471 Germanici
528 2407 629 2488 liberi,
653 2407 737 2470 unica
758 2409 953 2489 praesentium
973 2408 1148 2470 malorumtt

103 2492 286 2570 levamenta,
308 2491 514 2554 inducerentur
535 2493 648 2572 petivit.
680 2494 796 2571 egressi
819 2493 957 2554 consules
982 2495 1112 2555 lirmatos

102 2575 240 2656 adloquio
253 2575 489 2638 adulescentulos
504 2576 704 2656 deductosque
719 2586 786 2638 ante
803 2575 961 2639 Gaesarem
976 2586 1111 2640 statuunt.

102 2660 209 2741 quibus
225 2661 378 2742 adprensis
394 2661 506 2741 ‘patres
523 2662 692 2741 conscripti,
709 2660 776 2722 hos’
799 2663 891 2741 inquit
912 2661 1044 2724 ‘orbatos
1060 2681 1110 2743 pa-

99 2754 187 2806 rente
209 2745 314 2807 tradidi
331 2741 435 2826 patruo
455 2745 587 2826 ipsorum
609 2755 806 2826 precatusque
833 2765 910 2824 sum,
940 2764 1111 2828 quamquam

99 2838 184 2890 esset
203 2829 246 2891 illi
268 2831 390 2910 propria
409 2829 546 2908 suboles,
569 2848 607 2890 ne
632 2848 718 2892 secus
734 2850 817 2911 quam
840 2849 921 2892 suum
941 2834 1146 2912 sanquinemau

98 2915 235 2994 foveret,
256 2914 422 2992 attolleret,
448 2915 562 2997 sibique
583 2923 611 2976 et
628 2918 754 2997 posteris
770 2917 973 2978 conformaret.
1007 2927 1110 2999 erepto

1 3054 2 3057 ,
99 2998 200 3060 Drauso
210 3017 318 3078 preces
327 2998 363 3060 ad
374 3016 429 3060 vos
441 3008 582 3061 converto
595 3000 697 3080 disque
709 3010 739 3062 et
751 3003 843 3080 patria
856 3019 952 3064 coram
962 3002 1110 3066 obtestor:

8 3067 13 3094 '
99 3082 229 3160 Augusti
243 3092 438 3164 pronepotes,
456 3085 625 3146 clarissimis
639 3085 797 3147 maioribus
811 3088 939 3166 genitos,
959 3089 1110 3168 suscipite,

98 3169 197 3246 regite
204 3213 219 3247 „
237 3176 364 3230 uestram
379 3187 531 3250 meamque
546 3169 640 3231 vicem
657 3169 785 3250 explete.
813 3171 843 3232 bi
861 3171 964 3251 vobis,
985 3171 1065 3234 Nero
1081 3179 1112 3232 et

95 3250 203 3332 Druse,
222 3262 373 3333 parentum
387 3253 466 3316 loco.
500 3254 539 3316 ita
553 3255 613 3316 nati
627 3255 707 3334 estis,
726 3263 755 3316 ut
771 3254 847 3316 bona
864 3256 998 3336 malaque
1009 3263 1108 3316 vestra
1118 3274 1145 3315 rs

96 3333 135 3396 ad
150 3354 212 3397 rem
229 3336 577 3420 publicam'pertineant.’

160 3420 191 3482 9.
213 3421 322 3502 blagno
347 3441 381 3486 ea
403 3423 472 3484 detu
495 3432 524 3485 et
544 3441 613 3486 mox
633 3422 851 3505 precationibus
874 3423 976 3484 laustis
997 3419 1107 3490 andita;

97 3517 137 3564 ac
156 3504 183 3565 si
202 3506 317 3568 modum
332 3510 459 3571 orationi
481 3509 645 3590 posuisset,
669 3505 868 3568 misericordia
891 3506 933 3566 sui
955 3503 1108 3582 gloriaque
