2536 3870
178 141 239 204 tito
408 147 704 198 connuurruactrn
721 147 961 198 ursuouranon

143 327 169 370 ru
179 307 258 370 rialis
271 304 341 366 alibi
356 311 600 380 contemperat,
619 311 650 364 ut
665 302 799 384 plerique
811 301 982 380 credidere,
998 302 1038 362 ob
1049 311 1184 384 stuprum

179 388 317 452 Claudiae
346 389 484 448 Sacratae
511 386 639 446 mulieris
661 386 764 448 Ubiae.
800 385 908 464 vigiles
931 385 1072 464 flagitium
1096 407 1186 450 annm
1237 379 1238 460 J

178 475 260 536 ducis
274 471 422 534 dedecore
445 474 642 548 excusabant,
665 479 806 549 tamquam
828 469 899 530 iussi
916 469 1021 546 silere,
1039 489 1078 532 ne
1099 474 1185 552 quie·
1237 487 1238 540 ι

177 568 235 620 tem
252 557 314 618 eius
330 554 493 623 turbareut;
517 555 557 614 ita
572 554 736 614 intermisso
754 552 839 630 signo
861 561 891 614 et
910 552 1033 614 vocibus
1053 573 1088 616 se
1107 573 1185 635 quo·

178 643 282 722 quein
303 655 432 700 somnum
453 637 564 716 lapsos.
601 636 688 699 multa
711 635 777 696 luce
798 637 911 698 revecti
935 635 1038 698 hostes
1053 641 1187 717 captivis

142 724 314 800 aonaribus,
336 722 511 801 praetoriam
541 721 684 781 triremem
712 719 827 780 flumine
846 718 937 798 lmpla
959 719 1064 780 donum
1088 723 1186 784 Vele·
1237 799 1238 802 Ἴ

178 809 232 870 dae
250 817 376 868 traxere.
417 867 422 879 ,
1237 809 1238 812 ’

239 889 290 953 23.
313 886 435 950 ciuilem
457 887 563 966 cupido
586 886 706 948 incessit
723 885 856 984 navalem
882 885 974 946 aciem
995 889 1185 954 ostentandi:

177 968 1183 1132 illl?litllllllttltitlirzltlltllllt:bittit{

177 1146 351 1202 armamenta
376 1135 542 1208 Liburnicis
564 1135 665 1206 solita;
698 1145 727 1196 et
759 1135 842 1196 simul
869 1144 974 1216 captae
1000 1135 1049 1179 Η
1076 1137 1183 1198 lintres

150 1223 289 1302 coagulis
312 1218 544 1282 versicoloribus
560 1220 636 1280 haud
656 1219 795 1281 indecore
818 1236 872 1297 pro
895 1218 970 1280 uelis
995 1219 1178 1282 invehantur.

177 1307 299 1388 spatium
314 1304 394 1368 velut
407 1305 544 1383 aequoris
560 1303 703 1381 electum,
724 1321 782 1384 quo
802 1303 903 1364 blosae
921 1303 1043 1364 huminis
1062 1322 1100 1365 os
1124 1325 1174 1368 anr-
1237 1301 1238 1306 ’

176 1409 241 1454 nem
268 1389 399 1452 Rhenum
428 1387 547 1450 Oceano
574 1386 711 1450 adlundit.
730 1437 731 1440 ,
747 1404 834 1449 causa
859 1387 1043 1448 instruendae
1073 1389 1180 1450 classis

176 1493 266 1556 super
276 1475 389 1536 insitam
404 1472 484 1552 genti
500 1473 669 1550 uanitatem,
684 1480 716 1532 ut
733 1489 770 1534 eo
784 1479 898 1532 terrore
916 1479 1095 1532 commeatus
1113 1473 1180 1536 Gal·

176 1559 215 1621 lie
228 1559 418 1620 adventantes
429 1556 680 1635 interciperentur.
702 1554 825 1618 cerialis
836 1555 976 1618 miraculo
987 1557 1081 1632 magio
1094 1574 1181 1635 quam

142 1651 254 1705 rometu
269 1641 383 1703 derexit
406 1640 548 1719 classem,
568 1657 688 1701 numero
705 1641 853 1718 inparem,
877 1657 929 1700 usu
951 1639 1108 1716 remigum,
1127 1658 1181 1717 gn-

177 1728 362 1788 bernatorum
381 1733 461 1801 arte,
483 1725 596 1785 nauium
612 1722 807 1802 magnitudine
821 1723 975 1802 potiorem.
1005 1721 1051 1783 his
1071 1723 1182 1784 humen
1237 1769 1238 1813 ,

177 1808 349 1886 secundum,
369 1807 412 1868 illi
430 1817 518 1869 vento
543 1807 718 1886 agebantur:
743 1807 786 1866 sic
808 1807 957 1888 praerecti
978 1813 1120 1885 temptato
1139 1806 1180 1866 le·
1237 1823 1238 1894 p

175 1894 251 1954 rium
267 1892 393 1953 telorum
403 1892 481 1952 iactu
496 1890 673 1952 dirimuntur.
704 1889 805 1952 civilis
820 1890 890 1952 nihil
905 1889 980 1958 ultra
995 1907 1082 1960 aqueus
1098 1898 1180 1950 trans

175 1977 307 2040 Rhenum
323 1975 485 2036 concessit:
502 1971 626 2044 cerialis
641 1974 762 2044 insulam
777 1971 949 2036 Batauorum
963 1972 1109 2034 hostiliter
1126 1991 1178 2053 po·
1237 2013 1238 2016 κ

142 2056 1178 2222 ¹⁵llllclitella*ltliilnltttltl„“liltili·

177 2191 423 2290 otium'imbrlbns
441 2225 613 2306 superfusus
633 2226 724 2286 amnis
748 2222 906 2304 palustrem
927 2224 1123 2305 humilemque
1138 2227 1179 2284 in·
1237 2225 1238 2312 l

177 2312 266 2374 sulam
282 2313 310 2372 in
327 2312 431 2373 faciem
446 2310 540 2388 stagni
558 2307 701 2388 oppleuit.
730 2325 787 2370 neo
808 2307 912 2370 classis
932 2318 981 2370 aut
1001 2317 1180 2370 commeatus

177 2396 314 2472 aderant,
327 2403 481 2472 castraque
496 2395 526 2453 in
542 2392 630 2472 plano
645 2393 700 2454 sita
714 2393 744 2453 ui
758 2391 880 2454 fluminis
898 2392 1116 2456 differebantur.
1237 2399 1238 2460 ἦ

241 2479 292 2540 tt.
314 2477 449 2540 Potuisse
465 2485 534 2538 tnnc
551 2477 675 2558 opprimi
691 2477 842 2555 legiones,
864 2486 894 2538 et
913 2477 1042 2538 voluisse
1058 2475 1178 2548 Germa·
1237 2539 1238 2544 ,

177 2581 247 2641 nos,
264 2561 316 2624 aed
333 2560 403 2623 dolo
420 2579 437 2620 a
456 2560 597 2622 sedenos
618 2561 759 2640 inputavit
781 2558 898 2630 cirilis3
920 2578 1015 2640 neque
1038 2558 1179 2628 abhorret
1237 2597 1238 2628 2

178 2663 268 2725 vero,
290 2644 403 2726 quando
428 2645 529 2723 paucis
546 2653 614 2722 poet
632 2644 734 2706 diebus
749 2643 858 2706 deditio
880 2645 1010 2706 insecuta
1029 2653 1084 2705 eet.
1114 2661 1177 2705 nam

178 2729 301 2799 Cerialis
323 2747 377 2808 per
402 2728 534 2789 occultos
555 2729 670 2790 nuntios
691 2728 807 2790 Batauis
822 2746 942 2808 pacem,
964 2726 1049 2789 ctrili
1065 2729 1176 2788 veniam
1237 2745 1238 2792 ι

156 2822 345 2890 contentane,
361 2811 504 2874 Veledam
524 2815 763 2892 propinquosque
781 2811 917 2874 monebat
934 2812 1077 2874 fortunam
1097 2811 1175 2889 belli,
1237 2815 1238 2868 l

177 2907 221 2959 tot
239 2896 370 2958 cladibus
391 2895 560 2972 aduersam,
582 2904 747 2977 opportuno
772 2915 842 2976 erga
858 2893 998 2978 populum
1017 2896 1175 2958 Romanum

146 3005 149 3010 ·
178 2983 280 3044 meritc
300 2989 428 3041 mutare:
451 2996 556 3040 caesos
576 2979 743 3058 Treveros,
767 2989 906 3061 receptos
921 2979 1030 3059 Ubios,
1047 2990 1175 3060 ereptam
1237 3037 1238 3046 ,

179 3065 294 3127 Batavis
311 3066 446 3144 patriam;
471 3081 567 3144 neque
589 3063 666 3126 allud
689 3063 790 3126 ciuilis
812 3065 936 3126 amicitia
959 3073 1072 3144 partum
1094 3081 1174 3144 quam

111 3178 112 3182 ¹
180 3151 300 3212 uulnera
315 3149 400 3227 fugas
417 3147 522 3209 luctus.
555 3149 670 3209 exulem
683 3166 747 3208 eum
762 3157 791 3208 ct
806 3157 954 3211 extorrem
969 3147 1175 3227 recipientibus
1237 3155 1238 3206 l

146 3251 170 3292 ro
181 3237 277 3304 oneri;
302 3244 331 3295 et
350 3235 419 3294 satis
439 3234 611 3314 peccavisse
625 3231 702 3311 quod
718 3233 824 3292 totiens
839 3231 970 3294 Rhenum
989 3231 1172 3300 transcende·

180 3319 244 3378 rint.
274 3319 299 3378 si
314 3316 382 3396 quid
397 3318 471 3378 ultra
494 3316 662 3395 moliantur,
684 3314 751 3376 inde
766 3315 895 3378 iniuriam
912 3325 942 3380 et
959 3317 1091 3396 culpam,
1110 3315 1173 3375 hinc

180 3398 317 3461 altionem
332 3407 360 3460 et
375 3399 447 3460 deos
462 3400 536 3460 lore.
