2540 3874
142 166 202 229 120
388 173 554 224 cosuunrr
575 171 694 222 racrur
714 171 897 220 aunenruu

108 336 216 411 sanius,
232 332 280 414 qui
295 331 425 393 Africam
439 328 638 406 obtinuerant,
658 329 801 390 insontem
822 329 1037 408 protexissent,
1060 329 1141 392 olari·

140 417 238 480 tudine
259 415 374 476 infausti
389 413 508 492 generis
524 421 554 474 et
567 412 696 493 paternis
711 412 843 475 adversis
858 413 935 474 ioret
950 413 1122 475 abstractus.

205 502 254 564 14.
281 498 311 561 ls
338 515 454 580 quoquc
479 515 570 559 annus
596 497 760 575 legationes
786 495 961 558 Graecarum
990 499 1144 558 civitatium

142 586 254 664 hahuit,
281 583 385 646 Samiis
408 582 539 660 lunonis,
568 580 638 644 (lois
653 582 824 661 Aesculapii
853 581 976 644 delubro
1001 591 1145 643 uetustum

142 671 216 747 asyli
231 671 274 730 ius
289 675 319 729 ut
334 668 495 729 lirnrarctur
510 665 684 747 petentibus.
717 667 804 727 Samii
819 665 939 727 decreto
954 665 1145 745 Amphictyo-

142 773 208 816 num
229 752 408 829 nitebantur,
439 752 503 832 quis
522 752 709 831 praecipuum
731 751 784 812 init
805 769 900 812 rerum
921 752 1047 812 omnium
1074 751 1145 811 indi·

120 838 243 915 sciunt,
258 854 314 918 qua
330 845 504 914 tempestate
519 835 622 898 Graeci
638 835 761 897 conditis
776 853 831 915 per
841 835 941 896 Asiam
957 833 1076 895 urbibus
1094 852 1145 894 ora

143 923 230 984 maris
254 919 448 1000 potiebantur.
486 939 581 1000 neque
605 920 703 999 dispar
724 919 799 999 apud
822 918 901 980 Coos
923 921 1093 998 antiquitas,
1115 925 1144 978 et
1226 991 1231 996 Ι

144 1003 304 1067 accedebat
319 1005 450 1066 meritum
464 1022 502 1064 ex
515 1005 599 1066 loco:
620 1022 684 1066 nam
699 1005 780 1066 cives
793 1003 941 1066 Romanos
964 1003 1073 1084 templo
1086 1003 1143 1061 Ae-

145 1089 267 1168 sculapii
277 1086 463 1166 induxerant,
482 1106 545 1148 curu
559 1089 639 1150 iussu
654 1088 737 1166 regis
748 1087 919 1149 Mithridatis
935 1087 1012 1168 apud
1027 1095 1145 1148 cunctas

144 1172 233 1233 Asiae
254 1171 363 1232 insulas
383 1180 413 1232 et
437 1171 526 1233 urbes
547 1171 766 1235 trucidarentur.
794 1174 884 1248 yariis
906 1171 1011 1233 dehinc
1032 1179 1060 1231 et
1082 1187 1145 1232 sao·

111 1272 135 1312 so
146 1260 211 1338 pius
226 1257 317 1316 inritis
332 1263 499 1335 praetorum
515 1256 682 1335 questibus,
703 1265 853 1336 postremo
869 1254 978 1317 (laesor
1000 1255 1036 1316 dc
1056 1256 1145 1314 innno-

144 1340 236 1402 destia
251 1340 422 1400 histrionum
435 1338 560 1402 rettulit:
582 1340 671 1401 multa
686 1339 722 1401 ab
737 1343 772 1402 iis
787 1343 816 1401 in
833 1340 979 1420 publicum
994 1338 1146 1415 seditiose,

143 1423 230 1486 londa
252 1442 306 1504 per
334 1423 437 1485 domos
462 1423 609 1504 temptari;
634 1423 739 1485 Oscum
761 1423 904 1503 quondam
925 1422 1080 1500 ludicrum,
1104 1422 1145 1483 le·

143 1510 279 1569 vissimae
294 1507 371 1586 apud
385 1507 503 1585 uulgum
518 1507 738 1585 oblectationis,
755 1526 792 1569 eo
810 1508 984 1586 flagitiorum
1001 1515 1031 1568 et
1043 1507 1147 1584 uirium

83 1668 86 1672 ¹
143 1593 276 1670 venisse,
300 1598 334 1652 ut
353 1593 525 1653 auctoritato
548 1600 661 1672 patrum
683 1591 876 1655 coercendum
900 1592 946 1652 sit.
986 1591 1062 1670 pulsi
1088 1600 1145 1654 tun

110 1692 134 1733 na
145 1676 302 1737 histriones
317 1675 409 1737 ltalia.

205 1761 253 1840 15.
277 1758 357 1820 ldern
375 1778 465 1820 annus
480 1759 538 1819 alio
559 1776 675 1839 quoque
697 1758 776 1819 luctu
792 1757 948 1822 Gaesarem
977 1755 1090 1836 adficit,
1106 1757 1146 1818 al·

143 1854 235 1904 terum
259 1861 297 1904 ex
319 1843 442 1921 geminis
463 1842 549 1903 Drusi
575 1842 676 1904 liberis
703 1844 915 1922 extinguendo,
941 1861 1037 1924 neque
1056 1844 1147 1903 rninus

142 1935 236 1988 mone
258 1927 352 1988 amici.
391 1929 416 1986 is
437 1927 490 1987 init
504 1925 630 1988 Lucilius
646 1926 781 2006 Longus,
808 1929 932 1990 omnium
959 1927 1000 1989 illi
1026 1926 1147 1988 tristium
1257 1935 1269 1950 ··

143 2011 344 2092 laetorumque
364 2012 464 2072 socius
480 2029 612 2091 unusque
633 2029 650 2072 e
676 2011 859 2074 senatoribus
880 2011 987 2074 lllrodii
1010 2028 1147 2074 secessus

119 2112 253 2156 aeones.
290 2096 328 2156 ita
349 2113 519 2176 quamquam
540 2112 618 2158 novo
639 2095 746 2157 homini
768 2099 932 2158 censorium
953 2097 1054 2176 iunus,
1085 2096 1146 2158 eiii·

143 2181 222 2259 giem
236 2179 312 2259 apud
326 2178 420 2241 iorum
437 2180 562 2258 Augusti
578 2180 695 2260 publica
710 2181 836 2260 pecunia
852 2191 951 2262 patres
972 2180 1152 2259 decreuere,

143 2263 219 2343 apud
241 2281 314 2343 quos
334 2265 420 2336 etiarn
440 2273 498 2326 turn
517 2273 619 2326 cuncta
639 2265 850 2344 tractabantur,
869 2265 943 2326 adeo
964 2273 995 2326 ut
1008 2281 1146 2344 procura·

143 2357 190 2409 tor
207 2347 298 2410 Asiae
319 2347 445 2409 Lucilius
464 2346 567 2428 Capito
584 2358 740 2410 accusante
759 2351 910 2428 provincia
931 2367 1046 2411 causarn
1067 2348 1146 2409 dire·

32 2471 37 2478 -
142 2434 196 2509 rit,
218 2448 324 2510 magna
344 2450 408 2493 cuns
427 2431 649 2493 adseveratione
672 2434 827 2513 principis,
849 2451 906 2495 non
928 2451 961 2496 se
980 2435 1024 2493 ius
1042 2433 1097 2493 nisi
1117 2434 1147 2492 in

110 2507 261 2577 uo'serritia
276 2525 306 2576 et
320 2517 460 2596 pecunias
472 2517 630 2578 familiares
644 2515 776 2584 dedisse:
794 2518 872 2597 quod
887 2520 911 2578 si
927 2520 984 2578 viru
999 2515 1146 2596 praetoris

142 2607 314 2677 usurpasset
330 2599 519 2682 manibusque
533 2601 652 2662 rnilitum
667 2619 736 2662 usus
751 2599 837 2681 ioret,
855 2611 955 2682 spreta
969 2603 997 2661 in
1015 2617 1051 2661 eo
1065 2617 1145 2661 ruan-
1265 2643 1266 2646 ,

143 2682 208 2743 data
224 2701 291 2745 sua:
307 2683 438 2745 audirent
452 2686 560 2746 socios.
588 2686 628 2766 ita
639 2703 708 2746 reus
721 2687 841 2765 cognito
853 2688 974 2763 negotio
986 2685 1147 2746 damnatur.

143 2765 180 2827 oh
204 2785 288 2847 quarn
308 2767 462 2847 ultionern,
485 2777 514 2828 at
536 2769 602 2849 qnia
622 2770 723 2850 priore
744 2787 819 2831 anno
840 2771 870 2830 in
886 2769 920 2832 0.
940 2770 1066 2831 Silanum
1085 2770 1146 2829 vin-

142 2849 266 2913 dicatum
284 2860 362 2931 erat,
388 2850 549 2914 decreuere
565 2852 655 2914 Asiae
676 2853 765 2915 urltes
786 2853 924 2934 templum
945 2854 1064 2916 Tiberio
1086 2871 1145 2913 nra-
1264 2879 1265 2892 ¹

109 2936 239 3015 tetrique
258 2936 321 2998 eius
338 2954 373 2998 ac
391 2936 510 2999 senatui.
546 2945 575 2997 et
591 2938 762 3018 permissum
777 2947 918 3010 statuere;
936 2940 1054 3018 egitque
1063 2933 1143 2997 Nero

141 3027 242 3097 grates
258 3039 293 3082 ea
308 3039 396 3083 causa
411 3020 540 3100 patribus
561 3031 648 3102 atque
670 3040 741 3101 auo,
764 3022 857 3083 laetas
877 3023 952 3084 inter
973 3020 1145 3084 audientium
1264 3089 1265 3105 2

140 3103 340 3182 adiectiones,
367 3107 415 3186 qui
442 3106 554 3166 recenti
579 3107 717 3166 memoria
741 3105 904 3169 Germanici
931 3105 1012 3168 illum
1039 3105 1145 3185 aspici,

140 3187 219 3248 illum
240 3188 332 3250 audiri
354 3189 501 3250 rebantur.
533 3189 711 3270 aderantque
730 3189 826 3251 iuueni
839 3190 982 3252 modestia
997 3208 1033 3252 ac
1053 3190 1147 3251 foruna

141 3273 276 3352 principe
290 3276 353 3334 viro
369 3272 473 3351 digna,
495 3274 570 3335 notis
586 3275 614 3333 in
631 3292 694 3334 euna
714 3275 810 3335 Seiani
831 3273 905 3336 odiis
927 3273 965 3335 ob
985 3273 1147 3354 periculum

107 3356 343 3500 ,omniidfn‘sub
363 3437 439 3499 idem
464 3415 638 3520 ternpus'de
659 3443 773 3503 tiamne
794 3442 870 3504 Diali
891 3445 920 3503 iu
933 3442 1036 3503 'locum
1059 3439 1145 3502 Servi
