2570 3878
321 185 325 192 ’
405 203 511 252 niusa
526 205 574 257 nv.
591 205 665 256 oar.
681 207 801 274 52-56.
1062 206 1122 268 139

122 353 233 416 senatui
254 354 428 434 legatosque
450 357 557 437 Asiae,
590 361 769 440 ambigentes
803 384 924 445 quanam
952 370 979 428 in
1008 371 1123 436 civitate

117 438 258 518 templum
272 447 460 519 statueretur,
477 442 568 521 pluris
584 463 638 524 per
652 446 715 508 dies
730 449 846 511 audivit.
878 452 1013 514 undecim
1034 458 1123 518 urbes

119 521 288 600 certabant,
308 524 372 602 pari
389 524 562 607 ambitione,
584 530 693 591 viribus
717 532 860 595 diversae.
891 553 986 616 neque
1006 539 1122 600 multum

116 605 252 669 distantia
274 607 348 667 inter
369 626 402 669 se
423 613 621 674 memorabant
642 615 678 675 de
702 625 846 678 vetustate
869 622 1003 700 generis,
1026 622 1148 692 studius

116 690 148 750 in
164 690 301 770 populum
315 691 474 778 Romanam
489 713 543 772 per
557 696 634 758 bella
646 697 733 759 'Persi
754 708 784 761 et
804 700 963 763 Aristonici
987 705 1120 767 aliorum·

13 857 14 860 Ἴ
119 792 175 853 que
196 791 308 852 regum.
348 794 448 838 veram
473 777 646 861 Hypaepeni
668 782 863 864 Trallianique
888 785 1060 848 Laodicenis
1085 807 1121 850 ao

13 863 15 886 ²
115 859 300 936 Magnetibus
311 860 397 921 simul
413 863 537 923 tramissi
556 874 586 925 ut
612 883 713 944 parum
734 867 838 937 validi;
858 887 896 930 ne
914 869 1038 932 Ilienses
1060 874 1120 951 qui·
1181 918 1183 920 ψ

13 945 14 982 i
114 942 192 1020 dem,
210 961 272 1003 eum
289 954 438 1024 parentem
452 947 531 1007 urbis
545 949 656 1022 Romae
673 951 787 1011 Troiam
801 953 960 1033 referrent,
979 956 1034 1016 nisi
1050 957 1137 1016 anti·¹

114 1029 233 1106 quitatis
252 1028 347 1106 gloria
364 1029 523 1108 pollebant.
554 1034 668 1112 paulum
684 1034 884 1115 addubitatum,
900 1038 978 1117 qnod
990 1038 1118 1102 llaliear·
1130 1059 1156 1102 rt

114 1111 189 1172 nasii
205 1113 284 1198 mille
296 1123 329 1173 -et
344 1113 483 1175 ducentos
499 1134 554 1194 per
571 1133 662 1178 annos
677 1118 756 1179 nullo
773 1129 853 1180 motu
864 1130 961 1183 terrae
972 1125 1119 1184 nutavisse

94 1195 212 1256 -sedes
227 1213 293 1256 suas
313 1199 441 1276 vivoque
463 1199 491 1258 in
512 1217 584 1260 saxo
604 1201 787 1264 fundamenta
808 1205 909 1284 templi
925 1205 1118 1269 adseverave-

110 1287 189 1340 rant.
229 1279 428 1358 Pergamenos
451 1285 509 1363 (eo
532 1285 598 1362 ipso
622 1286 804 1368 nitebantm)
827 1289 901 1350 aede
920 1290 1055 1368 Augusto
1078 1292 1118 1350 ibi

112 1365 169 1425 sita
185 1365 254 1424 satis
270 1365 393 1445 adeptos
410 1366 558 1428 credituro.
591 1367 713 1447 Ephesii
727 1369 901 1452 Milesiique,
915 1373 945 1434 hi
959 1374 1117 1453 Apollinis,

114 1448 156 1509 illi
170 1447 281 1510 Dianae
299 1451 474 1512 caerimonia
490 1453 685 1530 occupavisse
701 1455 833 1515 civitates
848 1457 912 1516 visi.
948 1457 1152 1518 itaSardia·1a

112 1549 169 1593 nos
195 1533 271 1592 inter
293 1533 532 1614 Zmyrnaeosque
561 1535 759 1597 deliberatam.
810 1538 941 1600 Sardiani
971 1540 1118 1602 decretum

111 1615 247 1678 Etruriae
262 1619 427 1680 recitavere
442 1627 472 1679 ut
486 1621 710 1698 consanguinei:
726 1637 791 1682 nem
806 1619 985 1697 Tyrrhenum
996 1624 1117 1700 lydum·

113 1719 170 1781 que
185 1700 263 1776 Atye
277 1719 351 1780 rege
367 1703 483 1782 genitos
494 1703 535 1764 ob
550 1704 756 1785 multitudinem
768 1705 902 1767 divisisse
914 1717 1049 1785 gentem
1063 1708 1117 1782 bq-

111 1786 178 1848 dum
193 1786 293 1865 patriis
305 1788 334 1847 ln
348 1789 435 1848 terris
452 1787 609 1866 resedisse,
626 1787 777 1865 Tyrrheno
793 1790 888 1851 datam
902 1808 995 1852 novas
1006 1801 1037 1852 ut
1050 1809 1117 1852 ecn-

111 1870 195 1934 deret
210 1869 313 1942 sedes;
334 1879 365 1931 et
380 1872 483 1933 ducum
500 1891 517 1932 e
531 1873 693 1934 nominibus
710 1873 797 1935 indita
820 1873 963 1936 voeabula
982 1875 1041 1937 illis
1062 1893 1152 1956 persa

110 1953 227 2031 Asiam,
245 1954 292 2015 bis
307 1956 336 2014 in
349 1953 449 2026 ltalia;
472 1965 642 2036 auctamque
662 1957 756 2018 adhue
776 1957 919 2034 Lydorum
942 1959 1117 2038 opulentiam

109 2031 207 2100 missis
218 2039 247 2098 in
263 2037 415 2100 Graeciam
427 2040 556 2120 populis,
571 2042 616 2101 cni
630 2058 702 2101 mox
718 2059 734 2100 a
747 2041 860 2121 Pelope
874 2058 990 2102 nomen.
1034 2043 1117 2105 simul

110 2124 212 2184 literas
227 2123 432 2202 imperatorum
454 2133 483 2185 et
502 2124 560 2186 icta
578 2124 727 2186 nobiscnm
748 2125 869 2185 loedere
885 2125 966 2185 bello
980 2125 1117 2188 llaeedo·

109 2225 177 2267 num
198 2204 419 2286 ubertatemque
445 2207 589 2269 luminum
616 2226 749 2286 suornm,
781 2210 951 2288 temperiem
978 2210 1053 2270 caeli
1081 2228 1117 2271 ao

109 2291 185 2352 dites
203 2291 311 2351 circum
326 2299 421 2354 terras
435 2291 643 2371 memorabant.
732 2291 733 2296 ’
1011 2321 1014 2329 ’
1122 2317 1150 2358 as

174 2375 227 2438 56.
248 2374 287 2436 At
307 2375 459 2453 Zmyrnaei
481 2379 608 2457 repetita
630 2385 791 2454 vetustate,
815 2394 867 2435 seu
891 2375 1028 2438 lunulas
1045 2376 1116 2438 love

109 2467 194 2522 ortus
213 2459 291 2538 illos,
305 2462 369 2520 sive
386 2459 517 2522 l'beseus
534 2460 629 2522 divina
646 2463 753 2540 etipse
771 2460 871 2540 stirpe,
887 2459 950 2520 sive
961 2479 1016 2522 una
1030 2461 1116 2523 nma-

109 2561 214 2605 nonum
231 2545 422 2623 condidisset,
442 2545 649 2606 transcendere
665 2544 700 2606 ad
717 2563 750 2606 ea
769 2545 832 2624 quis
848 2544 971 2605 maxime
990 2545 1117 2606 lidebant
1147 2547 1148 2550 ’

107 2630 138 2689 in
154 2627 291 2708 populum
305 2630 465 2691 Romanum
482 2630 606 2708 ciliciis,
620 2631 707 2690 missa
724 2629 818 2689 navali
842 2628 927 2706 copia
948 2646 1008 2690 non
1028 2629 1115 2690 modo

105 2715 232 2794 externa
246 2713 282 2774 ad
297 2713 385 2792 bella,
400 2714 452 2775 sed
467 2728 541 2794 quae
563 2714 592 2773 in
608 2713 690 2775 ltalia
711 2712 923 2781 tolerabantur}
944 2729 1036 2793 seque
1056 2715 1140 2798 pri-s

107 2813 174 2858 mos
197 2799 335 2879 templum
353 2797 433 2859 urbis
462 2799 574 2860 Romae
601 2795 753 2875 statuisse,
778 2797 822 2871 bl.
848 2795 955 2857 Porcio
985 2798 1115 2878 consule,

107 2883 223 2959 magnis
236 2883 351 2962 quidem
366 2883 422 2943 iam
440 2883 543 2962 populi
558 2883 679 2944 Romani
694 2881 797 2960 rebus,
822 2881 946 2941 nondum
968 2891 1063 2944 tamen
1080 2881 1116 2943 ad

13 2975 15 2996 ³
108 2983 248 3026 summum
276 2967 377 3048 elatis,
408 2976 501 3028 stante
526 2965 619 3028 adbuc
644 2965 752 3027 Punica
782 2964 853 3026 urbe
875 2975 905 3026 et
931 2964 1035 3027 validis
1062 2985 1116 3048 per

108 3049 211 3111 Asiam
228 3052 358 3130 regibus.
379 3050 473 3112 ‘simul
491 3051 522 3112 L.
537 3051 646 3112 Sullam
667 3059 771 3112 testem
792 3049 980 3130 adferebant,
1004 3054 1115 3129 gravis·

108 3137 184 3197 simo
201 3135 230 3195 in
247 3135 411 3197 discrimine
427 3139 575 3196 exereitus
590 3135 628 3197 ob
643 3135 831 3216 asperitatem
849 3132 954 3195 hiemis
975 3144 1005 3195 et
1025 3153 1152 3214 penu-re

108 3221 181 3281 riam
192 3222 294 3297 vestis,
307 3215 563 3296 enmid'bmyrnem
571 3221 600 3281 in
609 3220 773 3281 contionem
784 3219 939 3280 nuntiatum
951 3217 1040 3294 foret,
1055 3234 1115 3277 om-

108 3321 164 3364 nes
179 3305 228 3383 qui
246 3304 395 3367 adstabant
410 3304 572 3366 detraxisse
591 3303 710 3384 corpori
731 3303 858 3382 tegmina
880 3302 1049 3379 nostrisque
1072 3299 1114 3360 le·

109 3388 247 3466 pinnibus
266 3390 389 3451 misisse.
429 3391 469 3450 ita
498 3389 594 3466 rogati
618 3388 788 3448 sententiam
812 3394 912 3464 patres
936 3381 1115 3456 Zmyrnaeos

115 3455 294 3552 pr‘aetulere.
327 3475 494 3555 censuitque
508 3471 612 3534 Vibius
626 3471 757 3548 blarsus,
771 3477 802 3529 ut
815 3468 864 3529 Μ’.
880 3465 1001 3547 Lepido,
1019 3464 1065 3522 cui
1080 3481 1117 3523 ea
