2440 3886
149 183 170 245 6
408 178 899 240 conuauurucmrnuunuruu

149 349 258 410 'liberii
276 345 414 407 Caesaris
430 347 582 424 iuravere,
606 347 740 425 apudque
762 363 814 405 eos
837 345 921 405 Seius
945 343 1093 404 Strabo
1125 353 1168 403 et

150 432 322 507 Turranius,
344 429 395 490 ille
412 433 626 508 praetoriarum
650 429 811 489 cohortium
829 427 1040 506 praefectus,
1073 428 1140 488 hic
1172 450 1179 488 a

151 533 260 585 uouae;
287 531 356 574 mox
374 525 492 576 senatus
518 516 663 593 milesque
690 523 719 573 et
744 513 881 592 populus.
925 509 1018 571 Nam
1052 510 1180 572 Tiberi

152 609 255 661 cuncta
275 617 329 678 per
352 599 490 661 consules
512 599 685 678 incipiebat,
705 607 847 676 tamquam
867 604 977 656 vetere
1005 614 1049 656 re
1070 595 1178 674 publi

117 696 182 750 ruet
204 675 353 761 ambiguus
373 683 547 761 imperandi:
570 702 607 744 ne
629 682 754 744 edictum
777 681 909 760 quidem,
932 697 1002 758 quo
1027 689 1155 760 patres

153 770 261 830 curiam
276 764 412 842 vocabat,
431 769 485 827 nisi
500 769 672 829 tribuniciae
688 767 840 844 potestatis
853 765 1122 843 praescriptione
1144 783 1179 842 pr

153 854 208 912 suit
227 850 280 911 sub
295 849 429 927 Augusto
443 862 595 932 acceptae.
622 850 713 910 verba
725 851 813 910 edicti
823 848 907 909 luere
921 866 1030 926 pauca
1047 857 1084 908 et
1098 866 1178 907 sens

153 935 357 1016 permodesto:
393 935 429 994 de
464 936 624 997 honoribus
660 936 789 1014 parentis
816 933 1048 1010 consulturum,
1085 951 1177 1010 nequ

153 1018 314 1082 abscedere
342 1036 359 1078 a
387 1036 514 1098 corpore
538 1009 627 1098 idque'
656 1037 740 1078 unum
773 1036 811 1078 ex
839 1016 967 1098 publicis
998 1019 1175 1078 muneribu

119 1125 143 1165 rs
154 1121 303 1182 usurpare.
331 1103 384 1164 sed
407 1103 544 1164 defuncto
566 1105 698 1181 Augusto
720 1106 832 1181 signum
852 1101 1017 1180 praetoriis
1043 1100 1176 1162 cohorti

153 1189 205 1248 bus
222 1197 252 1246 ut
267 1187 425 1265 imperator
441 1188 579 1253 dederat:
595 1187 748 1263 excubiae,
767 1205 854 1262 arma,
873 1195 977 1246 cetera
995 1185 1107 1253 aulae:
1125 1188 1179 1244 mi·

154 1272 198 1332 les
214 1273 242 1330 in
257 1271 367 1348 iorum,
382 1271 510 1331 milesia
527 1273 634 1332 curiam
651 1271 850 1332 comitabatur.
890 1271 996 1330 literas
1020 1270 1060 1330 ad
1084 1288 1178 1328 exer-

155 1357 227 1420 citus
243 1363 386 1433 tamquam
400 1355 507 1434 adepto
523 1357 685 1435 principatu
699 1357 793 1431 misit,
817 1371 958 1433 nusquam
976 1353 1173 1418 cunctabun-

155 1440 207 1499 dus
224 1440 278 1498 nisi
295 1457 357 1498 cum
373 1441 402 1499 iu
417 1449 518 1500 senatu
536 1440 716 1520 loqueretur,
747 1457 835 1499 causa
855 1439 1017 1516 praecipua
1040 1456 1080 1498 ex
1103 1439 1169 1504 lor·

120 1545 146 1585 m
155 1523 271 1599 midine,
285 1540 323 1581 ne
341 1522 539 1600 Germanicus,
554 1525 583 1583 in
599 1525 678 1584 cuius
694 1542 777 1584 manu
792 1533 835 1583 tot
850 1523 1003 1600 legiones,
1021 1523 1165 1585 immensa

155 1609 301 1667 sociorum
315 1607 431 1683 auxilia,
450 1611 538 1668 mirus
555 1608 630 1688 apud
646 1606 784 1687 populum
805 1608 905 1681 lavor,
929 1605 1040 1668 habere
1065 1607 1161 1685 impe·

154 1693 226 1750 rium
248 1707 331 1769 quam
354 1693 529 1769 exspectare
550 1692 659 1752 mallet.
693 1691 779 1751 dabat
801 1700 830 1750 et
849 1690 962 1767 lamae,
983 1699 1015 1750 ut
1034 1700 1159 1751 vocatus

156 1775 328 1851 electusque
343 1775 438 1851 potius
455 1793 472 1835 a
486 1794 520 1835 re
537 1774 654 1853 publica
669 1775 818 1835 videretur
841 1791 926 1853 quam
950 1791 1003 1852 per
1023 1775 1155 1834 uxorium

155 1857 289 1917 ambitum
305 1867 334 1916 et
349 1858 434 1917 senili
449 1859 605 1937 adoptione
620 1861 791 1938 inrepsisse.
820 1867 926 1938 postea
947 1856 1085 1936 cognitum
1106 1871 1153 1919 est

120 1967 145 2006 aa
156 1940 192 2001 ad
207 1941 449 2019 introspiciendas
465 1944 551 2003 etiam
569 1960 723 2022 procerum
738 1942 902 2003 voluntates
917 1943 1052 2004 inductam
1067 1942 1150 2002 dubi-

155 2025 307 2084 tationem:
323 2026 387 2085 uam
400 2024 492 2086 verba
507 2027 602 2087 vultus
614 2029 642 2085 iu
656 2029 763 2087 crimen
775 2027 952 2106 detorquens
963 2025 1141 2088 recondebat.

218 2108 247 2170 8.
271 2107 348 2168 Nihil
362 2111 455 2188 primo
473 2121 591 2172 senatus
608 2111 655 2172 die
672 2112 719 2188 agi
737 2130 841 2189 passus
854 2119 901 2172 cet
919 2111 971 2170 nisi
989 2111 1023 2171 de
1043 2129 1139 2189 supre-

154 2192 209 2252 mis
226 2191 361 2270 Augusti,
379 2194 460 2253 cuius
474 2203 675 2257 testamentum
690 2195 807 2256 inlatum
830 2213 883 2274 per
903 2191 1022 2272 virgines
1035 2193 1135 2260 Vestae

155 2275 302 2337 Tiberium
319 2286 348 2337 et
363 2276 471 2339 Liuiam
486 2279 613 2339 heredes
628 2279 735 2340 habuit:
768 2279 846 2340 bivia
862 2281 890 2340 in
904 2279 1028 2340 familiam
1042 2277 1131 2341 Iuliam

154 2379 318 2440 nomenque
334 2361 494 2438 Augustum
509 2363 725 2432 adsumebatur;
747 2365 776 2423 in
794 2382 875 2442 spem
894 2363 1035 2425 secundam
1048 2379 1127 2440 nepo·

130 2455 199 2514 rtes
215 2454 464 2523 pronepotesque,
480 2449 566 2507 tertio
581 2447 672 2524 gradu
686 2449 829 2526 primores
846 2449 965 2508 civitatis
979 2449 1124 2526 scripserat,

155 2528 316 2606 plerosque
335 2529 446 2588 invisos
464 2529 538 2607 sibi,
560 2531 612 2590 sed
637 2533 771 2592 iactantia
786 2533 939 2611 gloriaque
954 2531 983 2592 ad
996 2541 1132 2610 posteros.

154 2613 252 2689 legata
268 2629 325 2672 nou
343 2612 417 2673 ultra
438 2615 552 2674 civilem
568 2617 701 2692 modum,
719 2617 773 2676 nisi
794 2617 872 2695 quod
893 2616 992 2696 populo
1011 2625 1037 2676 et
1052 2615 1122 2694 plebi

155 2697 408 2775 quadringentiens
424 2699 543 2758 triciens
557 2701 743 2778 quinquiens,
763 2701 966 2779 praetoriarum
985 2699 1117 2760 cohortium

152 2781 292 2866 militibus
306 2781 420 2860 singula
432 2781 965 2862 nummummiliamrbaaisquingenos,
974 2785 1112 2863 legionariis

119 2889 141 2930 m
153 2875 201 2926 aut
209 2866 379 2927 cohortibus
389 2868 494 2926 civium
500 2868 694 2928 Romanorum
700 2875 839 2929 trecenos
853 2869 1111 2936 nummosuiritinde·

153 2950 202 3009 dit.
215 2951 473 3011 tumcousultatum
481 2952 517 3012 de
525 2951 687 3011 honoribus
696 2974 703 3020 ;
713 2970 752 3012 ex
759 2954 823 3031 quis
830 2957 885 3030 qut
889 2956 1108 3032 maxiuaiusignes

154 3035 220 3109 visi,
236 3043 361 3112 utporta
375 3035 540 3114 triumphali
559 3034 715 3096 duceretur
732 3037 836 3114 iunus,
856 3035 951 3098 Gallus
962 3039 1067 3114 hsiuius,
1081 3032 1106 3099 ut

153 3117 251 3196 legum
264 3119 477 3198 latarumtituli,
494 3120 675 3181 victarumab
690 3122 1103 3198 cogentiumvocabulaanteler·

152 3201 1100 3280 rentur,hhrruutiuscensuere.addebatlllessallaValeriusreno-

119 3305 143 3345 rs
155 3286 915 3364 vandumperannossacramentuminuomen'liberii
922 3313 928 3360 ;
936 3293 1098 3369 interrogatus·

154 3387 209 3446 que
225 3369 376 3430 aliberio
390 3389 455 3432 num
468 3391 501 3432 se
515 3372 667 3435 mandante
681 3391 744 3434 eam
758 3376 932 3436 sententiam
943 3377 1094 3454 prompsisset,

153 3462 260 3528 sponte
276 3452 385 3516 dixisse
400 3455 570 3534 respondit,
592 3476 688 3536 nequo
705 3460 734 3518 in
749 3460 785 3519 iis
799 3477 872 3538 quae
886 3459 921 3520 ad
934 3457 1095 3539 rempublicun

116 3710 171 3720 ,ι-

40 3721 116 3856 1
