2546 3872
187 171 231 235 24
410 185 964 234 consonurscrrrmrsrorrsnum

105 382 107 386 ι
190 343 269 420 ginta
289 341 370 402 annis
389 341 515 418 quinque
538 341 685 419 principes
707 356 850 418 prospera
869 341 983 402 fortuna
1005 327 1140 401 emensus
1164 350 1193 401 ct

191 425 289 487 alieno
304 425 425 502 imperio
441 423 555 483 felicior
577 441 661 503 quam
683 441 747 484 suo.
781 431 866 482 vetus
878 424 907 482 in
922 423 1029 486 familia
1045 425 1195 501 nobilitas,

155 526 314 586 romagnae
333 524 422 586 opes:
441 508 498 585 ipsi
509 506 631 568 medium
646 509 802 585 ingenium,
816 507 910 584 magis
924 516 1007 568 extra
1022 509 1091 568 vitia
1108 526 1196 586 quam

193 610 258 653 cum
279 589 438 652 virtutibus.
470 590 564 652 lamae
579 609 635 652 nec
649 592 811 652 incuriosus
826 607 881 650 nec
901 590 1080 662 venditatum
1102 610 1196 670 pecu-

192 676 257 736 niae
284 675 397 735 alienae
417 691 475 734 non
493 674 651 752 adpetens,
673 692 745 734 suae
765 691 885 752 parcus,
915 673 1050 751 publicae
1071 693 1198 743 avarus;

193 761 350 819 amicorum
370 756 614 836 libertorumque,
637 758 685 818 ubi
705 759 733 817 in
757 757 851 818 bonos
871 759 1039 834 incidisset,
1062 759 1127 818 sine
1150 778 1199 818 re-

193 841 391 922 prehensione
407 841 536 920 patiens,
556 842 580 900 si
599 841 666 902 mali
686 841 800 917 forent,
825 841 967 919 usquead
984 841 1099 919 culpam
1114 843 1200 920 igna-

159 945 252 992 rsrus.
287 926 341 988 sed
362 924 479 986 claritas
499 925 634 984 natalium
655 934 685 984 ct
705 933 798 984 metus
819 923 1146 1003 temporumobtentui,
1170 936 1204 985 ut

194 1008 272 1089 quod
286 1009 411 1085 segnitia
433 1017 511 1084 erat,
532 1009 673 1087 sapientia
693 1016 856 1068 vocaretur.
887 1005 952 1066 dum
966 1007 1087 1085 vigebat
1101 1019 1202 1084 aetas,

193 1090 308 1152 militari
328 1091 413 1152 laude
434 1091 510 1169 apud
526 1089 691 1152 Germanias
707 1089 813 1150 floruit.
849 1107 903 1170 pro
928 1090 1049 1151 consule
1064 1091 1203 1153 Africam

194 1174 361 1250 moderate,
378 1176 433 1234 ianr
450 1176 548 1234 senior
563 1175 728 1234 citeriorem
744 1174 910 1253 Hispaniam
926 1175 989 1253 pari
1003 1173 1109 1235 iustitia
1127 1193 1200 1236 con-

195 1260 286 1335 tinuit,
302 1259 393 1319 maior
407 1260 520 1337 privato
537 1259 625 1336 visus,
641 1258 707 1318 dum
719 1261 848 1338 privatus
861 1257 923 1334 luit,
939 1267 969 1316 et
985 1258 1110 1318 omnium
1129 1278 1194 1320 con·
1262 1269 1263 1272 ’

158 1359 282 1404 assensu
300 1359 394 1419 capax
411 1343 538 1420 imperii,
553 1342 607 1416 nisi
621 1343 804 1422 imperasset.

259 1428 308 1490 50.
331 1425 486 1504 Trepidam
508 1425 608 1485 urbem
630 1445 666 1487 ac
682 1426 765 1486 simul
784 1426 966 1486 atrocitatem
987 1427 1116 1486 recentis
1132 1443 1196 1484 sce·

195 1510 282 1585 ieris,
304 1509 388 1570 simul
402 1519 520 1570 veteres
535 1508 655 1570 Othonis
670 1527 768 1571 mores
789 1517 944 1589 paventem
964 1525 1057 1568 novus
1075 1509 1203 1588 insuper

195 1594 233 1654 de
250 1593 369 1656 Vitellio
386 1594 499 1653 nuntius
516 1594 671 1669 exterruit,
695 1603 761 1654 ants
783 1592 904 1654 caedem
922 1591 1033 1654 Galbae
1055 1609 1201 1671 suppres-

196 1695 264 1750 sus,
293 1685 323 1736 ut
343 1685 449 1736 tanturm
472 1678 633 1755 superioris
655 1677 827 1738 Germaniae
850 1677 1010 1736 exercitum
1032 1676 1205 1736 descivisse

171 1759 374 1822 accederetur.
411 1769 469 1820 tum
484 1759 557 1819 dnos
578 1762 702 1821 omnium
716 1760 877 1820 mortalium
895 1761 1060 1838 inpudicitia
1079 1761 1203 1836 ignavia
1262 1797 1263 1804 κ

196 1844 307 1903 luxuria
335 1841 507 1902 deterrimos
533 1845 611 1904 velut
637 1844 672 1903 ad
698 1845 876 1922 perdendum
896 1844 1045 1922 imperium
1067 1843 1206 1904 fataliter

197 1927 310 1987 electos
322 1942 381 1986 non
396 1935 513 1987 senatus
528 1927 614 1986 modo
630 1937 659 1987 et
673 1946 780 2007 eques,
801 1931 865 2006 quis
887 1928 982 2007 aliqua
997 1945 1065 2007 pars
1082 1936 1110 1986 et
1127 1946 1207 1988 cura

195 2009 408 2089 reipublicae,
433 2009 486 2070 sed
505 2010 613 2088 volgus
633 2029 750 2089 quoque
772 2011 867 2090 palam
890 2029 1033 2072 maerere.
1062 2027 1118 2070 nec
1142 2013 1207 2070 iam

196 2094 327 2156 recentia
348 2111 454 2155 saevae
475 2095 555 2172 pacis
577 2094 728 2173 exempla,
752 2095 803 2156 sed
825 2097 949 2174 repetita
964 2094 1108 2154 bellorum
1124 2096 1205 2155 civi-

161 2177 264 2239 rolium
281 2178 418 2238 memoria
440 2186 554 2256 captam
574 2181 680 2239 totiens
695 2179 754 2238 suis
771 2179 948 2238 exercitibus
969 2178 1086 2254 urbem,
1107 2181 1206 2238 vasti·
1260 2189 1261 2192 ’

197 2270 285 2322 tatem
304 2261 424 2338 ltaliae,
445 2260 622 2339 direptiones
641 2262 869 2342 provinciarum,
891 2262 1066 2323 Pharsaliam
1087 2260 1206 2341 Philip·

197 2362 253 2424 pos
265 2354 294 2405 ct
303 2344 451 2406 Perusiam
461 2363 496 2406 ac
507 2343 651 2422 Mutinam,
664 2354 731 2406 nota
743 2345 921 2424 publicarum
934 2345 1055 2406 cladium
1069 2347 1204 2422 nomina,

197 2429 399 2508 loquebantur.
426 2445 521 2508 prope
535 2447 668 2490 eversum
678 2428 789 2506 orbem,
804 2430 888 2489 etiam
903 2447 966 2488 cum
981 2429 1017 2490 de
1032 2429 1205 2507 principatu

197 2515 273 2574 inter
292 2512 386 2573 bonos
411 2521 588 2589 certaretur,
608 2513 662 2573 sed
684 2515 825 2574 mansisse
849 2512 919 2574 Gaio
942 2512 1032 2587 lulio,
1054 2513 1205 2572 mansisse

159 2596 327 2659 successus
350 2595 483 2673 Augusto
511 2597 625 2658 victore
650 2598 814 2677 imperium:
839 2614 1000 2656 mansuram
1026 2595 1116 2655 luisse
1145 2597 1204 2656 sub
1259 2635 1260 2640 κ

197 2683 337 2759 Pompeio
352 2679 500 2757 Brutoque
521 2699 581 2740 rem
601 2681 760 2760 publicam:
782 2699 857 2741 nunc
880 2697 935 2759 pro
948 2679 1062 2740 Othone
1084 2698 1119 2738 an
1142 2699 1205 2759 pro
1259 2657 1260 2731 l

196 2764 318 2826 Vitellio
340 2766 368 2823 in
387 2763 494 2843 templa
518 2763 630 2825 ituros?
656 2774 794 2842 utrasque
813 2765 909 2842 inpias
929 2781 1053 2842 preces,
1075 2771 1205 2843 utraque

197 2849 366 2910 detestanda
386 2857 455 2906 rota
479 2850 553 2908 inter
574 2849 664 2925 duos,
686 2865 807 2927 quorum
829 2848 908 2909 bello
930 2847 1023 2910 solum
1043 2847 1071 2907 id
1092 2848 1205 2925 scires,

198 2933 372 2993 deteriorem
389 2930 453 2990 lore
468 2933 517 3009 qui
534 2933 663 2992 vicisset.
693 2941 775 2992 crant
788 2933 835 3009 qui
850 2930 1061 3010 Vespasianum
1077 2939 1107 2990 et
1118 2948 1204 2992 arma
1258 2953 1259 3003 l

159 3017 317 3077 morientis
335 3024 556 3092 augumentum
579 3025 609 3074 ct
622 3025 653 3074 ut
667 3017 763 3094 potior
777 3024 900 3092 utroque
921 3015 1135 3095 Vespasianus,
1153 3018 1202 3075 'ita

197 3100 306 3161 bellum
326 3098 402 3160 aliud
426 3108 513 3177 atque
534 3099 605 3159 alias
630 3097 729 3158 clades
752 3097 920 3159 horrebant.
957 3107 986 3158 et
1006 3099 1140 3176 ambigua
1163 3099 1202 3158 de

196 3181 379 3262 Vespasiano
395 3182 482 3252 lama;
502 3183 642 3261 solusque
657 3185 780 3243 omnium
791 3191 857 3242 ante
872 3201 905 3242 sc
923 3184 1083 3262 principum
1093 3185 1121 3242 in
1137 3201 1199 3242 me·
1257 3181 1258 3276 l

196 3266 253 3326 lius
268 3275 391 3326 mutatus
408 3275 462 3326 est.

260 3351 310 3410 51.
330 3349 414 3409 Nunc
441 3351 519 3412 initia
550 3367 711 3427 causasque
737 3359 831 3409 motus
856 3348 1005 3409 Vitelliani
1032 3349 1200 3426 expediam.
1256 3359 1257 3366 ’

197 3448 286 3492 caeso
305 3449 369 3492 cum
385 3435 516 3495 omnibus
532 3436 625 3515 copiis
640 3433 712 3493 lulio
728 3433 851 3494 Vindice
865 3432 953 3492 ferox
967 3432 1074 3511 praeda
1088 3431 1198 3510 gloris—
