2596 3872
180 261 243 324 326
425 271 596 332 ooaucun
611 270 730 320 nscmr
750 271 934 326 suasurum

180 431 327 492 Romanus
343 399 522 506 poposcerat
533 444 613 487 reum
631 443 668 486 ex
685 424 893 505 proconsulatu
907 425 1007 504 Asiae,
1025 427 1124 505 inqua
1140 403 1183 486 oi·

180 514 331 575 tensiones
346 511 485 590 principis
500 511 579 571 auxit
593 511 699 570 iustitia
714 519 799 589 atque
814 510 966 588 industria,
989 518 1019 570 et
1034 511 1099 589 quia
1115 527 1184 590 por·

180 599 220 658 tui
239 596 434 677 Ephesiorum
450 595 609 673 aperiendo
633 613 728 655 curam
749 595 942 673 insumpserat
955 596 1071 674 vimque
1085 595 1186 654 civita-

160 683 218 745 stis
234 681 449 758 Pergamenae,
473 678 655 758 prohibentis
669 678 807 740 Acratum
822 677 962 739 cceeerts-
977 678 1112 738 libertum
1127 687 1186 738 sta·
1277 683 1278 698 ¹

181 776 245 826 tuas
262 773 290 824 et
304 766 432 843 picturas
448 763 592 840 evehere,
606 762 724 823 inultam
739 761 885 823 omiserat.
905 763 957 822 sed
972 763 1082 823 crimini
1097 762 1187 824 daba-

181 859 227 910 tur
241 848 365 909 amicitia
380 847 472 908 Plauti
487 854 517 906 et
530 846 647 908 ambitio
663 846 866 910 conciliandae
876 848 1047 927 provinciae
1064 845 1099 907 ad
1114 863 1187 925 spes

182 949 285 998 novas.
325 939 439 1010 tempus
466 929 640 992 damnationi
666 929 826 1010 delectum,
853 947 911 1010 quo
939 929 1082 992 Tiridates
1108 931 1186 990 acci·

182 1017 289 1098 piendo
309 1014 466 1075 Armeniae
487 1031 579 1092 regno
606 1013 805 1092 adventabat,
818 1024 848 1075 ut
869 1015 906 1075 ad
927 1023 1047 1076 externa
1062 1015 1186 1075 rumori·

145 1102 236 1163 robus
252 1100 414 1159 intestinum
428 1098 527 1158 scelus
546 1097 766 1176 obscuraretur,
791 1108 873 1159 aaut
895 1099 1119 1176 magnitudinem
1134 1098 1186 1156 im·

183 1185 358 1265 paratorium
385 1182 475 1243 caede
504 1183 657 1260 insignium
683 1182 812 1242 virorum
836 1183 918 1262 quasi
943 1184 1028 1260 regio
1053 1183 1187 1244 facinore

183 1275 352 1330 ostentaret.

245 1353 296 1414 24.
318 1350 409 1428 lgitur
425 1351 501 1411 omni
517 1351 635 1411 civitate
650 1351 686 1411 ad
703 1351 904 1430 excipiendum
920 1351 1084 1431 principem
1097 1367 1185 1429 spec·

181 1436 355 1514 tandumgne
375 1453 478 1514 regem
501 1435 607 1510 edusa,
636 1433 766 1494 Thrasea
794 1452 920 1496 occursu
943 1434 1104 1515 prohibitus
1126 1451 1186 1493 non

183 1521 298 1582 demisit
313 1520 457 1598 animum,
475 1519 529 1580 sed
545 1519 698 1580 codicillos
715 1518 750 1578 ad
766 1518 913 1580 Neronem
935 1519 1114 1598 composuit,
1138 1536 1185 1577 re·

183 1606 300 1686 quirens
317 1603 430 1664 obiecta
448 1613 477 1664 et
492 1612 719 1683 expurgaturum
733 1603 925 1681 adseverans,
946 1605 971 1663 si
986 1604 1114 1663 notitiam
1130 1601 1182 1661 cri·

155 1711 169 1748 c
182 1691 287 1749 minum
298 1695 328 1748 et
343 1688 458 1767 copiam
469 1686 595 1748 diluendi
608 1685 766 1747 habuisset.
792 1687 1011 1749 eos-codicillos
1023 1686 1103 1747 Nero
1117 1703 1178 1765 pro

182 1781 320 1853 peranter
341 1773 473 1851 accepit,
497 1789 552 1850 spe
574 1772 741 1831 exterritum
763 1772 921 1832 Thraseam
949 1772 1105 1850 scripsisse
1131 1787 1187 1850 per

182 1874 257 1936 quas
280 1854 476 1915 claritudinem
501 1854 640 1934 principis
665 1854 821 1916 extolleret
848 1874 986 1935 suamque
1008 1855 1119 1916 famam
1135 1854 1186 1914 de·

181 1940 358 2000 honestaret.
391 1939 469 2017 quod
489 1937 538 1998 ubi
558 1955 616 1998 non
634 1943 731 1999 evenit
746 1940 911 2019 vultumque
927 1949 956 2000 et
975 1939 1093 2018 spiritus
1108 1946 1138 2000 et
1152 1938 1186 1997 li·

181 2024 322 2084 bertatem
335 2023 458 2082 insontis
472 2023 550 2082 ultro
567 2023 706 2100 extimuit,
721 2026 821 2084 vocari
837 2034 936 2104 patres
952 2023 1040 2084 iubet.

246 2105 296 2165 25.
318 2105 389 2166 Tum
401 2105 531 2177 Thrasea
542 2109 621 2164 inter
629 2109 779 2184 proximos
792 2109 975 2181 consultavit,
991 2115 1187 2182 temptaretne

182 2188 382 2252 defensionem
416 2207 452 2250 an
479 2197 643 2268 sperneret.
683 2187 798 2250 diversa
824 2189 944 2249 consilia
971 2186 1185 2248 adfercbantur.

183 2273 285 2355 quibus
305 2273 403 2334 intrari
425 2274 532 2333 curiam
554 2272 707 2352 placebat,
736 2290 865 2333 securos·
879 2291 946 2333 esse
966 2271 1003 2332 de
1025 2272 1186 2332 constantia

184 2361 245 2420 eius
260 2356 420 2427 disserunt3
442 2356 513 2417 nihil
529 2355 669 2416 dicturum
688 2358 742 2417 nisi
757 2374 815 2435 quo
833 2357 956 2434 gloriam
976 2363 1115 2434 augeret:
1139 2373 1185 2416 se·

158 2461 258 2522 egnes
282 2450 311 2502 et
331 2441 454 2520 pavidos
473 2443 616 2520 supremis
637 2442 697 2501 sais
717 2450 862 2502 secretum
889 2440 1078 2503 circumdare.
1109 2440 1185 2520 aspi·

183 2535 264 2588 ceret
284 2526 410 2605 populus
430 2526 522 2586 virum
542 2526 627 2586 morti
651 2525 784 2604 obvium,
816 2525 928 2587 audiret
954 2533 1071 2586 senatus
1093 2535 1185 2585 voces

183 2611 266 2690 quasi
281 2627 319 2669 ex
334 2608 431 2689 aliquo
445 2609 559 2670 numine
578 2627 667 2690 supra
680 2609 835 2672 humanas:
860 2627 949 2690 posse
963 2610 1030 2690 ipso
1044 2606 1185 2668 miraculo

183 2696 269 2756 ctiam
283 2691 430 2754 Neronem
444 2696 620 2773 permoveri.
649 2695 696 2754 sin
706 2694 872 2756 crudelitati*
878 2694 1034 2771 insisteret,
1050 2691 1186 2770 distingui

184 2787 270 2838 certe
281 2775 357 2855 apud
373 2786 512 2856 posteros
526 2779 693 2840 memoriam
707 2779 822 2839 honesti
838 2781 932 2838 exitus
947 2777 983 2839 ab
998 2778 1114 2856 ignavia
1133 2793 1187 2858 per

146 2861 328 2922 rosileuttum
342 2864 532 2936 pereuntium.
598 2870 601 2875 ·

245 2943 296 3004 26.
323 2939 430 3003 Contra
449 2945 496 3022 qui
521 2946 730 3022 opperiendum
752 2946 849 3008 domui
871 2945 1045 3022 censebant,
1069 2945 1181 3021 deipso
1277 2975 1278 2984 .

185 3027 314 3091 Thrasea
333 3027 444 3104 cadem,
464 3028 516 3088 sed
532 3027 655 3090 ludibria
674 3041 703 3089 et
719 3031 910 3091 contumelias
926 3030 1092 3090 imminere:
1121 3023 1181 3084 sub·
1277 3055 1278 3066 .

183 3111 314 3175 traheret
336 3111 577 3173 aures-conviciis
596 3120 626 3173 et
646 3112 772 3192 probris.
800 3129 860 3172 non
879 3111 971 3171 solum
988 3109 1186 3171 Cossutianum

184 3204 233 3258 aut
246 3195 366 3275 Eprium
381 3195 417 3256 ad
432 3197 530 3257 scelus
546 3205 714 3276 promptos:
735 3213 894 3275 superesse
915 3197 962 3274 qui
984 3195 1108 3255 forsitan
1129 3211 1187 3252 ma·
1277 3209 1278 3228 ³

161 3298 238 3342 snus
260 3281 393 3359 ictusque
415 3299 470 3360 per
493 3282 697 3341 immanitatem
720 3280 860 3359 ingestari
884 3280 956 3350 sint;
983 3279 1069 3339 etiam
1092 3278 1188 3339 bonos
1277 3275 1278 3356 l

185 3372 262 3424 metu
280 3359 1188 3442 sequi.detraheretpotiusseuatui,quamsemperomavlsset,
1277 3371 1278 3396 t

186 3446 331 3524 infamiam
342 3450 412 3510 tanti
426 3449 539 3528 flagitii,
554 3458 584 3510 et
597 3449 779 3529 relinqueret
788 3450 928 3510 incertum
940 3446 1006 3528 quid
1018 3447 1083 3506 viso
1095 3443 1187 3506 Thra·

186 3545 239 3589 sea
254 3547 307 3590 reo
323 3531 468 3593 decreturi
487 3541 586 3612 patres
600 3533 714 3595 tuerint.
744 3531 930 3596 utiteronem
944 3529 1117 3610 flagitiorum
1135 3548 1183 3609 pu·
