<?xml version="1.0" encoding="UTF-8"?>
<!DOCTYPE html PUBLIC "-//W3C//DTD XHTML 1.0 Transitional//EN"
    "http://www.w3.org/TR/xhtml1/DTD/xhtml1-transitional.dtd">
<html xmlns="http://www.w3.org/1999/xhtml" xml:lang="en" lang="en">
 <head>
  <title>
</title>
<meta http-equiv="Content-Type" content="text/html;charset=utf-8" />
  <meta name='ocr-system' content='tesseract 3.04.00' />
  <meta name='ocr-capabilities' content='ocr_page ocr_carea ocr_par ocr_line ocrx_word'/>
</head>
<body>
  <div class='ocr_page' id='page_1' title='image "./libriquisupersu02tacigoog/libriquisupersu02tacigoog_0446.png"; bbox 0 0 2546 3872; ppageno 0'>
   <div class='ocr_carea' id='block_1_1' title="bbox 232 432 1026 683">
    <p class='ocr_par' dir='ltr' id='par_1_1' title="bbox 232 432 1026 683">
     <span class='ocr_line' id='line_1_1' title="bbox 319 432 1026 516; baseline 0.004 -4"><span class='ocrx_word' id='word_1_1' title='bbox 319 432 626 516; x_wconf 73' lang='lat' dir='ltr'><strong>coruum</strong></span> <span class='ocrx_word' id='word_1_2' title='bbox 655 433 869 516; x_wconf 79' lang='lat' dir='ltr'><strong>ramur</strong></span> <span class='ocrx_word' id='word_1_3' title='bbox 1020 477 1026 488; x_wconf 88' lang='lat'><strong>·</strong></span> 
     </span>
     <span class='ocr_line' id='line_1_2' title="bbox 232 584 960 683; baseline 0.004 -3"><span class='ocrx_word' id='word_1_4' title='bbox 232 585 284 680; x_wconf 93' lang='lat' dir='ltr'>H</span> <span class='ocrx_word' id='word_1_5' title='bbox 309 585 335 681; x_wconf 97' lang='lat' dir='ltr'>I</span> <span class='ocrx_word' id='word_1_6' title='bbox 363 584 394 682; x_wconf 84' lang='lat' dir='ltr'>S</span> <span class='ocrx_word' id='word_1_7' title='bbox 423 587 462 682; x_wconf 90' lang='grc' dir='ltr'><strong>Τ</strong></span> <span class='ocrx_word' id='word_1_8' title='bbox 490 587 534 682; x_wconf 93' lang='grc' dir='ltr'>Ο</span> <span class='ocrx_word' id='word_1_9' title='bbox 561 586 609 682; x_wconf 86' lang='lat' dir='ltr'><strong>R</strong></span> <span class='ocrx_word' id='word_1_10' title='bbox 635 586 661 682; x_wconf 96' lang='grc' dir='ltr'>Ι</span> <span class='ocrx_word' id='word_1_11' title='bbox 686 588 732 682; x_wconf 85' lang='grc' dir='ltr'>Α</span> <span class='ocrx_word' id='word_1_12' title='bbox 758 586 806 682; x_wconf 86' lang='lat' dir='ltr'><strong>R</strong></span> <span class='ocrx_word' id='word_1_13' title='bbox 832 585 879 680; x_wconf 92' lang='lat' dir='ltr'>U</span> <span class='ocrx_word' id='word_1_14' title='bbox 905 587 960 683; x_wconf 93' lang='lat' dir='ltr'><strong>M</strong></span> 
     </span>
    </p>
   </div>
   <div class='ocr_carea' id='block_1_2' title="bbox 480 766 769 856">
    <p class='ocr_par' dir='ltr' id='par_1_2' title="bbox 480 766 769 856">
     <span class='ocr_line' id='line_1_3' title="bbox 480 766 769 856; baseline 0.01 -26"><span class='ocrx_word' id='word_1_15' title='bbox 480 766 645 832; x_wconf 76' lang='lat' dir='ltr'><strong>arcun</strong></span> <span class='ocrx_word' id='word_1_16' title='bbox 673 768 701 832; x_wconf 91' lang='lat'><strong>1.</strong></span> <span class='ocrx_word' id='word_1_17' title='bbox 767 851 769 856; x_wconf 17' lang='lat'><strong>¹</strong></span> 
     </span>
    </p>
   </div>
   <div class='ocr_carea' id='block_1_3' title="bbox 502 943 680 956">
    <p class='ocr_par' dir='ltr' id='par_1_3' title="bbox 502 943 680 956">
     <span class='ocr_line' id='line_1_4' title="bbox 502 943 680 956; baseline 0.011 -2"><span class='ocrx_word' id='word_1_18' title='bbox 502 943 680 956; x_wconf 51' lang='grc' dir='ltr'><strong>ψ</strong></span> 
     </span>
    </p>
   </div>
   <div class='ocr_carea' id='block_1_4' title="bbox 90 1063 1099 2024">
    <p class='ocr_par' dir='ltr' id='par_1_4' title="bbox 90 1063 1099 1734">
     <span class='ocr_line' id='line_1_5' title="bbox 90 1063 1099 1133; baseline 0.005 -19"><span class='ocrx_word' id='word_1_19' title='bbox 90 1063 303 1120; x_wconf 77' lang='lat' dir='ltr'><strong>anuvlaltlhll.</strong></span> <span class='ocrx_word' id='word_1_20' title='bbox 341 1063 403 1130; x_wconf 85' lang='lat' dir='ltr'><strong>Gap.</strong></span> <span class='ocrx_word' id='word_1_21' title='bbox 420 1063 444 1114; x_wconf 88' lang='grc'><strong>1.</strong></span> <span class='ocrx_word' id='word_1_22' title='bbox 462 1065 598 1116; x_wconf 79' lang='lat' dir='ltr'><strong>Praefatio.</strong></span> <span class='ocrx_word' id='word_1_23' title='bbox 616 1067 726 1117; x_wconf 89' lang='lat' dir='ltr'><strong>auctoris</strong></span> <span class='ocrx_word' id='word_1_24' title='bbox 740 1067 870 1133; x_wconf 85' lang='lat' dir='ltr'><strong>dignitas,</strong></span> <span class='ocrx_word' id='word_1_25' title='bbox 892 1073 977 1130; x_wconf 87' lang='lat' dir='ltr'><strong>aetas,</strong></span> <span class='ocrx_word' id='word_1_26' title='bbox 994 1068 1099 1120; x_wconf 90' lang='lat' dir='ltr'><strong>institn-</strong></span> 
     </span>
     <span class='ocr_line' id='line_1_6' title="bbox 125 1133 1093 1202; baseline 0.006 -20"><span class='ocrx_word' id='word_1_27' title='bbox 125 1144 186 1182; x_wconf 87' lang='lat' dir='ltr'><strong>tnm.</strong></span> <span class='ocrx_word' id='word_1_28' title='bbox 206 1133 230 1184; x_wconf 82' lang='lat'><strong>2.</strong></span> <span class='ocrx_word' id='word_1_29' title='bbox 249 1133 274 1184; x_wconf 86' lang='lat'><strong>3.</strong></span> <span class='ocrx_word' id='word_1_30' title='bbox 291 1133 434 1198; x_wconf 82' lang='lat' dir='ltr'><strong>praesentis</strong></span> <span class='ocrx_word' id='word_1_31' title='bbox 448 1133 568 1185; x_wconf 79' lang='lat' dir='ltr'>historiae</span> <span class='ocrx_word' id='word_1_32' title='bbox 584 1149 684 1186; x_wconf 91' lang='lat' dir='ltr'><strong>summa</strong></span> <span class='ocrx_word' id='word_1_33' title='bbox 702 1136 793 1202; x_wconf 87' lang='lat' dir='ltr'><strong>capita.</strong></span> <span class='ocrx_word' id='word_1_34' title='bbox 829 1136 855 1188; x_wconf 83' lang='lat'><strong>4.</strong></span> <span class='ocrx_word' id='word_1_35' title='bbox 873 1137 896 1186; x_wconf 80' lang='lat'><strong>5.</strong></span> <span class='ocrx_word' id='word_1_36' title='bbox 915 1143 996 1188; x_wconf 89' lang='lat' dir='ltr'><strong>status</strong></span> <span class='ocrx_word' id='word_1_37' title='bbox 1014 1138 1093 1198; x_wconf 82' lang='lat' dir='ltr'><strong>urbis,</strong></span> 
     </span>
     <span class='ocr_line' id='line_1_7' title="bbox 123 1199 1097 1272; baseline 0.004 -20"><span class='ocrx_word' id='word_1_38' title='bbox 123 1215 195 1252; x_wconf 88' lang='lat' dir='ltr'><strong>mens</strong></span> <span class='ocrx_word' id='word_1_39' title='bbox 210 1201 379 1262; x_wconf 78' lang='lat' dir='ltr'><strong>exercituum,</strong></span> <span class='ocrx_word' id='word_1_40' title='bbox 397 1199 498 1254; x_wconf 90' lang='lat' dir='ltr'><strong>habitus</strong></span> <span class='ocrx_word' id='word_1_41' title='bbox 515 1205 705 1268; x_wconf 88' lang='lat' dir='ltr'><strong>provinciarum</strong></span> <span class='ocrx_word' id='word_1_42' title='bbox 722 1204 805 1255; x_wconf 84' lang='lat' dir='ltr'><strong>occiso</strong></span> <span class='ocrx_word' id='word_1_43' title='bbox 824 1203 934 1256; x_wconf 81' lang='lat' dir='ltr'>Nerone.</span> <span class='ocrx_word' id='word_1_44' title='bbox 971 1204 1097 1272; x_wconf 81' lang='lat' dir='ltr'><strong>Nymphi-</strong></span> 
     </span>
     <span class='ocr_line' id='line_1_8' title="bbox 122 1270 1094 1337; baseline 0.002 -16"><span class='ocrx_word' id='word_1_45' title='bbox 122 1271 180 1322; x_wconf 88' lang='lat' dir='ltr'><strong>dins</strong></span> <span class='ocrx_word' id='word_1_46' title='bbox 197 1270 332 1336; x_wconf 88' lang='lat' dir='ltr'><strong>imperium</strong></span> <span class='ocrx_word' id='word_1_47' title='bbox 350 1270 473 1327; x_wconf 76' lang='lat' dir='ltr'><strong>affectans</strong></span> <span class='ocrx_word' id='word_1_48' title='bbox 489 1285 637 1337; x_wconf 87' lang='lat' dir='ltr'><strong>oppressus.</strong></span> <span class='ocrx_word' id='word_1_49' title='bbox 675 1271 700 1324; x_wconf 86' lang='lat' dir='ltr'><strong>O.</strong></span> <span class='ocrx_word' id='word_1_50' title='bbox 717 1273 742 1321; x_wconf 81' lang='lat'><strong>7.</strong></span> <span class='ocrx_word' id='word_1_51' title='bbox 763 1271 867 1322; x_wconf 81' lang='lat' dir='ltr'><strong>Galbam</strong></span> <span class='ocrx_word' id='word_1_52' title='bbox 887 1273 1024 1324; x_wconf 87' lang='lat' dir='ltr'><strong>crudelitas</strong></span> <span class='ocrx_word' id='word_1_53' title='bbox 1039 1289 1094 1334; x_wconf 89' lang='lat' dir='ltr'><strong>sna,</strong></span> 
     </span>
     <span class='ocr_line' id='line_1_9' title="bbox 122 1338 1093 1404; baseline 0.001 -14"><span class='ocrx_word' id='word_1_54' title='bbox 122 1348 207 1400; x_wconf 87' lang='lat' dir='ltr'><strong>aetas,</strong></span> <span class='ocrx_word' id='word_1_55' title='bbox 230 1339 344 1404; x_wconf 87' lang='lat' dir='ltr'><strong>corporis</strong></span> <span class='ocrx_word' id='word_1_56' title='bbox 361 1338 444 1389; x_wconf 87' lang='lat' dir='ltr'><strong>forma</strong></span> <span class='ocrx_word' id='word_1_57' title='bbox 464 1346 488 1388; x_wconf 94' lang='lat' dir='ltr'><strong>et</strong></span> <span class='ocrx_word' id='word_1_58' title='bbox 510 1341 649 1390; x_wconf 89' lang='lat' dir='ltr'><strong>amicorum</strong></span> <span class='ocrx_word' id='word_1_59' title='bbox 667 1341 728 1392; x_wconf 86' lang='lat' dir='ltr'><strong>vitia</strong></span> <span class='ocrx_word' id='word_1_60' title='bbox 743 1341 852 1391; x_wconf 91' lang='lat' dir='ltr'><strong>reddunt</strong></span> <span class='ocrx_word' id='word_1_61' title='bbox 870 1342 988 1393; x_wconf 89' lang='lat' dir='ltr'><strong>invisum.</strong></span> <span class='ocrx_word' id='word_1_62' title='bbox 1026 1341 1051 1393; x_wconf 86' lang='lat'><strong>8.</strong></span> <span class='ocrx_word' id='word_1_63' title='bbox 1069 1343 1093 1394; x_wconf 82' lang='grc'><strong>3.</strong></span> 
     </span>
     <span class='ocr_line' id='line_1_10' title="bbox 122 1406 1093 1472; baseline 0.001 -13"><span class='ocrx_word' id='word_1_64' title='bbox 122 1415 203 1466; x_wconf 86' lang='lat' dir='ltr'><strong>status</strong></span> <span class='ocrx_word' id='word_1_65' title='bbox 222 1407 377 1472; x_wconf 80' lang='lat' dir='ltr'>Hispaniae,</span> <span class='ocrx_word' id='word_1_66' title='bbox 395 1406 504 1468; x_wconf 85' lang='lat' dir='ltr'><strong>Galliae,</strong></span> <span class='ocrx_word' id='word_1_67' title='bbox 525 1407 731 1458; x_wconf 86' lang='lat' dir='ltr'><strong>Germanicorum</strong></span> <span class='ocrx_word' id='word_1_68' title='bbox 747 1411 919 1470; x_wconf 78' lang='lat' dir='ltr'><strong>exercituum,</strong></span> <span class='ocrx_word' id='word_1_69' title='bbox 937 1411 1093 1472; x_wconf 81' lang='lat' dir='ltr'><strong>Britanniae,</strong></span> 
     </span>
     <span class='ocr_line' id='line_1_11' title="bbox 122 1475 1093 1544; baseline 0.002 -18"><span class='ocrx_word' id='word_1_70' title='bbox 122 1477 223 1542; x_wconf 75' lang='lat' dir='ltr'><strong>lllyrici.</strong></span> <span class='ocrx_word' id='word_1_71' title='bbox 260 1475 302 1526; x_wconf 90' lang='lat'><strong>10.</strong></span> <span class='ocrx_word' id='word_1_72' title='bbox 319 1477 346 1526; x_wconf 93' lang='lat' dir='ltr'><strong>in</strong></span> <span class='ocrx_word' id='word_1_73' title='bbox 360 1475 434 1538; x_wconf 82' lang='lat' dir='ltr'><strong>Suria</strong></span> <span class='ocrx_word' id='word_1_74' title='bbox 445 1476 554 1526; x_wconf 85' lang='lat' dir='ltr'><strong>Muciani</strong></span> <span class='ocrx_word' id='word_1_75' title='bbox 570 1477 675 1526; x_wconf 74' lang='lat' dir='ltr'><strong>mmutes</strong></span> <span class='ocrx_word' id='word_1_76' title='bbox 694 1485 718 1526; x_wconf 92' lang='lat' dir='ltr'><strong>et</strong></span> <span class='ocrx_word' id='word_1_77' title='bbox 733 1477 801 1527; x_wconf 89' lang='lat' dir='ltr'><strong>vitia.</strong></span> <span class='ocrx_word' id='word_1_78' title='bbox 837 1478 916 1529; x_wconf 76' lang='lat' dir='ltr'><strong>Flavii</strong></span> <span class='ocrx_word' id='word_1_79' title='bbox 932 1478 1093 1544; x_wconf 80' lang='lat' dir='ltr'><strong>Vespasiani,</strong></span> 
     </span>
     <span class='ocr_line' id='line_1_12' title="bbox 121 1543 1093 1614; baseline 0.001 -18"><span class='ocrx_word' id='word_1_80' title='bbox 121 1546 251 1596; x_wconf 84' lang='lat' dir='ltr'><strong>Iudaicum</strong></span> <span class='ocrx_word' id='word_1_81' title='bbox 264 1544 358 1596; x_wconf 90' lang='lat' dir='ltr'><strong>bellum</strong></span> <span class='ocrx_word' id='word_1_82' title='bbox 374 1545 591 1606; x_wconf 87' lang='lat' dir='ltr'><strong>administrantis,</strong></span> <span class='ocrx_word' id='word_1_83' title='bbox 607 1546 709 1596; x_wconf 89' lang='lat' dir='ltr'><strong>animus</strong></span> <span class='ocrx_word' id='word_1_84' title='bbox 722 1546 750 1594; x_wconf 90' lang='lat' dir='ltr'><strong>in</strong></span> <span class='ocrx_word' id='word_1_85' title='bbox 761 1543 874 1595; x_wconf 86' lang='lat' dir='ltr'><strong>Galbam.</strong></span> <span class='ocrx_word' id='word_1_86' title='bbox 912 1547 955 1598; x_wconf 89' lang='lat'><strong>11.</strong></span> <span class='ocrx_word' id='word_1_87' title='bbox 971 1545 1093 1614; x_wconf 78' lang='lat' dir='ltr'><strong>Aegypti,</strong></span> 
     </span>
     <span class='ocr_line' id='line_1_13' title="bbox 123 1611 1093 1675; baseline 0.002 -11"><span class='ocrx_word' id='word_1_88' title='bbox 123 1613 239 1674; x_wconf 79' lang='lat' dir='ltr'><strong>hiriane,</strong></span> <span class='ocrx_word' id='word_1_89' title='bbox 262 1611 448 1675; x_wconf 87' lang='lat' dir='ltr'><strong>Mauretaniae,</strong></span> <span class='ocrx_word' id='word_1_90' title='bbox 472 1613 590 1674; x_wconf 87' lang='lat' dir='ltr'><strong>Raetiae,</strong></span> <span class='ocrx_word' id='word_1_91' title='bbox 617 1612 715 1675; x_wconf 87' lang='lat' dir='ltr'><strong>Norici,</strong></span> <span class='ocrx_word' id='word_1_92' title='bbox 737 1612 875 1672; x_wconf 72' lang='lat' dir='ltr'><strong>Thraciae,</strong></span> <span class='ocrx_word' id='word_1_93' title='bbox 902 1614 989 1666; x_wconf 89' lang='lat' dir='ltr'><strong>ltaliae</strong></span> <span class='ocrx_word' id='word_1_94' title='bbox 1011 1623 1093 1666; x_wconf 90' lang='lat' dir='ltr'><strong>status</strong></span> 
     </span>
     <span class='ocr_line' id='line_1_14' title="bbox 123 1681 705 1734; baseline -0.003 -1"><span class='ocrx_word' id='word_1_95' title='bbox 123 1697 188 1734; x_wconf 87' lang='lat' dir='ltr'><strong>coss.</strong></span> <span class='ocrx_word' id='word_1_96' title='bbox 206 1681 286 1733; x_wconf 86' lang='lat' dir='ltr'><strong>Galba</strong></span> <span class='ocrx_word' id='word_1_97' title='bbox 304 1691 329 1732; x_wconf 87' lang='lat' dir='ltr'><strong>et</strong></span> <span class='ocrx_word' id='word_1_98' title='bbox 345 1683 429 1734; x_wconf 92' lang='lat' dir='ltr'><strong>Vinio.</strong></span> <span class='ocrx_word' id='word_1_99' title='bbox 702 1702 705 1708; x_wconf 95' lang='lat'>·</span> 
     </span>
    </p>

    <p class='ocr_par' dir='ltr' id='par_1_5' title="bbox 120 1748 1095 2024">
     <span class='ocr_line' id='line_1_15' title="bbox 172 1748 1093 1819; baseline 0.002 -17"><span class='ocrx_word' id='word_1_100' title='bbox 172 1751 213 1803; x_wconf 82' lang='lat'><strong>12.</strong></span> <span class='ocrx_word' id='word_1_101' title='bbox 226 1749 370 1804; x_wconf 74' lang='lat' dir='ltr'><strong>Deficiente</strong></span> <span class='ocrx_word' id='word_1_102' title='bbox 390 1750 530 1817; x_wconf 89' lang='lat' dir='ltr'><strong>superioris</strong></span> <span class='ocrx_word' id='word_1_103' title='bbox 546 1748 696 1801; x_wconf 86' lang='lat' dir='ltr'><strong>Germaniae</strong></span> <span class='ocrx_word' id='word_1_104' title='bbox 711 1751 790 1802; x_wconf 90' lang='lat' dir='ltr'><strong>milite</strong></span> <span class='ocrx_word' id='word_1_105' title='bbox 801 1750 880 1802; x_wconf 89' lang='lat' dir='ltr'><strong>Galba</strong></span> <span class='ocrx_word' id='word_1_106' title='bbox 897 1753 929 1802; x_wconf 91' lang='lat' dir='ltr'><strong>de</strong></span> <span class='ocrx_word' id='word_1_107' title='bbox 949 1753 1093 1819; x_wconf 88' lang='lat' dir='ltr'><strong>adoptando</strong></span> 
     </span>
     <span class='ocr_line' id='line_1_16' title="bbox 120 1817 1092 1886; baseline -0.001 -12"><span class='ocrx_word' id='word_1_108' title='bbox 120 1822 230 1874; x_wconf 77' lang='lat' dir='ltr'><strong>Caesare</strong></span> <span class='ocrx_word' id='word_1_109' title='bbox 247 1820 349 1886; x_wconf 81' lang='lat' dir='ltr'><strong>cogitat.</strong></span> <span class='ocrx_word' id='word_1_110' title='bbox 372 1817 414 1872; x_wconf 90' lang='grc'><strong>13.</strong></span> <span class='ocrx_word' id='word_1_111' title='bbox 441 1819 533 1876; x_wconf 89' lang='lat' dir='ltr'><strong>Vinius</strong></span> <span class='ocrx_word' id='word_1_112' title='bbox 549 1817 640 1870; x_wconf 87' lang='lat' dir='ltr'><strong>Othoni</strong></span> <span class='ocrx_word' id='word_1_113' title='bbox 658 1819 740 1881; x_wconf 82' lang='lat' dir='ltr'><strong>iavet,</strong></span> <span class='ocrx_word' id='word_1_114' title='bbox 758 1835 809 1871; x_wconf 91' lang='lat' dir='ltr'><strong>non</strong></span> <span class='ocrx_word' id='word_1_115' title='bbox 825 1821 860 1870; x_wconf 89' lang='lat' dir='ltr'><strong>ita</strong></span> <span class='ocrx_word' id='word_1_116' title='bbox 876 1821 943 1872; x_wconf 91' lang='lat' dir='ltr'><strong>Laco</strong></span> <span class='ocrx_word' id='word_1_117' title='bbox 960 1829 985 1872; x_wconf 91' lang='lat' dir='ltr'><strong>et</strong></span> <span class='ocrx_word' id='word_1_118' title='bbox 1001 1823 1092 1873; x_wconf 86' lang='lat' dir='ltr'><strong>Icelus.</strong></span> 
     </span>
     <span class='ocr_line' id='line_1_17' title="bbox 121 1887 1094 1955; baseline -0.002 -13"><span class='ocrx_word' id='word_1_119' title='bbox 121 1892 163 1942; x_wconf 86' lang='grc'><strong>14.</strong></span> <span class='ocrx_word' id='word_1_120' title='bbox 179 1888 259 1940; x_wconf 88' lang='lat' dir='ltr'><strong>Galba</strong></span> <span class='ocrx_word' id='word_1_121' title='bbox 276 1889 411 1938; x_wconf 84' lang='lat' dir='ltr'><strong>transactis</strong></span> <span class='ocrx_word' id='word_1_122' title='bbox 428 1887 529 1955; x_wconf 90' lang='lat' dir='ltr'><strong>imperii</strong></span> <span class='ocrx_word' id='word_1_123' title='bbox 544 1888 656 1939; x_wconf 76' lang='lat' dir='ltr'><strong>comitiis</strong></span> <span class='ocrx_word' id='word_1_124' title='bbox 663 1889 783 1940; x_wconf 86' lang='lat' dir='ltr'><strong>Pisonem</strong></span> <span class='ocrx_word' id='word_1_125' title='bbox 800 1889 885 1952; x_wconf 82' lang='lat' dir='ltr'><strong>eligit,</strong></span> <span class='ocrx_word' id='word_1_126' title='bbox 901 1890 1029 1941; x_wconf 89' lang='lat' dir='ltr'><strong>hominem</strong></span> <span class='ocrx_word' id='word_1_127' title='bbox 1048 1905 1094 1940; x_wconf 91' lang='lat' dir='ltr'><strong>an·</strong></span> 
     </span>
     <span class='ocr_line' id='line_1_18' title="bbox 121 1955 1095 2024; baseline 0.001 -16"><span class='ocrx_word' id='word_1_128' title='bbox 121 1959 186 2022; x_wconf 87' lang='lat' dir='ltr'><strong>tiqui</strong></span> <span class='ocrx_word' id='word_1_129' title='bbox 206 1957 285 2008; x_wconf 88' lang='lat' dir='ltr'><strong>moris</strong></span> <span class='ocrx_word' id='word_1_130' title='bbox 304 1963 329 2006; x_wconf 91' lang='lat' dir='ltr'><strong>et</strong></span> <span class='ocrx_word' id='word_1_131' title='bbox 343 1971 474 2017; x_wconf 83' lang='lat' dir='ltr'><strong>severum,</strong></span> <span class='ocrx_word' id='word_1_132' title='bbox 496 1957 595 2008; x_wconf 77' lang='lat' dir='ltr'><strong>child.</strong></span> <span class='ocrx_word' id='word_1_133' title='bbox 621 1955 662 2007; x_wconf 86' lang='lat' dir='ltr'><strong>lO.</strong></span> <span class='ocrx_word' id='word_1_134' title='bbox 683 1957 812 2023; x_wconf 75' lang='lat' dir='ltr'><strong>adoptioni</strong></span> <span class='ocrx_word' id='word_1_135' title='bbox 877 1973 937 2009; x_wconf 87' lang='lat' dir='ltr'><strong>usas</strong></span> <span class='ocrx_word' id='word_1_136' title='bbox 955 1967 980 2008; x_wconf 92' lang='lat' dir='ltr'><strong>et</strong></span> <span class='ocrx_word' id='word_1_137' title='bbox 994 1959 1095 2024; x_wconf 89' lang='lat' dir='ltr'><strong>imperii</strong></span> 
     </span>
    </p>
   </div>
   <div class='ocr_carea' id='block_1_5' title="bbox 19 2025 1091 2089">
    <p class='ocr_par' dir='ltr' id='par_1_6' title="bbox 19 2025 1091 2089">
     <span class='ocr_line' id='line_1_19' title="bbox 19 2025 1091 2089; baseline 0 -11"><span class='ocrx_word' id='word_1_138' title='bbox 19 2029 20 2036; x_wconf 77' lang='grc'>’</span> <span class='ocrx_word' id='word_1_139' title='bbox 120 2025 315 2078; x_wconf 88' lang='lat' dir='ltr'><strong>administrandi</strong></span> <span class='ocrx_word' id='word_1_140' title='bbox 331 2025 462 2076; x_wconf 88' lang='lat' dir='ltr'><strong>consilium</strong></span> <span class='ocrx_word' id='word_1_141' title='bbox 478 2026 569 2089; x_wconf 86' lang='lat' dir='ltr'><strong>aperit.</strong></span> <span class='ocrx_word' id='word_1_142' title='bbox 607 2025 649 2076; x_wconf 81' lang='lat'><strong>17.</strong></span> <span class='ocrx_word' id='word_1_143' title='bbox 666 2025 766 2076; x_wconf 85' lang='lat' dir='ltr'><strong>Pisonis</strong></span> <span class='ocrx_word' id='word_1_144' title='bbox 782 2028 848 2076; x_wconf 89' lang='lat' dir='ltr'><strong>inter</strong></span> <span class='ocrx_word' id='word_1_145' title='bbox 862 2041 926 2078; x_wconf 85' lang='lat' dir='ltr'><strong>naec</strong></span> <span class='ocrx_word' id='word_1_146' title='bbox 942 2027 1091 2078; x_wconf 86' lang='lat' dir='ltr'><strong>moderatio.</strong></span> 
     </span>
    </p>
   </div>
   <div class='ocr_carea' id='block_1_6' title="bbox 117 2092 1096 3464">
    <p class='ocr_par' dir='ltr' id='par_1_7' title="bbox 119 2092 1093 2227">
     <span class='ocr_line' id='line_1_20' title="bbox 121 2092 1093 2162; baseline -0.001 -15"><span class='ocrx_word' id='word_1_147' title='bbox 121 2096 163 2147; x_wconf 86' lang='lat'><strong>18.</strong></span> <span class='ocrx_word' id='word_1_148' title='bbox 183 2094 286 2160; x_wconf 87' lang='lat' dir='ltr'><strong>adoptio</strong></span> <span class='ocrx_word' id='word_1_149' title='bbox 299 2095 326 2143; x_wconf 91' lang='lat' dir='ltr'><strong>in</strong></span> <span class='ocrx_word' id='word_1_150' title='bbox 337 2094 426 2144; x_wconf 88' lang='lat' dir='ltr'><strong>castris</strong></span> <span class='ocrx_word' id='word_1_151' title='bbox 441 2100 599 2159; x_wconf 89' lang='lat' dir='ltr'><strong>nuncupata,</strong></span> <span class='ocrx_word' id='word_1_152' title='bbox 617 2092 658 2144; x_wconf 80' lang='lat'><strong>19.</strong></span> <span class='ocrx_word' id='word_1_153' title='bbox 672 2102 726 2144; x_wconf 91' lang='lat' dir='ltr'><strong>tum</strong></span> <span class='ocrx_word' id='word_1_154' title='bbox 741 2096 767 2144; x_wconf 91' lang='lat' dir='ltr'><strong>in</strong></span> <span class='ocrx_word' id='word_1_155' title='bbox 782 2102 886 2154; x_wconf 89' lang='lat' dir='ltr'><strong>senatu;</strong></span> <span class='ocrx_word' id='word_1_156' title='bbox 902 2095 981 2162; x_wconf 80' lang='lat' dir='ltr'><strong>legati</strong></span> <span class='ocrx_word' id='word_1_157' title='bbox 997 2095 1030 2144; x_wconf 91' lang='lat' dir='ltr'><strong>ad</strong></span> <span class='ocrx_word' id='word_1_158' title='bbox 1047 2096 1093 2146; x_wconf 93' lang='lat' dir='ltr'><strong>de-</strong></span> 
     </span>
     <span class='ocr_line' id='line_1_21' title="bbox 119 2160 988 2227; baseline -0.005 -11"><span class='ocrx_word' id='word_1_159' title='bbox 119 2165 230 2216; x_wconf 76' lang='lat' dir='ltr'><strong>fectores</strong></span> <span class='ocrx_word' id='word_1_160' title='bbox 248 2162 329 2213; x_wconf 85' lang='lat' dir='ltr'><strong>missi.</strong></span> <span class='ocrx_word' id='word_1_161' title='bbox 366 2161 409 2213; x_wconf 86' lang='lat'><strong>20.</strong></span> <span class='ocrx_word' id='word_1_162' title='bbox 425 2160 534 2212; x_wconf 88' lang='lat' dir='ltr'><strong>Neronis</strong></span> <span class='ocrx_word' id='word_1_163' title='bbox 548 2161 672 2227; x_wconf 82' lang='lat' dir='ltr'><strong>prodigae</strong></span> <span class='ocrx_word' id='word_1_164' title='bbox 687 2163 838 2214; x_wconf 89' lang='lat' dir='ltr'><strong>donationes</strong></span> <span class='ocrx_word' id='word_1_165' title='bbox 855 2165 988 2214; x_wconf 88' lang='lat' dir='ltr'><strong>rescissae.</strong></span> 
     </span>
    </p>

    <p class='ocr_par' dir='ltr' id='par_1_8' title="bbox 119 2227 1093 2571">
     <span class='ocr_line' id='line_1_22' title="bbox 173 2227 1092 2298; baseline 0.001 -17"><span class='ocrx_word' id='word_1_166' title='bbox 173 2233 217 2284; x_wconf 83' lang='lat'><strong>21.</strong></span> <span class='ocrx_word' id='word_1_167' title='bbox 234 2227 326 2281; x_wconf 86' lang='lat' dir='ltr'><strong>Othoni</strong></span> <span class='ocrx_word' id='word_1_168' title='bbox 347 2245 393 2298; x_wconf 89' lang='lat' dir='ltr'><strong>spe</strong></span> <span class='ocrx_word' id='word_1_169' title='bbox 409 2230 482 2296; x_wconf 91' lang='lat' dir='ltr'><strong>lapso</strong></span> <span class='ocrx_word' id='word_1_170' title='bbox 501 2230 635 2280; x_wconf 89' lang='lat' dir='ltr'><strong>consilium</strong></span> <span class='ocrx_word' id='word_1_171' title='bbox 655 2231 683 2280; x_wconf 91' lang='lat' dir='ltr'><strong>in</strong></span> <span class='ocrx_word' id='word_1_172' title='bbox 702 2231 817 2292; x_wconf 89' lang='lat' dir='ltr'><strong>turbido,</strong></span> <span class='ocrx_word' id='word_1_173' title='bbox 841 2233 883 2283; x_wconf 85' lang='lat'><strong>22.</strong></span> <span class='ocrx_word' id='word_1_174' title='bbox 909 2232 1092 2298; x_wconf 81' lang='lat' dir='ltr'><strong>instigantibus</strong></span> 
     </span>
     <span class='ocr_line' id='line_1_23' title="bbox 120 2297 1093 2365; baseline -0.005 -11"><span class='ocrx_word' id='word_1_175' title='bbox 120 2301 231 2360; x_wconf 87' lang='lat' dir='ltr'><strong>libertis,</strong></span> <span class='ocrx_word' id='word_1_176' title='bbox 253 2299 350 2360; x_wconf 82' lang='lat' dir='ltr'><strong>servis,</strong></span> <span class='ocrx_word' id='word_1_177' title='bbox 372 2298 571 2360; x_wconf 87' lang='lat' dir='ltr'><strong>mathematicis,</strong></span> <span class='ocrx_word' id='word_1_178' title='bbox 595 2297 637 2349; x_wconf 82' lang='lat'><strong>23.</strong></span> <span class='ocrx_word' id='word_1_179' title='bbox 656 2301 698 2349; x_wconf 80' lang='lat'><strong>24.</strong></span> <span class='ocrx_word' id='word_1_180' title='bbox 722 2301 818 2365; x_wconf 89' lang='lat' dir='ltr'><strong>paratis</strong></span> <span class='ocrx_word' id='word_1_181' title='bbox 836 2301 886 2350; x_wconf 91' lang='lat' dir='ltr'><strong>iam</strong></span> <span class='ocrx_word' id='word_1_182' title='bbox 909 2303 967 2350; x_wconf 86' lang='lat' dir='ltr'><strong>ante</strong></span> <span class='ocrx_word' id='word_1_183' title='bbox 984 2301 1093 2351; x_wconf 91' lang='lat' dir='ltr'><strong>militum</strong></span> 
     </span>
     <span class='ocr_line' id='line_1_24' title="bbox 119 2367 1092 2435; baseline -0.004 -13"><span class='ocrx_word' id='word_1_184' title='bbox 119 2369 214 2422; x_wconf 89' lang='lat' dir='ltr'><strong>studiis</strong></span> <span class='ocrx_word' id='word_1_185' title='bbox 227 2382 274 2434; x_wconf 90' lang='lat' dir='ltr'><strong>per</strong></span> <span class='ocrx_word' id='word_1_186' title='bbox 286 2367 422 2418; x_wconf 89' lang='lat' dir='ltr'><strong>blanditias</strong></span> <span class='ocrx_word' id='word_1_187' title='bbox 436 2375 461 2417; x_wconf 88' lang='lat' dir='ltr'><strong>et</strong></span> <span class='ocrx_word' id='word_1_188' title='bbox 475 2367 637 2434; x_wconf 89' lang='lat' dir='ltr'><strong>largitiones,</strong></span> <span class='ocrx_word' id='word_1_189' title='bbox 656 2369 779 2418; x_wconf 87' lang='lat' dir='ltr'><strong>oscitante</strong></span> <span class='ocrx_word' id='word_1_190' title='bbox 794 2369 827 2418; x_wconf 91' lang='lat' dir='ltr'><strong>ad</strong></span> <span class='ocrx_word' id='word_1_191' title='bbox 841 2369 868 2418; x_wconf 95' lang='lat' dir='ltr'><strong>id</strong></span> <span class='ocrx_word' id='word_1_192' title='bbox 882 2369 1020 2435; x_wconf 80' lang='lat' dir='ltr'><strong>praefecto.</strong></span> <span class='ocrx_word' id='word_1_193' title='bbox 1050 2369 1092 2418; x_wconf 81' lang='lat'><strong>25.</strong></span> 
     </span>
     <span class='ocr_line' id='line_1_25' title="bbox 119 2435 1092 2503; baseline -0.001 -17"><span class='ocrx_word' id='word_1_194' title='bbox 119 2440 164 2492; x_wconf 81' lang='lat'><strong>26.</strong></span> <span class='ocrx_word' id='word_1_195' title='bbox 180 2450 242 2503; x_wconf 86' lang='lat' dir='ltr'><strong>crgo</strong></span> <span class='ocrx_word' id='word_1_196' title='bbox 256 2437 307 2487; x_wconf 90' lang='lat' dir='ltr'><strong>lam</strong></span> <span class='ocrx_word' id='word_1_197' title='bbox 321 2437 437 2503; x_wconf 88' lang='lat' dir='ltr'><strong>legiones</strong></span> <span class='ocrx_word' id='word_1_198' title='bbox 454 2443 479 2485; x_wconf 91' lang='lat' dir='ltr'><strong>et</strong></span> <span class='ocrx_word' id='word_1_199' title='bbox 493 2435 590 2485; x_wconf 87' lang='lat' dir='ltr'><strong>auxilia</strong></span> <span class='ocrx_word' id='word_1_200' title='bbox 606 2449 653 2500; x_wconf 89' lang='lat' dir='ltr'><strong>pro</strong></span> <span class='ocrx_word' id='word_1_201' title='bbox 669 2435 776 2486; x_wconf 88' lang='lat' dir='ltr'><strong>Othone.</strong></span> <span class='ocrx_word' id='word_1_202' title='bbox 814 2439 855 2488; x_wconf 85' lang='lat'><strong>27.</strong></span> <span class='ocrx_word' id='word_1_203' title='bbox 874 2452 935 2488; x_wconf 86' lang='lat' dir='ltr'><strong>mox</strong></span> <span class='ocrx_word' id='word_1_204' title='bbox 950 2438 1092 2488; x_wconf 88' lang='lat' dir='ltr'><strong>consaluta-</strong></span> 
     </span>
     <span class='ocr_line' id='line_1_26' title="bbox 120 2503 831 2571; baseline -0.008 -11"><span class='ocrx_word' id='word_1_205' title='bbox 120 2517 162 2560; x_wconf 88' lang='lat' dir='ltr'><strong>tus</strong></span> <span class='ocrx_word' id='word_1_206' title='bbox 179 2506 325 2570; x_wconf 88' lang='lat' dir='ltr'><strong>imperator.</strong></span> <span class='ocrx_word' id='word_1_207' title='bbox 362 2503 405 2556; x_wconf 83' lang='lat'><strong>28.</strong></span> <span class='ocrx_word' id='word_1_208' title='bbox 424 2505 513 2555; x_wconf 88' lang='lat' dir='ltr'><strong>castris</strong></span> <span class='ocrx_word' id='word_1_209' title='bbox 528 2504 697 2571; x_wconf 86' lang='lat' dir='ltr'><strong>praetorianis</strong></span> <span class='ocrx_word' id='word_1_210' title='bbox 715 2503 831 2554; x_wconf 87' lang='lat' dir='ltr'><strong>inlertur.</strong></span> 
     </span>
    </p>

    <p class='ocr_par' dir='ltr' id='par_1_9' title="bbox 117 2571 1096 3464">
     <span class='ocr_line' id='line_1_27' title="bbox 173 2571 1092 2640; baseline -0.003 -15"><span class='ocrx_word' id='word_1_211' title='bbox 173 2573 217 2626; x_wconf 78' lang='lat'><strong>29.</strong></span> <span class='ocrx_word' id='word_1_212' title='bbox 235 2573 278 2626; x_wconf 90' lang='grc'><strong>30.</strong></span> <span class='ocrx_word' id='word_1_213' title='bbox 296 2573 356 2626; x_wconf 85' lang='lat' dir='ltr'><strong>Piso</strong></span> <span class='ocrx_word' id='word_1_214' title='bbox 372 2572 514 2634; x_wconf 88' lang='lat' dir='ltr'><strong>cohortem,</strong></span> <span class='ocrx_word' id='word_1_215' title='bbox 534 2573 640 2636; x_wconf 84' lang='lat' dir='ltr'><strong>quaein</strong></span> <span class='ocrx_word' id='word_1_216' title='bbox 656 2571 753 2624; x_wconf 89' lang='lat' dir='ltr'><strong>Palatio</strong></span> <span class='ocrx_word' id='word_1_217' title='bbox 768 2575 903 2624; x_wconf 88' lang='lat' dir='ltr'><strong>stationem</strong></span> <span class='ocrx_word' id='word_1_218' title='bbox 921 2573 988 2640; x_wconf 87' lang='lat' dir='ltr'><strong>agit,</strong></span> <span class='ocrx_word' id='word_1_219' title='bbox 1007 2572 1092 2624; x_wconf 89' lang='lat' dir='ltr'><strong>horta·</strong></span> 
     </span>
     <span class='ocr_line' id='line_1_28' title="bbox 119 2640 1091 2709; baseline -0.003 -14"><span class='ocrx_word' id='word_1_220' title='bbox 119 2654 161 2695; x_wconf 89' lang='lat' dir='ltr'><strong>tnr</strong></span> <span class='ocrx_word' id='word_1_221' title='bbox 176 2644 210 2694; x_wconf 85' lang='lat' dir='ltr'><strong>ad</strong></span> <span class='ocrx_word' id='word_1_222' title='bbox 227 2641 311 2692; x_wconf 84' lang='lat' dir='ltr'><strong>iidem.</strong></span> <span class='ocrx_word' id='word_1_223' title='bbox 348 2641 391 2694; x_wconf 90' lang='grc'><strong>31.</strong></span> <span class='ocrx_word' id='word_1_224' title='bbox 414 2640 457 2692; x_wconf 88' lang='lat' dir='ltr'><strong>illa</strong></span> <span class='ocrx_word' id='word_1_225' title='bbox 479 2641 548 2706; x_wconf 80' lang='lat' dir='ltr'><strong>rapit</strong></span> <span class='ocrx_word' id='word_1_226' title='bbox 570 2641 658 2707; x_wconf 93' lang='lat' dir='ltr'><strong>signa,</strong></span> <span class='ocrx_word' id='word_1_227' title='bbox 682 2640 787 2704; x_wconf 88' lang='lat' dir='ltr'><strong>reliquis</strong></span> <span class='ocrx_word' id='word_1_228' title='bbox 807 2641 888 2709; x_wconf 91' lang='lat' dir='ltr'><strong>copiis</strong></span> <span class='ocrx_word' id='word_1_229' title='bbox 907 2642 1091 2692; x_wconf 84' lang='lat' dir='ltr'><strong>deficientibus.</strong></span> 
     </span>
     <span class='ocr_line' id='line_1_29' title="bbox 119 2709 1092 2777; baseline -0.008 -11"><span class='ocrx_word' id='word_1_230' title='bbox 119 2713 164 2766; x_wconf 76' lang='lat'><strong>32.</strong></span> <span class='ocrx_word' id='word_1_231' title='bbox 181 2710 224 2763; x_wconf 84' lang='grc'><strong>33.</strong></span> <span class='ocrx_word' id='word_1_232' title='bbox 246 2709 329 2777; x_wconf 91' lang='lat' dir='ltr'><strong>plebis</strong></span> <span class='ocrx_word' id='word_1_233' title='bbox 348 2710 460 2760; x_wconf 87' lang='lat' dir='ltr'><strong>adulatio</strong></span> <span class='ocrx_word' id='word_1_234' title='bbox 485 2717 510 2759; x_wconf 90' lang='lat' dir='ltr'><strong>et</strong></span> <span class='ocrx_word' id='word_1_235' title='bbox 532 2709 630 2760; x_wconf 87' lang='lat' dir='ltr'><strong>levitas.</strong></span> <span class='ocrx_word' id='word_1_236' title='bbox 655 2710 758 2759; x_wconf 90' lang='lat' dir='ltr'><strong>llnctuat</strong></span> <span class='ocrx_word' id='word_1_237' title='bbox 776 2710 854 2761; x_wconf 85' lang='lat' dir='ltr'><strong>Galba</strong></span> <span class='ocrx_word' id='word_1_238' title='bbox 878 2725 935 2760; x_wconf 93' lang='lat' dir='ltr'><strong>cum</strong></span> <span class='ocrx_word' id='word_1_239' title='bbox 954 2710 1042 2761; x_wconf 88' lang='lat' dir='ltr'><strong>amicis</strong></span> <span class='ocrx_word' id='word_1_240' title='bbox 1059 2724 1092 2761; x_wconf 90' lang='lat' dir='ltr'><strong>an</strong></span> 
     </span>
     <span class='ocr_line' id='line_1_30' title="bbox 119 2777 1093 2844; baseline -0.006 -10"><span class='ocrx_word' id='word_1_241' title='bbox 119 2780 312 2834; x_wconf 85' lang='lat' dir='ltr'><strong>occurrendum.</strong></span> <span class='ocrx_word' id='word_1_242' title='bbox 348 2777 391 2830; x_wconf 87' lang='grc'><strong>34.</strong></span> <span class='ocrx_word' id='word_1_243' title='bbox 413 2778 584 2844; x_wconf 89' lang='lat' dir='ltr'><strong>praemittitur</strong></span> <span class='ocrx_word' id='word_1_244' title='bbox 603 2779 630 2827; x_wconf 88' lang='lat' dir='ltr'><strong>iu</strong></span> <span class='ocrx_word' id='word_1_245' title='bbox 651 2785 734 2828; x_wconf 88' lang='lat' dir='ltr'><strong>castra</strong></span> <span class='ocrx_word' id='word_1_246' title='bbox 756 2778 824 2830; x_wconf 90' lang='lat' dir='ltr'><strong>Piso.</strong></span> <span class='ocrx_word' id='word_1_247' title='bbox 852 2778 934 2830; x_wconf 79' lang='lat' dir='ltr'><strong>falsus</strong></span> <span class='ocrx_word' id='word_1_248' title='bbox 953 2779 985 2830; x_wconf 86' lang='lat' dir='ltr'><strong>dc</strong></span> <span class='ocrx_word' id='word_1_249' title='bbox 1009 2779 1093 2829; x_wconf 89' lang='lat' dir='ltr'><strong>occiso</strong></span> 
     </span>
     <span class='ocr_line' id='line_1_31' title="bbox 120 2845 1093 2912; baseline -0.006 -10"><span class='ocrx_word' id='word_1_250' title='bbox 120 2848 220 2902; x_wconf 86' lang='lat' dir='ltr'><strong>Othone</strong></span> <span class='ocrx_word' id='word_1_251' title='bbox 234 2860 329 2898; x_wconf 87' lang='lat' dir='ltr'><strong>rumor.</strong></span> <span class='ocrx_word' id='word_1_252' title='bbox 366 2847 409 2900; x_wconf 79' lang='grc'><strong>33.</strong></span> <span class='ocrx_word' id='word_1_253' title='bbox 428 2846 539 2912; x_wconf 89' lang='lat' dir='ltr'><strong>populus</strong></span> <span class='ocrx_word' id='word_1_254' title='bbox 552 2855 577 2896; x_wconf 91' lang='lat' dir='ltr'><strong>et</strong></span> <span class='ocrx_word' id='word_1_255' title='bbox 592 2853 696 2898; x_wconf 91' lang='lat' dir='ltr'><strong>senatus</strong></span> <span class='ocrx_word' id='word_1_256' title='bbox 714 2845 821 2908; x_wconf 85' lang='lat' dir='ltr'><strong>Galbae,</strong></span> <span class='ocrx_word' id='word_1_257' title='bbox 840 2845 883 2899; x_wconf 82' lang='grc'><strong>36.</strong></span> <span class='ocrx_word' id='word_1_258' title='bbox 902 2855 985 2898; x_wconf 88' lang='lat' dir='ltr'><strong>castra</strong></span> <span class='ocrx_word' id='word_1_259' title='bbox 1001 2845 1093 2898; x_wconf 88' lang='lat' dir='ltr'><strong>Othoni</strong></span> 
     </span>
     <span class='ocr_line' id='line_1_32' title="bbox 118 2913 1093 2978; baseline -0.007 -7"><span class='ocrx_word' id='word_1_260' title='bbox 118 2921 216 2971; x_wconf 83' lang='lat' dir='ltr'><strong>lavent.</strong></span> <span class='ocrx_word' id='word_1_261' title='bbox 252 2915 296 2968; x_wconf 85' lang='grc'><strong>37.</strong></span> <span class='ocrx_word' id='word_1_262' title='bbox 313 2913 356 2968; x_wconf 91' lang='grc'><strong>38.</strong></span> <span class='ocrx_word' id='word_1_263' title='bbox 373 2915 415 2966; x_wconf 92' lang='lat' dir='ltr'><strong>hic</strong></span> <span class='ocrx_word' id='word_1_264' title='bbox 426 2915 534 2966; x_wconf 89' lang='lat' dir='ltr'><strong>militum</strong></span> <span class='ocrx_word' id='word_1_265' title='bbox 548 2915 647 2966; x_wconf 89' lang='lat' dir='ltr'><strong>anhnos</strong></span> <span class='ocrx_word' id='word_1_266' title='bbox 663 2917 777 2967; x_wconf 86' lang='lat' dir='ltr'><strong>oratione</strong></span> <span class='ocrx_word' id='word_1_267' title='bbox 791 2916 839 2967; x_wconf 88' lang='lat' dir='ltr'><strong>sibi</strong></span> <span class='ocrx_word' id='word_1_268' title='bbox 853 2916 983 2978; x_wconf 88' lang='lat' dir='ltr'><strong>conciliat,</strong></span> <span class='ocrx_word' id='word_1_269' title='bbox 1000 2914 1093 2966; x_wconf 85' lang='lat' dir='ltr'><strong>Galbae</strong></span> 
     </span>
     <span class='ocr_line' id='line_1_33' title="bbox 118 2982 1093 3053; baseline -0.008 -13"><span class='ocrx_word' id='word_1_270' title='bbox 118 2997 144 3040; x_wconf 90' lang='lat' dir='ltr'><strong>et</strong></span> <span class='ocrx_word' id='word_1_271' title='bbox 160 2985 248 3036; x_wconf 88' lang='lat' dir='ltr'><strong>Pisoni</strong></span> <span class='ocrx_word' id='word_1_272' title='bbox 265 2983 350 3034; x_wconf 93' lang='lat' dir='ltr'><strong>reddit</strong></span> <span class='ocrx_word' id='word_1_273' title='bbox 363 2983 488 3035; x_wconf 80' lang='lat' dir='ltr'><strong>infensos.</strong></span> <span class='ocrx_word' id='word_1_274' title='bbox 508 2998 580 3034; x_wconf 88' lang='lat' dir='ltr'><strong>arma</strong></span> <span class='ocrx_word' id='word_1_275' title='bbox 595 2985 669 3035; x_wconf 86' lang='lat' dir='ltr'><strong>militi</strong></span> <span class='ocrx_word' id='word_1_276' title='bbox 685 2985 782 3036; x_wconf 87' lang='lat' dir='ltr'><strong>dividit.</strong></span> <span class='ocrx_word' id='word_1_277' title='bbox 818 2983 863 3039; x_wconf 84' lang='lat'><strong>39.</strong></span> <span class='ocrx_word' id='word_1_278' title='bbox 881 2987 961 3053; x_wconf 89' lang='lat' dir='ltr'><strong>agitat</strong></span> <span class='ocrx_word' id='word_1_279' title='bbox 977 2985 1044 3035; x_wconf 89' lang='lat' dir='ltr'><strong>Laco</strong></span> <span class='ocrx_word' id='word_1_280' title='bbox 1061 2982 1093 3033; x_wconf 91' lang='lat' dir='ltr'><strong>de</strong></span> 
     </span>
     <span class='ocr_line' id='line_1_34' title="bbox 118 3051 1093 3118; baseline -0.007 -10"><span class='ocrx_word' id='word_1_281' title='bbox 118 3055 198 3108; x_wconf 87' lang='lat' dir='ltr'><strong>caede</strong></span> <span class='ocrx_word' id='word_1_282' title='bbox 216 3053 294 3104; x_wconf 88' lang='lat' dir='ltr'><strong>lei.</strong></span> <span class='ocrx_word' id='word_1_283' title='bbox 331 3053 374 3104; x_wconf 87' lang='grc'><strong>40.</strong></span> <span class='ocrx_word' id='word_1_284' title='bbox 400 3051 479 3103; x_wconf 90' lang='lat' dir='ltr'><strong>Galba</strong></span> <span class='ocrx_word' id='word_1_285' title='bbox 501 3053 619 3115; x_wconf 86' lang='lat' dir='ltr'><strong>fluctuat,</strong></span> <span class='ocrx_word' id='word_1_286' title='bbox 642 3053 714 3118; x_wconf 84' lang='lat' dir='ltr'><strong>plebs</strong></span> <span class='ocrx_word' id='word_1_287' title='bbox 738 3060 818 3105; x_wconf 89' lang='lat' dir='ltr'><strong>nutat.</strong></span> <span class='ocrx_word' id='word_1_288' title='bbox 855 3053 991 3105; x_wconf 89' lang='lat' dir='ltr'><strong>Othoniani</strong></span> <span class='ocrx_word' id='word_1_289' title='bbox 1009 3052 1093 3102; x_wconf 89' lang='lat' dir='ltr'><strong>lorum</strong></span> 
     </span>
     <span class='ocr_line' id='line_1_35' title="bbox 117 3119 1093 3192; baseline -0.008 -14"><span class='ocrx_word' id='word_1_290' title='bbox 117 3129 271 3192; x_wconf 87' lang='lat' dir='ltr'><strong>irrumpunt.</strong></span> <span class='ocrx_word' id='word_1_291' title='bbox 308 3121 351 3174; x_wconf 87' lang='grc'><strong>41.</strong></span> <span class='ocrx_word' id='word_1_292' title='bbox 369 3119 448 3172; x_wconf 86' lang='lat' dir='ltr'><strong>Galba</strong></span> <span class='ocrx_word' id='word_1_293' title='bbox 462 3122 592 3184; x_wconf 82' lang='lat' dir='ltr'><strong>desertas,</strong></span> <span class='ocrx_word' id='word_1_294' title='bbox 608 3121 724 3183; x_wconf 87' lang='lat' dir='ltr'><strong>occisns;</strong></span> <span class='ocrx_word' id='word_1_295' title='bbox 752 3125 795 3173; x_wconf 81' lang='lat'><strong>42.</strong></span> <span class='ocrx_word' id='word_1_296' title='bbox 814 3123 853 3172; x_wconf 87' lang='lat' dir='ltr'><strong>sic</strong></span> <span class='ocrx_word' id='word_1_297' title='bbox 868 3132 893 3174; x_wconf 88' lang='lat' dir='ltr'><strong>et</strong></span> <span class='ocrx_word' id='word_1_298' title='bbox 911 3123 1012 3174; x_wconf 87' lang='lat' dir='ltr'><strong>Vinius.</strong></span> <span class='ocrx_word' id='word_1_299' title='bbox 1048 3119 1093 3171; x_wconf 86' lang='grc'><strong>43.</strong></span> 
     </span>
     <span class='ocr_line' id='line_1_36' title="bbox 119 3189 1091 3260; baseline -0.009 -14"><span class='ocrx_word' id='word_1_300' title='bbox 119 3192 266 3260; x_wconf 83' lang='lat' dir='ltr'><strong>Sempronii</strong></span> <span class='ocrx_word' id='word_1_301' title='bbox 279 3191 359 3244; x_wconf 85' lang='lat' dir='ltr'><strong>Densi</strong></span> <span class='ocrx_word' id='word_1_302' title='bbox 372 3189 445 3242; x_wconf 81' lang='lat' dir='ltr'><strong>tides.</strong></span> <span class='ocrx_word' id='word_1_303' title='bbox 473 3191 533 3240; x_wconf 90' lang='lat' dir='ltr'><strong>Piso</strong></span> <span class='ocrx_word' id='word_1_304' title='bbox 552 3205 657 3252; x_wconf 86' lang='lat' dir='ltr'><strong>caesus,</strong></span> <span class='ocrx_word' id='word_1_305' title='bbox 678 3191 721 3241; x_wconf 86' lang='grc'><strong>44.</strong></span> <span class='ocrx_word' id='word_1_306' title='bbox 744 3205 839 3258; x_wconf 86' lang='lat' dir='ltr'><strong>magna</strong></span> <span class='ocrx_word' id='word_1_307' title='bbox 860 3190 966 3242; x_wconf 85' lang='lat' dir='ltr'><strong>Othonis</strong></span> <span class='ocrx_word' id='word_1_308' title='bbox 987 3189 1091 3240; x_wconf 89' lang='lat' dir='ltr'><strong>laetitia.</strong></span> 
     </span>
     <span class='ocr_line' id='line_1_37' title="bbox 119 3257 1092 3327; baseline -0.008 -13"><span class='ocrx_word' id='word_1_309' title='bbox 119 3261 238 3314; x_wconf 87' lang='lat' dir='ltr'><strong>caedium</strong></span> <span class='ocrx_word' id='word_1_310' title='bbox 260 3261 374 3327; x_wconf 86' lang='lat' dir='ltr'><strong>praemia</strong></span> <span class='ocrx_word' id='word_1_311' title='bbox 393 3266 529 3326; x_wconf 88' lang='lat' dir='ltr'><strong>poscentes</strong></span> <span class='ocrx_word' id='word_1_312' title='bbox 549 3260 623 3310; x_wconf 83' lang='lat' dir='ltr'><strong>insen</strong></span> <span class='ocrx_word' id='word_1_313' title='bbox 644 3258 739 3310; x_wconf 89' lang='lat' dir='ltr'><strong>Vitellii</strong></span> <span class='ocrx_word' id='word_1_314' title='bbox 762 3265 852 3325; x_wconf 88' lang='lat' dir='ltr'><strong>postea</strong></span> <span class='ocrx_word' id='word_1_315' title='bbox 872 3257 1006 3310; x_wconf 87' lang='lat' dir='ltr'><strong>interiecti.</strong></span> <span class='ocrx_word' id='word_1_316' title='bbox 1048 3257 1092 3306; x_wconf 82' lang='grc'><strong>45.</strong></span> 
     </span>
     <span class='ocr_line' id='line_1_38' title="bbox 119 3323 1095 3395; baseline -0.008 -15"><span class='ocrx_word' id='word_1_317' title='bbox 119 3330 257 3381; x_wconf 87' lang='lat' dir='ltr'><strong>adulantur</strong></span> <span class='ocrx_word' id='word_1_318' title='bbox 270 3335 374 3394; x_wconf 81' lang='lat' dir='ltr'><strong>senatus</strong></span> <span class='ocrx_word' id='word_1_319' title='bbox 388 3335 413 3378; x_wconf 90' lang='lat' dir='ltr'><strong>et</strong></span> <span class='ocrx_word' id='word_1_320' title='bbox 426 3327 537 3395; x_wconf 88' lang='lat' dir='ltr'><strong>populns</strong></span> <span class='ocrx_word' id='word_1_321' title='bbox 551 3328 672 3377; x_wconf 85' lang='lat' dir='ltr'><strong>victorem</strong></span> <span class='ocrx_word' id='word_1_322' title='bbox 685 3325 822 3388; x_wconf 87' lang='lat' dir='ltr'><strong>Othonem,</strong></span> <span class='ocrx_word' id='word_1_323' title='bbox 838 3328 881 3391; x_wconf 89' lang='lat' dir='ltr'><strong>qni</strong></span> <span class='ocrx_word' id='word_1_324' title='bbox 892 3323 1031 3377; x_wconf 86' lang='lat' dir='ltr'><strong>coercendo</strong></span> <span class='ocrx_word' id='word_1_325' title='bbox 1045 3324 1095 3373; x_wconf 90' lang='lat' dir='ltr'><strong>mi·</strong></span> 
     </span>
     <span class='ocr_line' id='line_1_39' title="bbox 121 3391 1096 3464; baseline -0.011 -13"><span class='ocrx_word' id='word_1_326' title='bbox 121 3401 194 3452; x_wconf 87' lang='lat' dir='ltr'><strong>litum</strong></span> <span class='ocrx_word' id='word_1_327' title='bbox 211 3397 292 3447; x_wconf 83' lang='lat' dir='ltr'><strong>iurari</strong></span> <span class='ocrx_word' id='word_1_328' title='bbox 308 3397 398 3462; x_wconf 88' lang='lat' dir='ltr'><strong>impar.</strong></span> <span class='ocrx_word' id='word_1_329' title='bbox 434 3397 478 3448; x_wconf 85' lang='grc'><strong>43.</strong></span> <span class='ocrx_word' id='word_1_330' title='bbox 500 3394 690 3464; x_wconf 27' lang='grc' dir='ltr'><strong>Ιιίιναοαιίοηοι</strong></span> <span class='ocrx_word' id='word_1_331' title='bbox 711 3396 760 3446; x_wconf 90' lang='lat' dir='ltr'><strong>sibi</strong></span> <span class='ocrx_word' id='word_1_332' title='bbox 774 3394 868 3446; x_wconf 87' lang='lat' dir='ltr'><strong>remitti</strong></span> <span class='ocrx_word' id='word_1_333' title='bbox 891 3400 986 3460; x_wconf 83' lang='lat' dir='ltr'><strong>petunt.</strong></span> <span class='ocrx_word' id='word_1_334' title='bbox 1025 3391 1096 3442; x_wconf 87' lang='lat' dir='ltr'><strong>Laco</strong></span> 
     </span>
    </p>
   </div>
   <div class='ocr_carea' id='block_1_7' title="bbox 150 3463 954 3550">
    <p class='ocr_par' dir='ltr' id='par_1_10' title="bbox 150 3463 954 3550">
     <span class='ocr_line' id='line_1_40' title="bbox 150 3463 954 3550; baseline -0.006 -26"><span class='ocrx_word' id='word_1_335' title='bbox 150 3485 239 3526; x_wconf 76' lang='lat' dir='ltr'><strong>raam</strong></span> <span class='ocrx_word' id='word_1_336' title='bbox 255 3484 326 3524; x_wconf 81' lang='lat' dir='ltr'><strong>raas</strong></span> <span class='ocrx_word' id='word_1_337' title='bbox 344 3483 372 3521; x_wconf 89' lang='lat' dir='ltr'><strong>u.</strong></span> <span class='ocrx_word' id='word_1_338' title='bbox 867 3463 882 3519; x_wconf 91' lang='lat'>1</span> <span class='ocrx_word' id='word_1_339' title='bbox 945 3544 954 3550; x_wconf 16' lang='grc' dir='ltr'>Ὗ</span> 
     </span>
    </p>
   </div>
   <div class='ocr_carea' id='block_1_8' title="bbox 0 0 1278 3872">
    <p class='ocr_par' dir='ltr' id='par_1_11' title="bbox 0 0 1278 3872">
     <span class='ocr_line' id='line_1_41' title="bbox 0 0 1278 3872; baseline 0 1"><span class='ocrx_word' id='word_1_340' title='bbox 0 0 1278 3872; x_wconf 95' lang='lat' dir='ltr'><strong> </strong></span> 
     </span>
    </p>
   </div>
  </div>
 </body>
</html>
