2540 3874
433 215 539 264 crena
551 217 602 265 111.
617 217 692 267 666.
704 217 824 275 tta—67.
1083 215 1143 276 tor

21 340 32 432 ,Ι
137 369 285 444 adiectos,
304 369 369 448 qnia
386 371 535 450 proprium
551 374 614 434 eins
632 374 733 436 domus
750 364 945 439 sacerdotium
967 389 1064 457 esset,
1087 398 1141 459 pro

20 437 22 520 ζ
136 471 191 534 qna
209 462 277 514 rota
293 452 544 532 persolverentur.
1148 488 1172 530 n

199 539 249 599 65.
277 534 410 617 Exsequi
433 541 591 600 sententias
619 542 695 603 haud
718 545 825 606 institui
852 547 907 606 nisi
934 548 1062 624 insignes
1087 566 1141 627 per

19 601 21 645 ³
133 621 286 682 honestum
307 631 355 682 aut
379 621 502 684 notabili
526 623 694 704 dedecore,
721 628 797 706 qnod
826 631 1014 710 praecipuum
1040 649 1139 692 mnnus

133 705 276 766 annalium
290 723 376 783 reor,
393 725 429 766 66
446 708 568 768 61616166
583 709 739 789 sileantur,
763 721 853 792 utque
873 715 971 794 pravis
992 715 1076 775 dictis
1097 716 1139 776 la-

18 797 19 800 ’
132 792 246 868 ctisque
263 808 300 850 err
317 792 490 869 posteritate
506 801 536 853 ct
552 793 668 854 infamia
684 805 777 856 metus
789 798 836 857 sit.
865 807 994 858 ceterum
1006 807 1139 878 tempora
1170 821 1173 826 ·

132 874 182 936 illa
201 874 276 935 aden
292 874 400 936 inlecta
415 884 445 936 et
465 876 630 939 adulatione
654 879 771 941 sordida
795 880 897 959 luere,
921 891 952 942 nt
972 898 1029 943 non
1051 884 1161 944 modo⁵

132 961 277 1038 primores
294 960 429 1036 civitatis,
446 958 551 1040 quibus
566 961 709 1024 claritudo
724 981 777 1024 sua
793 964 944 1046 obsequiis
955 967 1154 1053 protegenda¹

13 1036 15 1102 ἶ
130 1052 205 1120 6661,
221 1041 275 1104 sed
290 1059 390 1103 omnes
406 1043 587 1123 consulares,
603 1064 792 1128 magnopere
808 1066 910 1110 eorum
932 1051 981 1130 qui
1001 1059 1138 1129 practura

129 1128 219 1188 iuncti
233 1127 373 1208 multique
390 1129 476 1189 etiam
490 1128 603 1208 pedarii
618 1139 772 1194 senatores
789 1134 921 1195 certatim
943 1143 1138 1212 exsurgerent

73 1275 79 1286 ‚
127 1211 276 1292 foedaque
297 1219 328 1272 et
347 1213 432 1273 nimia
456 1223 622 1277 censerent.
643 1217 812 1284 ‘memorias
833 1218 965 1296 proditur
978 1217 1135 1296 Tiberium,

129 1297 264 1376 quotiens
280 1296 359 1356 curia
380 1294 590 1376 egrederetur,
612 1297 733 1360 Graecis
752 1300 852 1361 verbis
876 1304 904 1362 in
924 1302 1000 1364 hunc
1020 1303 1136 1364 modum
1146 1313 1169 1354 1⁰

75 1449 80 1454 ,
129 1380 228 1459 eloqui
249 1379 366 1440 solitum
390 1382 427 1443 ‘o
442 1380 574 1442 homines
595 1382 631 1444 ad
653 1385 823 1444 servitutem
846 1385 1000 1464 paratos!’
1020 1386 1136 1448 scilicet

129 1467 214 1526 etiam
228 1465 324 1542 illum,
347 1466 396 1544 qni
419 1464 585 1527 libertatem
610 1465 755 1546 publicam
776 1467 884 1547 661161,
906 1479 963 1530 tam
984 1471 1135 1548 proiectae

127 1550 315 1610 servientium
329 1548 488 1629 patientiae
503 1549 651 1611 taedebat.
930 1591 933 1598 -

96 1648 100 1658 ·
190 1633 241 1696 66.
265 1633 406 1696 Paulatim
422 1633 527 1694 dehinc
542 1632 578 1712 ab
593 1633 741 1696 indecoris
758 1635 794 1696 ad
809 1636 915 1698 infesta
936 1638 1133 1715 transgredie-

125 1721 239 1780 bantur.
277 1716 310 1778 G.
344 1716 471 1778 Silanum
502 1718 698 1796 proconsule
726 1719 830 1796 66166,
861 1721 1085 1798 repetundarum
1118 1740 1135 1782 a

127 1803 216 1864 scolis
230 1801 421 1882 postulatum,
436 1800 599 1863 Mamercus
615 1803 743 1864 Scaurus
759 1821 776 1863 6
795 1802 1012 1881 consularibus,
1036 1803 1133 1866 lunius

127 1886 204 1949 Otho
226 1895 363 1967 praetor,
381 1885 545 1952 Bruttedius
559 1885 653 1965 Niger
674 1887 778 1950 aedilis
799 1886 884 1950 simul
907 1889 1067 1967 corripiunt
1081 1888 1133 1951 ob·

126 1975 292 2050 iactentque
309 1970 446 2031 uiolatum
461 1969 586 2050 Augusti
600 1989 715 2049 numen,
730 1980 857 2054 spretam
872 1970 1155 2038 ’1166611666166166

126 2067 195 2133 tem,
207 2054 372 2116 Mamercus
383 2055 498 2135 antiqua
511 2054 647 2134 exempla
657 2056 779 2133 iaciens,
791 2056 823 2118 t.
838 2054 953 2119 Guttam
965 2073 982 2118 u
992 2056 1131 2134 Scipione

127 2139 428 2216 Africano,‚Servium
442 2137 562 2199 Galbam
577 2156 593 2199 a
609 2136 722 2201 (latone
737 2142 891 2217 censorio,
911 2140 945 2204 P.
960 2138 1097 2200 Rutilium
1115 2158 1131 2200 a

124 2222 164 2286 11.
182 2225 295 2285 Scauro
313 2232 477 2284 accusatos.
509 2222 647 2284 videlicet
662 2224 763 2304 Scipio
782 2222 984 2286 61661616116
1005 2223 1130 2287 ulcisce-

124 2309 245 2386 bantur,
268 2305 387 2370 6611116
408 2307 552 2387 Scaurus,
576 2324 661 2388 quem
680 2326 820 2388 66666666
844 2326 926 2369 suum
941 2306 1129 2387 obprobrium

123 2394 266 2455 maiorum
279 2389 443 2454 Mamercus
463 2391 561 2452 infami
581 2408 674 2470 opera
688 2391 910 2455 dehonestabat.
941 2390 1022 2452 Iunio
1041 2389 1164 2454 Otho-rc

124 2479 153 2539 ni
173 2477 332 2540 literarium
358 2474 454 2536 ltrdnm¹
481 2493 628 2537 exercere
654 2485 738 2539 vetus
763 2495 811 2538 666
836 2477 906 2538 luit:
934 2491 1004 2537 mox
1032 2474 1130 2536 Seiani

124 2563 256 2642 potentia
271 2565 390 2621 senator
404 2560 529 2620 obscura
542 2560 622 2620 initia
639 2560 853 2640 impudentibus
865 2561 943 2622 ansis
957 2558 1128 2639 propollue·

123 2646 183 2707 bat.
208 2645 386 2707 Bruttedium
401 2644 511 2705 artibus
526 2643 658 2705 honestis
673 2647 825 2725 copiosum
840 2654 886 2720 et,
905 2645 931 2704 si
946 2653 1059 2704 rectum
1073 2644 1130 2704 iter

123 2739 280 2811 pergeret,
305 2729 341 2789 ad
357 2726 515 2790 clarissima
530 2746 664 2809 quaeque
687 2729 790 2790 iturum
809 2729 956 2790 festinatio
978 2727 1128 2789 extimula-

122 2815 189 2892 bat,
206 2815 271 2877 dum
285 2813 433 2894 aequalis,
448 2811 517 2873 dein
531 2815 717 2892 superiores,
740 2821 891 2893 postremo
914 2821 1042 2875 suasmet
1063 2813 1127 2893 ipse
1138 2833 1161 2874 rs

122 2917 194 2978 spes
218 2901 312 2958 antire
339 2905 438 2977 parat:
458 2897 536 2976 qnod
550 2897 657 2958 multos
676 2899 761 2960 etiam
781 2897 875 2959 bonos
899 2915 1016 2977 pessum
1039 2895 1128 2973 dedit,

123 2985 173 3063 qni
189 2985 296 3062 spretis
312 2999 387 3062 quac
405 2982 486 3043 tarda
508 2999 571 3040 cnm
592 2983 767 3060 securitate,
790 2989 973 3061 praematura
992 2980 1042 3042 rel
1063 2998 1128 3041 cnm

123 3067 214 3128 exitio
233 3075 400 3146 properant.

185 3152 236 3214 67.
258 3148 378 3210 Auxere
399 3166 547 3210 numerum
571 3156 773 3210 accusatorum
792 3147 904 3210 Gellius
924 3147 1076 3211 Publicola
1098 3156 1128 3207 61

121 3235 162 3296 bl.
178 3234 337 3312 Paconius,
356 3234 406 3294 1116
422 3242 561 3312 quaestor
575 3233 683 3309 Silani,
705 3231 753 3292 bic
772 3231 896 3311 legatus.
932 3249 989 3291 666
1011 3229 1127 3290 dubium
1232 3252 1236 3261 ·

122 3318 285 3380 habebatur
307 3318 447 3378 saevitiae
467 3325 674 3396 captarumque
699 3317 887 3394 pecuniamm
911 3313 1005 3373 teneri
1029 3329 1126 3371 reum:
1240 3385 1241 3392 ἵ

122 3402 178 3464 sed
197 3402 285 3462 multa
312 3401 527 3480 adgerebantur
554 3401 639 3460 etiam
663 3396 824 3459 insontibus
851 3395 1035 3476 periculosa,
1063 3411 1127 3452 curn
1240 3399 1241 3402 ’

123 3504 214 3566 66666
229 3495 271 3548 161
293 3494 445 3546 senatores
466 3484 607 3546 adversos
628 3481 841 3545 facundissimis
860 3478 949 3538 totins
965 3476 1056 3536 66166
1076 3492 1150 3538 eos
1240 3535 1241 3542 ,
