2546 3872
181 98 219 159 16
393 106 558 156 oonnnnrr
574 99 949 154 racrurursuonrnnuu

181 281 237 344 qne
252 261 363 322 inlaesa
378 261 414 323 ad
429 259 505 320 bunc
520 260 595 320 diem
609 259 723 320 mansit.
752 267 781 318 et
793 257 873 318 Nero
889 275 1008 337 quoque
1022 277 1078 319 vos
1092 259 1178 322 desti·

180 337 247 424 truit,
271 362 329 405 non
347 363 403 406 vos
417 343 573 404 Neronem.
603 343 695 403 miuus
716 343 831 419 triginta
849 343 1019 418 transfugae
1036 353 1065 403 et
1081 344 1179 406 descr-

179 441 275 508 tores,
304 445 378 508 quos
399 429 595 488 centurionem
618 435 666 486 aut
690 425 831 485 tribunum
852 423 907 485 sibi
930 425 1074 502 eligentes
1095 445 1179 489 nemo

163 516 281 590 ¹ferret,
296 513 446 592 imperium
459 507 669 588 adsignabuntl
683 509 829 570 admittitis
840 508 1027 587 exemplam?
1050 519 1081 570 et
1099 513 1181 590 quie-

144 597 290 663 soscendo
309 613 460 657 commune
475 595 583 655 crimen
599 591 714 654 facitis?
734 592 901 653 trascendet
917 592 992 653 lraec
1012 594 1131 655 licentia
1153 596 1180 654 in
1252 607 1253 640 t

178 681 409 825 tttttttt
425 675 1182 841 :llt:tltlttlltltllttlttlt?tta

178 847 380 910 innocentibus
392 847 489 922 datur,
511 845 563 906 sed
583 845 708 924 proinde
723 861 738 903 a
753 842 838 903 uobis
852 843 1018 916 donativum
1041 845 1079 904 oh
1096 845 1181 908 iidem

175 930 263 1011 'quam
278 931 314 992 ab
330 932 395 992 aliis
409 945 463 1009 pro
480 929 610 989 incinere
625 927 801 1008 accipietis!

242 1014 293 1078 31.
316 1015 444 1092 Dilapsis
467 1010 704 1091 speculatoribus
717 1021 816 1072 cetera
830 1011 937 1073 cohors
952 1030 1010 1072 non
1027 1023 1181 1092 aspernata

180 1101 409 1172 contionantem,
431 1105 462 1156 ut
476 1094 597 1156 turbidis
611 1093 700 1154 rebus
716 1097 828 1170 evenit,
852 1095 929 1156 forte
948 1097 1042 1173 magis
1057 1105 1088 1156 et
1102 1097 1181 1158 nullo

180 1181 273 1243 adbuc
303 1177 431 1239 consilio
464 1178 540 1252 rapit
575 1177 675 1254 sigua,
710 1175 787 1253 quod
824 1183 928 1254 postea
956 1177 1099 1237 creditum
1127 1189 1180 1256 est,

178 1266 289 1329 insidiis
309 1275 338 1326 et
358 1264 548 1326 simulatione.
580 1263 685 1323 missus
704 1271 733 1322 ct
757 1261 860 1323 Celsus
880 1260 987 1322 llarius
1010 1260 1045 1322 ad
1068 1263 1176 1326 electos

158 1350 288 1427 slllvrici
303 1351 462 1425 exercitus,
480 1341 620 1426 Vipsania
635 1348 664 1406 in
675 1347 790 1426 porticu
806 1345 976 1416 tendentem
993 1357 1178 1427 praeceptum

178 1434 294 1496 Amulio
302 1429 423 1494 'Sereno
446 1441 477 1492 et
489 1431 614 1491 Domitio
629 1430 737 1491 Sabino
756 1429 998 1509 primipilaribus,
1020 1437 1050 1490 ot
1066 1429 1179 1493 Germa·

178 1522 261 1578 nicos
276 1517 383 1578 milites
398 1534 415 1577 e
428 1515 582 1577 libertatis
597 1515 670 1575 atrio
685 1523 881 1576 arcesserent.
911 1513 1020 1590 legioni
1037 1514 1181 1576 classicae

179 1601 379 1677 diilldebatnr,
402 1598 528 1660 infestae
544 1598 583 1658 ob
600 1598 721 1658 caedem
738 1597 977 1674 commilitonum,
999 1615 1073 1676 quos
1089 1601 1182 1678 primo

178 1685 273 1746 statim
289 1685 407 1744 introitu
429 1682 623 1742 trucidaverat
643 1679 744 1743 Galba.
777 1691 903 1761 pergunt
925 1683 1012 1742 etiam
1036 1683 1065 1742 in
1087 1692 1183 1743 castra

144 1787 169 1829 ro
178 1769 427 1848 praetorianorum
453 1763 559 1825 tribuni
585 1762 701 1826 Cetrius
730 1766 877 1843 Severus,
911 1764 1031 1826 Subrius
1057 1765 1183 1842 Dexter,

178 1850 333 1928 Pompeius
352 1847 516 1925 Longinus,
548 1849 573 1906 si
602 1849 743 1927 incipiens
775 1849 869 1910 adbuc
891 1859 921 1909 et
941 1849 1063 1914 necdum
1086 1850 1184 1912 adulta

178 1933 282 1994 seditio
303 1931 473 1992 melioribus
491 1931 621 1992 consiliis
638 1931 817 1993 flecteretur.
854 1932 1032 1995 tribunorum
1048 1933 1185 1995 Subrium

179 2027 208 2078 et
226 2015 353 2078 Cetrium
371 2014 464 2078 adorti
479 2015 586 2098 milites
602 2015 701 2093 minis,
717 2015 877 2094 Longinum
893 2016 1025 2078 manibus
1041 2027 1186 2078 coercent

178 2108 401 2179 exarmantque,
418 2100 484 2179 quia
499 2116 557 2160 non
569 2099 671 2161 ordine
687 2100 824 2177 militiae,
841 2101 895 2162 sed
911 2108 932 2160 e'
943 2101 1055 2172 Galbae
1071 2102 1184 2178 amicis,

93 2180 95 2186 ’
145 2201 169 2243 m
179 2184 252 2244 lidus
274 2184 398 2262 principi
419 2200 472 2243 suo
494 2193 524 2244 et
551 2182 782 2244 desciscentibus
811 2187 979 2263 suspectior
999 2195 1076 2254 erat:
1104 2186 1185 2262 legio

179 2267 303 2327 classica
326 2266 395 2327 nibil
414 2275 545 2328 cunctata
559 2267 752 2347 praetorianis
768 2267 947 2346 adiungitur3
971 2268 1082 2343 lllyrici
1097 2285 1185 2330 exer·

179 2351 251 2410 citus
269 2349 357 2410 electi
375 2348 492 2410 Celsum
515 2351 628 2410 iniectis
649 2351 716 2429 pilis
734 2351 915 2430 proturbant.
947 2351 1120 2414 Germanica
1135 2370 1186 2412 ve·

177 2432 247 2493 xilla
262 2432 309 2492 diu
324 2442 475 2509 notavere,
492 2434 625 2494 invalidis
640 2433 734 2495 adbuc
750 2435 924 2514 corporibus
940 2445 970 2496 ct
984 2435 1110 2514 placatis
1124 2439 1185 2497 aui·

157 2584 159 2587 ⁸
177 2518 247 2591 mis,
265 2516 343 2594 quod
359 2533 413 2576 cos
430 2516 578 2577 alberone
591 2517 799 2579 Alexandriam
814 2519 993 2597 praemissos
1008 2527 1097 2598 atque
1117 2519 1187 2580 inde

141 2621 167 2661 co
176 2615 318 2739 pevepsos
334 2599 422 2676 longa
437 2601 624 2676 navigatione
641 2618 749 2678 aegros
764 2603 937 2680 inpensiore
954 2621 1023 2663 cura
1036 2601 1129 2663 Galba
1138 2622 1187 2665 re·

190 2695 246 2739 ove
267 2687 305 2742 at.

239 2761 289 2822 32.
308 2763 451 2825 Universa
473 2767 530 2825 iam
551 2765 637 2844 plebs
652 2766 790 2830 Palatium
806 2766 952 2848 inplebat,
975 2768 1074 2830 mixtis
1089 2772 1187 2830 servi-

63 2867 65 2870 ·
176 2846 223 2906 tiis
239 2855 269 2906 et
284 2845 403 2908 dissono
419 2846 546 2909 clamore
564 2849 684 2911 caedem
699 2849 820 2912 Othonis
835 2861 865 2911 et
888 2853 1104 2916 coniuratorum
1121 2855 1187 2914 exi·

177 2931 245 2990 tium
260 2932 458 3008 poscentium,
477 2942 507 2993 ut
521 2935 547 2994 si
565 2933 594 2992 in
608 2935 689 2995 circo
711 2943 760 2997 aut
773 2936 888 3014 theatro
906 2935 1047 2996 ludicrum
1063 2937 1187 3016 aliquod

177 3013 375 3091 postularent:
398 3033 493 3094 neque
515 3016 573 3078 illis
593 3017 726 3080 iudicium
741 3026 789 3080 aut
803 3021 927 3097 veritas,
948 3021 1058 3100 quippe
1077 3021 1186 3082 eodem

156 3094 225 3156 sdic
250 3096 365 3160 diversa
389 3101 452 3178 pari
476 3101 632 3161 certamine
657 3103 863 3181 postulaturis,
890 3103 943 3164 sed
969 3103 1074 3165 tradito
1098 3122 1187 3166 more

176 3196 385 3324 qupimcunqueb
400 3183 561 3262 principem
583 3184 716 3246 adulandi
742 3186 860 3247 licentia
887 3185 1129 3249 adclamationum
1154 3196 1186 3248 et

176 3270 221 3322 stu
242 3263 276 3321 iis
290 3265 366 3324 inani
388 3282 433 3325 us.

241 3344 356 3405 iuterim
372 3346 491 3409 Galbam
507 3350 580 3412 duae
594 3353 756 3414 sententiaa
772 3353 963 3416 distinebant:
982 3355 1063 3416 Titus
1077 3331 1186 3414 Vinius
