2536 3870
178 91 237 154 154
399 99 564 148 connum
578 95 948 146 nnorunmsuonrunou

140 263 365 332 „accusatores
385 254 468 330 dato,
494 253 567 333 petit
582 270 599 311 a
617 249 746 313 Caesare
760 250 856 311 lunius
871 250 1027 326 llaurions,
1046 257 1077 309 nt
1100 267 1193 310 conr·
1242 261 1243 316 ;

175 340 378 402 mortariorum
401 336 601 417 principalium
625 344 799 415 potestatem
825 336 936 396 senatui
958 333 1092 412 iaceret,
1128 352 1193 414 per

177 442 250 505 qnos
270 430 409 484 nosceret
429 438 513 500 quem
529 422 651 498 quisque
669 418 861 480 accusandum
876 417 1075 497 poposcisset.
1110 432 1192 478 con·
1242 439 1243 480 ι

177 506 325 569 solendum
339 505 390 566 tali
405 523 494 584 snper
512 521 544 563 re
561 505 722 583 prinoipem
736 502 897 581 respondit.
1242 499 1243 590 l

237 592 288 652 41.
311 592 435 651 Senatus
456 586 656 649 inchoantibus
677 585 851 666 primoribus
871 587 915 645 ius
937 585 1083 646 iurandum
1111 603 1192 646 oon·
1242 591 1243 662 l

177 676 271 755 cepit,
289 691 347 751 quo
366 673 497 733 certatim
513 687 613 732 omnes
628 672 829 748 magistratus,
850 672 941 729 ceteri
960 678 990 728 nt
1006 671 1192 730 sententiam
1242 663 1243 726 3

175 757 362 837 rogabantur,
375 757 448 816 deos
462 765 560 827 testes,
567 753 759 829 advocabant,
777 753 847 813 nihil
863 771 919 832 ope
935 770 986 812 sua
1000 752 1111 812 iactum
1123 771 1192 832 quo

176 845 343 919 cuiusquam
360 842 438 900 salus
453 838 629 916 laederetur,
646 855 741 917 neque
757 855 790 896 sc
806 838 963 915 praemium
975 845 1022 896 aut
1037 835 1191 897 bonorem

148 945 214 994 sex
231 925 393 985 calamitate
410 923 514 983 oinium
533 924 660 1001 cepisse,
679 920 799 998 trepidis
815 930 844 980 et
861 919 950 980 verba
976 920 1044 980 iuris
1066 919 1191 981 iurandi

176 1009 342 1088 pervarias
362 1016 440 1066 artes
461 1004 651 1081 mutantibus,
675 1006 739 1084 quis
761 1003 861 1081 tiagitii
879 1004 1059 1062 conscientia
1074 1004 1188 1065 inerat.

176 1090 338 1170 probabant
358 1089 532 1166 religionem
552 1098 666 1167 patres,
697 1089 852 1168 periurium
866 1087 1050 1164 .arguebant;
1086 1105 1188 1168 eaque

175 1175 256 1234 velut
271 1190 394 1233 censura
408 1175 437 1233 iu
451 1170 633 1232 Sariolenum
648 1171 791 1233 Voculam
807 1181 835 1231 et
849 1170 973 1231 Nonium
984 1168 1137 1232 Attianum
1155 1179 1187 1230 et

177 1257 303 1318 Cestium
326 1257 467 1316 Severum
486 1258 629 1316 acerrIme
643 1256 785 1331 incubuit,
810 1253 922 1314 crebris
942 1253 1019 1332 apud
1031 1254 1178 1315 Neronem

142 1338 371 1405 rodelationibns
391 1341 530 1401 lamosos.
567 1340 748 1400 Sariolenum
768 1346 797 1398 et
818 1356 925 1399 recens
947 1338 1056 1398 crimen
1074 1357 1179 1416 urgue-

176 1426 240 1503 bat,
263 1423 341 1504 quod
356 1424 431 1503 apud
452 1422 601 1484 Vitellium
622 1424 737 1482 molitus
763 1422 865 1482 eadem
879 1421 973 1482 ioret:
999 1438 1054 1481 nec
1070 1421 1185 1481 destitit

177 1516 293 1569 senatus
306 1525 406 1566 manus
418 1509 560 1567 intentare
574 1506 723 1582 Voculae,
738 1505 833 1566 donec
849 1507 927 1565 curia
948 1504 1120 1565 excederet.
1149 1503 1185 1564 ad

176 1593 311 1652 Paccium
326 1588 494 1650 Africanum
508 1591 685 1666 transgressi
701 1608 765 1649 eum
781 1606 897 1668 quoque
912 1588 1093 1667 proturbant,
1110 1597 1186 1648 tam·

177 1693 261 1755 quam
276 1674 388 1734 Neroni
402 1672 575 1733 Scribonios
586 1674 691 1733 iratres
706 1672 862 1733 concordia
874 1671 1037 1750 opibusque
1050 1673 1186 1748 insignes

142 1758 213 1818 asad
228 1760 344 1816 exitium
370 1758 601 1817 monstravisset.
638 1755 793 1816 Africanus
819 1773 915 1833 neque
942 1756 1027 1816 interi
1056 1754 1186 1817 audebat

177 1857 272 1918 neque
288 1839 416 1898 abnuere
435 1848 564 1916 poterat:
582 1842 611 1899 in
626 1839 741 1900 Vibium
756 1838 900 1916 Crispum,
917 1839 997 1898 cuius
1017 1841 1185 1916 interroga·

177 1923 303 1982 tionibus
324 1921 515 1998 fatigabatur,
536 1922 612 1981 ultro
631 1940 806 1998 conversus,
827 1922 976 1982 miscendo
990 1940 1065 2001 quae
1080 1921 1183 1982 delen·

178 2007 248 2067 dere
263 2005 410 2084 nequibat,
427 2006 568 2066 societate
585 2006 689 2085 cnlpae
706 2006 838 2066 invidiam
854 2004 1020 2066 declinavit.

238 2089 289 2149 42.
311 2089 445 2164 Magnam
465 2107 500 2148 eo
523 2088 570 2148 die
596 2092 710 2168 pietatis
732 2089 975 2168 eloquentiaeque
989 2089 1093 2149 lamam
1108 2091 1182 2167 Vip-

178 2184 277 2234 stanus
291 2172 428 2232 Messalla
445 2172 568 2250 adeptus
584 2183 645 2249 est,
662 2174 786 2233 nondum
804 2175 1076 2249 senatoriaaetate,
1094 2191 1183 2232 ansus

178 2274 231 2336 pro
243 2255 460 2333 iratrchuilio
477 2257 594 2333 Regulo
610 2257 773 2334 deprecari,
788 2257 933 2333 Regulum
945 2256 1086 2316 subversa
1094 2255 1181 2316 Gras-

179 2357 276 2401 sorum
298 2349 327 2401 et
351 2339 432 2399 Orfiti
455 2338 557 2399 domus
577 2343 606 2399 in
627 2358 764 2401 summum
780 2341 875 2400 odium
896 2339 1054 2400 extulerat:
1074 2349 1181 2418 sponte

152 2421 1179 2502 sCaesarisaeousationemsubisseiuvenisadmodum,necdepellendi

178 2505 301 2584 periculi
323 2503 423 2565 sedin
447 2523 529 2584 spem
545 2507 692 2583 potentiae
708 2505 872 2574 uidebatur;
895 2515 924 2565 et
938 2505 1067 2584 Sulpicia
1091 2506 1178 2567 Prae·

177 2597 288 2648 textata
303 2587 402 2649 Crassi
417 2606 492 2649 uxor
508 2598 698 2668 quattuorque
713 2589 814 2662 liberi,
833 2591 856 2648 si
881 2598 1079 2665 cognosceret
1096 2608 1178 2650 sena·

179 2681 234 2747 tus,
251 2672 364 2733 ultores
380 2671 507 2732 aderant.
524 2673 611 2750 igitur
624 2671 762 2732 Messalla
773 2689 829 2732 non
852 2689 967 2731 causam
988 2690 1083 2751 neque
1097 2691 1176 2733 reum

178 2754 262 2832 tueri,
278 2756 331 2816 sed
347 2755 487 2834 periculis
502 2756 599 2816 fratris
615 2766 707 2815 semet
722 2773 875 2836 opponens
892 2756 1014 2816 ilexerat
1028 2755 1175 2834 quosdam.

144 2857 169 2898 ro
180 2841 308 2900 occurrit
325 2841 397 2899 truci
414 2841 545 2901 oratione
561 2838 675 2899 Curtius
689 2839 855 2914 Montanus,
873 2857 909 2900 eo
930 2857 1022 2918 usque
1040 2857 1175 2918 progres-

180 2941 245 2999 sus,
256 2933 292 2984 *ut
308 2932 375 3002 post
393 2923 513 2983 caedem
529 2923 637 2985 Galbae
652 2924 745 2992 datam
761 2923 940 2984 interfectori
960 2921 1074 2982 Pisonis
1089 2943 1174 3002 pecu·

179 3007 254 3067 niam
271 3025 287 3068 a
302 3007 418 3084 Regulo
435 3007 650 3086 adpetitumque
668 3025 765 3068 morsu
780 3006 893 3067 Pisonis
906 3015 991 3085 caput
1006 3007 1173 3068 oblectaret.

89 3089 90 3092 ’
179 3090 249 3151 ‘hoc'
265 3095 357 3151 certe’
374 3093 465 3170 inquit
481 3092 574 3152 ‘Nero
589 3109 647 3151 non
662 3092 767 3168 coegit,
784 3107 840 3150 nec
854 3090 1023 3168 dignitatem
1040 3100 1088 3150 ant
1102 3090 1173 3151 salu·

179 3183 236 3233 tem
252 3174 301 3234 illa
316 3176 436 3236 saeuitia
452 3175 609 3236 redemisti.
640 3193 710 3234 sane
725 3175 883 3234 toleremus
897 3175 1017 3235 istorum
1032 3173 1175 3236 defensio-

144 3271 252 3332 unes,
273 3261 323 3335 qui
344 3258 469 3337 perdere
491 3259 565 3318 alios
587 3276 671 3336 quana
692 3258 850 3336 periclitari
871 3259 926 3336 ipsi
942 3257 1116 3319 maluerunt:
1144 3269 1174 3320 te

179 3355 311 3398 securum
325 3340 484 3419 reliquerat
499 3340 567 3401 exul
581 3350 704 3419 pateret
720 3341 811 3402 divisa
822 3343 898 3402 inter
910 3340 1072 3402 creditores
1086 3341 1172 3424 bona,
