2596 3872
164 185 227 248 270
435 195 600 244 cucusum
622 196 743 244 uncum
762 187 946 246 nuusmuu

165 362 260 415 aetate
272 353 308 414 ad
323 351 430 414 bellum
444 369 541 429 versa,
556 349 620 412 dum
632 360 748 412 nostros
760 361 937 413 commeatus
947 351 1001 412 sibi
1013 351 1165 415 destinent.

132 458 155 498 rc
167 447 329 516 gentesque
350 436 541 515 praeferoces
561 435 669 498 tardius
690 435 725 496 ad
752 453 854 515 pacem
878 435 1069 515 inclinabant,
1099 437 1166 516 quia

164 522 253 584 lulius
267 521 462 582 classicianus
477 536 635 580 successor
649 517 721 580 (lato
737 521 842 583 missus
853 531 882 582 et
897 521 1036 583 Suetonio
1053 521 1167 584 discors

165 607 272 667 bonum
286 605 431 686 publicum
447 603 567 684 privatis
583 603 771 666 simultatibus
787 605 964 685 impediebat
976 604 1166 684 disperserat·

165 710 223 772 que
237 708 341 752 novum
358 689 486 768 legatum
500 688 709 768 opperiendum
725 707 810 766 esse,
831 691 893 750 sinc
907 689 1004 767 hostili
1019 691 1061 750 ira
1076 697 1106 750 et
1121 709 1164 750 su·

165 775 266 856 perbia
282 775 402 835 victoris
419 773 577 834 clementer
589 771 692 834 deditis
705 772 909 834 consulturum.
925 773 1007 833 simul
1019 775 1048 832 in
1066 773 1168 835 urbem

131 859 326 937 umandabat,
344 857 450 918 nullum
465 856 646 958 proeliorum
662 858 746 918 linem
762 866 977 958 exspectarent,
993 857 1048 918 uisi
1063 876 1165 920 succc-

163 945 281 1005 deretur
297 942 448 1020 Suetonio,
467 943 547 1002 cuius
562 941 684 1002 aduersa
700 943 858 1020 pravitati
849 943 950 1022 ipsios,
969 959 1113 1022 prospera
1129 942 1167 1003 ad

162 1029 304 1089 fortunam
318 1024 474 1086 referebat.

225 1111 275 1174 39.
304 1109 396 1188 igitur
417 1107 453 1170 ad
476 1109 664 1189 spectandum
678 1109 843 1171 Britanniae
866 1119 969 1172 statum
992 1111 1096 1171 missus
1121 1120 1167 1172 est

163 1194 306 1258 elibertis
329 1192 504 1272 Polyclitus,
531 1211 635 1272 magna
655 1193 782 1255 Neronis
804 1213 858 1274 spe
878 1213 967 1274 posse
991 1195 1166 1257 auctoritate

163 1281 225 1341 eius
247 1296 305 1339 non
327 1277 414 1340 modo
436 1278 512 1340 inter
532 1278 658 1356 legatmn
679 1288 957 1359 procuratoremque
980 1277 1166 1344 concordiam

162 1365 254 1444 gigni,
271 1363 324 1424 sed
340 1372 369 1424 at
384 1361 514 1424 rebelles
530 1360 686 1424 barbarum
732 1365 843 1425 animos
860 1381 934 1443 pace
950 1365 1087 1442 conponi.
1109 1381 1166 1423 uec

137 1449 253 1510 cdeluit
267 1447 426 1523 Polyclitus
441 1465 499 1527 quo
516 1446 608 1507 minus
622 1447 732 1527 ingenti
748 1448 863 1528 agmine
877 1446 978 1509 ltaliae
995 1441 1166 1526 Galliaeque

162 1536 277 1612 gravis,
302 1541 455 1612 postquam
479 1530 626 1593 Oceanum
648 1535 860 1612 transmiserat,
890 1530 1026 1594 militibus
1048 1546 1166 1610 quoque

161 1619 268 1679 nostris
290 1615 428 1677 terribilis
449 1615 607 1678 incederet.
641 1615 694 1678 sed
715 1616 884 1678 hostibus
874 1617 974 1677 inrisui
994 1615 1062 1694 iuit,
1088 1615 1164 1695 opud

163 1720 238 1783 quos
252 1701 394 1778 flagrante
409 1701 493 1762 etiam
509 1709 567 1762 tum
584 1699 718 1762 libertate
739 1699 863 1762 nondum
879 1701 996 1779 cognita
1017 1699 1165 1771 libertino·

162 1803 223 1846 rum
240 1785 370 1863 potentia
388 1792 467 1854 crat;
483 1783 717 1863 mirabanturque
732 1784 811 1864 quod
823 1783 881 1846 dux
893 1793 923 1845 et
936 1784 1082 1845 exercitus
1095 1783 1167 1844 tanti

128 1868 233 1932 robelli
249 1867 401 1928 conlector
416 1868 543 1928 servitiis
558 1867 739 1928 oboedirent.
768 1878 869 1930 cuncta
884 1878 978 1931 tamen
993 1867 1029 1930 od
1043 1868 1165 1948 impera·

161 1963 256 2013 torem
276 1952 304 2011 in
324 1949 440 2011 mollius
455 1949 562 2018 relato:
582 1949 894 2033 detentusquearebus
902 1951 1040 2031 gerundis
1062 1951 1165 2012 Sueto·

161 2034 328 2114 nius,quod
341 2042 562 2114 postsapcucas
584 2053 675 2096 naves
697 2037 725 2096 in
743 2036 830 2098 litore
851 2037 1060 2116 remigiumque
1081 2037 1109 2096 in
1130 2037 1166 2095 iis

161 2121 307 2196 amiserat,
321 2127 465 2198 tamquam
478 2117 597 2181 durante
614 2119 705 2196 bello,
724 2121 841 2182 tradere
856 2123 1016 2182 exercitum
1028 2120 1165 2181 Petronio

162 2203 340 2285 Turpiliano,
359 2203 408 2283 qui
422 2204 477 2264 iam
493 2203 643 2265 consulatu
659 2203 779 2284 abierut,
796 2203 919 2266 iubetur.
944 2206 969 2268 is
982 2222 1040 2264 ιιοιι
1051 2204 1166 2265 inritato

128 2311 151 2352 15
161 2289 246 2351 boste
266 2305 361 2368 neque
383 2286 537 2348 lacessitus
552 2288 704 2349 honestum
722 2291 803 2369 pacis
819 2306 923 2350 nomen
938 2289 1023 2366 segni
1040 2289 1099 2350 otio
1115 2289 1168 2346 lm-

182 2375 266 2435 osuit.

160 2393 180 2454 p
223 2459 275 2520 40.
295 2456 407 2518 Eodem
428 2474 503 2518 anno
522 2456 632 2518 llomae
649 2457 773 2537 insignia
794 2456 927 2534 scelera,
943 2457 1064 2518 ultemm
1082 2473 1165 2516 sena-

160 2542 243 2618 toris,
262 2540 361 2602 seruili
377 2540 498 2602 alterum
512 2539 643 2619 audacia,
659 2541 782 2603 admissa
798 2551 872 2603 sunt.
901 2541 1043 2606 Domitius
1059 2539 1168 2602 balbus

161 2633 224 2687 erat
241 2625 421 2705 praetorius,
445 2624 528 2687 simul
549 2624 638 2704 longa
658 2635 794 2704 senecta,
816 2625 899 2686 simul
922 2624 1046 2686 orbitate
1066 2633 1094 2685 et
1116 2643 1165 2703 pe·

130 2731 132 2734 ·
162 2711 244 2772 cunia
273 2709 384 2770 insidiis
411 2709 565 2770 obnoxius.
605 2711 632 2771 ei
656 2711 834 2790 propinquus
852 2710 987 2772 Valerius
1009 2709 1166 2784 Fabianus,

137 2793 350 2895 ccapessendis
371 2792 532 2854 bonoribus
553 2792 728 2870 destinatus,
753 2791 885 2856 subdidit
901 2794 1100 2854 testamentum
1119 2791 1164 2853 ad·

160 2880 241 2938 scitis
257 2878 371 2939 Vinicio
389 2877 494 2939 liulino
517 2886 546 2937 ct
560 2876 699 2939 Terentio
715 2877 836 2940 Lentino
859 2877 1002 2978 equitibus
1016 2878 1165 2939 Romanis

160 2960 202 3022 illi
220 2961 375 3022 Antonium
391 2961 515 3022 Primum
531 2971 560 3022 ct
574 2961 704 3022 Asinium
715 2962 884 3024 Marcellum
896 2962 1088 3025 sociaverant.
1106 2957 1166 3022 A'n·

160 3047 258 3106 tonius
276 3045 396 3107 audacia
413 3055 578 3125 promptus,
601 3047 757 3108 Marcellus
779 3047 881 3107 Asinio
903 3045 1036 3134 Pollione
1052 3061 1166 3124 proauo

161 3130 257 3192 clarus
278 3149 374 3210 neque
395 3148 505 3191 morum
525 3132 705 3209 spernendus
724 3130 899 3207 habebatur,
918 3126 972 3190 ni'si
994 3128 1072 3209 quod
1093 3147 1165 3209 pau·

127 3231 150 3272 ro
161 3223 303 3293 pertatem
318 3215 505 3295 praecipuum
526 3214 666 3276 mulorum
681 3213 829 3278 credebat.
862 3215 948 3292 igitur
964 3213 1108 3276 Fabianus
1123 3220 1164 3274 ta-

36 3370 38 3374 ,
161 3297 243 3358 bulas
268 3299 385 3361 adscitis
407 3315 481 3379 quos
502 3299 658 3361 memorari
682 3309 710 3358 ct
732 3299 796 3360 aliis
820 3299 912 3360 minus
929 3297 1095 3360 inlustribus
1113 3297 1163 3358 ob·

163 3381 266 3456 signat.
297 3383 373 3464 quod
389 3381 467 3463 apud
482 3393 580 3462 patres
597 3384 774 3462 convictum,
796 3393 825 3445 et
845 3383 988 3446 Fabianus
1008 3381 1163 3443 Antonius-

164 3479 220 3536 que
237 3483 298 3524 oum
318 3469 422 3528 liulino
444 3477 473 3528 et
487 3467 623 3529 'Ferentio
646 3468 713 3546 lege
729 3467 865 3530 Cornelio
886 3467 1060 3529 dormiantur.
1088 3465 1161 3530 tlar-
