2568 3870
167 143 227 204 titt
387 153 553 204 conatuum
567 154 686 202 nac1n1
700 151 940 202 msuoamuuu

167 307 275 408 (tallias
294 317 323 368 et
345 310 492 370 exercitus
515 318 545 369 et
566 306 735 370 Germaniae
757 317 862 385 gentes
876 323 1042 384 novumque
1057 305 1166 366 bellum

167 401 280 536 malti.
307 473 450 553 Digresso
466 475 591 536 Valente
612 474 759 554 trepidos,
781 476 829 554 qui
843 427 1001 535 Ariminum
1017 472 1168 549 tenebant,

167 558 321 620 Cornelius
332 558 456 638 Fuscus,
468 559 586 620 admoto
597 560 728 619 exercitu
740 567 770 619 et
781 559 877 618 missis
890 575 943 638 per
956 558 1089 638 proxima
1100 556 1167 617 lito·

166 662 227 703 rum
239 643 416 720 liburnicis,
432 652 509 704 terra
523 644 652 721 marique
667 644 869 703 circumvenit:
885 650 1064 721 occupantur
1079 639 1169 718 plana

166 727 303 789 Umbriae
319 736 349 787 et
361 745 417 805 qna
429 727 552 788 Picenus
564 745 636 805 ager
647 725 752 786 Hadria
764 725 898 786 adluitur.
921 726 1073 804 omnisque
1083 723 1169 784 ltalia

146 811 240 870 sister
251 811 463 888 Vespasianum
478 828 514 870 ac
525 809 672 871 Vitellium
683 808 866 889 Appenninis
881 810 957 886 iugis
972 807 1167 869 dividebatur.
1269 807 1271 814 ’

166 893 273 955 Fabius
290 894 401 954 Valens
422 912 439 953 e
460 896 524 954 sinu
546 894 651 955 Pisano
675 893 800 970 segnitia
819 895 906 954 maris
928 901 976 954 aut
991 888 1169 952 adversante

165 985 254 1038 rento
271 986 386 1058 portum
397 977 532 1038 llerculis
543 977 680 1038 blonoeci
695 976 861 1056 depellitur.
890 975 965 1036 baud
980 975 1084 1056 procul
1099 974 1168 1035 inde

166 1061 274 1140 agebat
291 1061 398 1122 ilarius
414 1061 543 1122 blatnrns
552 1061 669 1140 Alpium
680 1063 884 1121 maritimarum
896 1068 1081 1139 procurator,
1094 1057 1168 1119 lidus

167 1146 306 1223 Vitellio,
325 1147 406 1206 cuius
422 1153 632 1206 sacramentum
648 1146 760 1205 cunctis
776 1146 855 1206 circa
871 1142 1027 1204 bostilibns
1042 1141 1169 1203 nondum

134 1238 298 1292 toexuerat.
330 1230 354 1290 is
368 1229 523 1292 Valentem
539 1231 661 1290 comiter
675 1237 849 1309 exceptum,
865 1247 902 1288 ue
917 1226 1039 1289 Galliam
1053 1226 1167 1288 Narbo-

167 1331 286 1376 nensem
300 1322 410 1373 temere
425 1313 645 1391 ingrederetur,
660 1312 804 1374 mouendo
820 1315 935 1381 terruit;
952 1311 1036 1372 simul
1053 1320 1168 1374 cetero·

166 1417 229 1460 rum
243 1397 317 1458 lidos
334 1406 411 1458 metu
426 1399 558 1459 iniracta.

229 1483 281 1546 43.
302 1481 435 1562 Namque
458 1483 659 1543 circumiectas
680 1481 813 1541 ciuitates
835 1488 1009 1560 procurator
1030 1480 1168 1542 Valerius

167 1565 313 1644 Paulinus,
329 1577 464 1626 strennus
478 1565 597 1626 militiae
613 1575 644 1625 et
658 1566 843 1644 Vespasiano
858 1573 925 1625 ante
939 1565 1083 1626 iortnuam
1099 1565 1166 1625 ami·

169 1669 238 1726 cus,
261 1652 291 1711 in
310 1649 401 1709 verba
423 1650 486 1708 eius
502 1649 656 1726 adegerat3
681 1649 862 1728 concitisque
880 1647 1028 1726 omnibns,
1050 1649 1100 1727 qui
1117 1667 1168 1709 ex-

147 1734 309 1794 sauctorati
326 1731 478 1793 aVitellio
496 1731 605 1792 bellum
620 1742 726 1811 sponte
744 1731 911 1808 sumebant,
933 1729 1168 1794 Foroiuliensem

170 1817 330 1890 coloniam,
358 1815 482 1875 claustra
505 1818 611 1892 maris,
637 1816 783 1894 praesidio
806 1816 958 1895 tuebatur,
986 1835 1021 1877 eo
1047 1819 1168 1894 gravior

169 1909 284 1974 auctor,
306 1897 383 1978 quod
398 1898 517 1959 Paulino
534 1901 626 1980 patria
641 1900 747 1961 Forum
761 1899 816 1963 luli
834 1909 863 1960 et
879 1900 974 1962 bonos
992 1898 1068 1981 apud
1082 1919 1167 1980 prae·

168 1984 316 2058 toriauos,
339 2000 460 2062 qnorum
484 1983 627 2062 qnondam
648 1984 778 2045 tribunus
794 1985 905 2063 fuerat,
927 1987 1042 2066 ipsique
1060 1987 1167 2064 pagani

168 2067 269 2128 favore
287 2066 453 2147 municipali
475 2076 505 2128 et
526 2069 639 2130 futurae
655 2071 803 2147 potentiae
819 2087 874 2147 spe
887 2069 988 2130 iuvare
1004 2077 1103 2148 partes
1117 2067 1166 2129 ad·

135 2169 159 2210 ιο
168 2151 339 2212 nitebantur.
366 2169 440 2230 quae
456 2161 487 2212 ut
502 2160 603 2231 paratu
620 2153 700 2212 firma
716 2159 841 2217 etaucta
851 2170 969 2213 rumore
980 2152 1056 2231 apud
1068 2153 1168 2212 varios

167 2234 389 2297 Vitellianorum
403 2237 514 2296 animos
532 2235 739 2312 increbruere,
757 2235 865 2296 Fabius
877 2235 987 2298 Valens
1004 2255 1068 2297 cum
1086 2235 1166 2316 quat·
1268 2301 1269 2306 .

166 2330 233 2380 tuor
255 2319 488 2396 speculatoribus
510 2328 539 2378 et
556 2318 647 2379 tribus
667 2320 782 2398 amicis,
804 2319 923 2381 totidem
941 2320 1167 2397 centurionibus,

168 2402 203 2464 ad
218 2421 309 2464 naves
323 2403 504 2480 regreditnr;
520 2402 632 2463 llaturo
648 2404 814 2484 ceterisque
829 2422 982 2466 remanere
998 2414 1026 2466 et
1037 2407 1065 2464 in
1076 2404 1168 2465 verba

168 2487 344 2565 Vespasiani
359 2486 437 2564 adigi
451 2486 618 2549 volentibus
631 2487 694 2548 init.
726 2497 854 2548 ceterum
869 2497 899 2548 ut
912 2506 993 2549 marc
1008 2491 1094 2550 tutius
1109 2486 1167 2550 Va·

134 2590 158 2632 rs
168 2571 238 2632 lenti
255 2587 339 2650 quam
354 2569 441 2631 litora
455 2580 503 2631 aut
517 2571 617 2648 urbes,
633 2573 672 2632 ita
689 2573 776 2632 intnri
788 2572 939 2650 ambiguus
954 2583 983 2633 et
994 2573 1087 2650 magis
1099 2572 1169 2651 qnid

167 2657 273 2715 vitaret
287 2672 372 2732 quam
388 2656 433 2715 cui
448 2654 552 2715 lideret
568 2664 684 2735 certus,
699 2654 823 2716 adversa
837 2665 1012 2736 tempestate
1025 2655 1167 2717 Stoecha·

168 2737 220 2797 das
231 2737 454 2798 Massiliensium
469 2738 578 2798 insulas
593 2737 732 2800 defertur.
758 2739 798 2799 ibi
813 2759 878 2801 enm
894 2743 1001 2802 missae
1016 2759 1033 2800 a
1047 2739 1166 2802 Paulino

166 2821 337 2882 Liburnicae
356 2840 545 2901 oppressere.
959 2865 961 2868 -

230 2905 282 2966 44.
311 2902 406 2983 Capto
432 2906 558 2967 Valente
584 2917 686 2968 cuncta
709 2907 746 2968 ad
770 2910 892 2969 victoris
915 2926 990 2989 opes
1013 2925 1164 2984 conversa,

167 2991 248 3051 initio
270 3007 324 3070 per
343 2989 510 3069 Hispaniam
531 3010 548 3052 a
568 2993 659 3071 prima
674 2992 825 3053 Adiutrice
845 2992 965 3069 legione
980 3001 1068 3070 orto,
1092 3008 1166 3069 quae

167 3076 304 3136 memoria
340 3074 462 3135 0tbouis
498 3075 612 3136 infensa
642 3075 763 3136 Vitellio
797 3076 947 3138 decumam
981 3092 1098 3155 quoque
1130 3092 1169 3134 ac

167 3169 280 3220 sextam
305 3161 402 3219 traxit.
449 3178 503 3220 nec
533 3159 645 3222 Galliae
672 3160 890 3221 cunctabantur.
936 3169 966 3220 at
992 3159 1168 3219 Britanniam

147 3253 252 3303 aratus
270 3261 342 3320 erga
357 3245 570 3322 Vespasianum
592 3243 692 3320 lavor,
713 3245 791 3322 quod
811 3244 872 3304 illic
892 3244 1038 3304 secundae
1055 3241 1168 3320 legioni

169 3342 186 3384 a
204 3324 325 3387 Claudio
342 3329 528 3407 praepositus
544 3336 574 3388 et
589 3327 669 3387 bello
686 3328 782 3389 clarus
799 3338 916 3406 egerat,
936 3344 995 3388 uon
1009 3329 1071 3388 sine
1086 3334 1168 3386 motu
1264 3325 1265 3394 j

169 3406 297 3468 adiunxit
317 3418 496 3488 ceterarum,
521 3413 550 3470 in
571 3411 675 3491 quibus
696 3412 830 3492 plerique
852 3414 1038 3473 centuriones
1059 3428 1095 3472 ac
1114 3410 1167 3470 ml·
