<?xml version="1.0" encoding="UTF-8"?>
<!DOCTYPE html PUBLIC "-//W3C//DTD XHTML 1.0 Transitional//EN"
    "http://www.w3.org/TR/xhtml1/DTD/xhtml1-transitional.dtd">
<html xmlns="http://www.w3.org/1999/xhtml" xml:lang="en" lang="en">
 <head>
  <title>
</title>
<meta http-equiv="Content-Type" content="text/html;charset=utf-8" />
  <meta name='ocr-system' content='tesseract 3.04.00' />
  <meta name='ocr-capabilities' content='ocr_page ocr_carea ocr_par ocr_line ocrx_word'/>
</head>
<body>
  <div class='ocr_page' id='page_1' title='image "./libriquisupersu02tacigoog/libriquisupersu02tacigoog_0670.png"; bbox 0 0 2536 3870; ppageno 0'>
   <div class='ocr_carea' id='block_1_1' title="bbox 456 94 1070 161">
    <p class='ocr_par' dir='ltr' id='par_1_1' title="bbox 456 94 1070 161">
     <span class='ocr_line' id='line_1_1' title="bbox 456 94 1070 161; baseline 0 -7"><span class='ocrx_word' id='word_1_1' title='bbox 456 103 532 154; x_wconf 79' lang='lat' dir='ltr'><strong>GAP.</strong></span> <span class='ocrx_word' id='word_1_2' title='bbox 550 101 685 156; x_wconf 63' lang='lat' dir='ltr'><strong>22-*28s</strong></span> <span class='ocrx_word' id='word_1_3' title='bbox 1010 94 1070 161; x_wconf 72' lang='lat' dir='ltr'><strong>22b</strong></span> 
     </span>
    </p>
   </div>
   <div class='ocr_carea' id='block_1_2' title="bbox 75 256 1161 592">
    <p class='ocr_par' dir='ltr' id='par_1_2' title="bbox 75 256 1161 592">
     <span class='ocr_line' id='line_1_2' title="bbox 75 256 1108 335; baseline -0.006 -11"><span class='ocrx_word' id='word_1_4' title='bbox 75 273 169 324; x_wconf 87' lang='lat' dir='ltr'><strong>etcum</strong></span> <span class='ocrx_word' id='word_1_5' title='bbox 185 259 324 335; x_wconf 80' lang='lat' dir='ltr'><strong>adversa,</strong></span> <span class='ocrx_word' id='word_1_6' title='bbox 339 257 406 318; x_wconf 90' lang='lat' dir='ltr'><strong>binc</strong></span> <span class='ocrx_word' id='word_1_7' title='bbox 420 264 499 318; x_wconf 85' lang='lat' dir='ltr'><strong>terra</strong></span> <span class='ocrx_word' id='word_1_8' title='bbox 516 265 545 317; x_wconf 90' lang='lat' dir='ltr'><strong>et</strong></span> <span class='ocrx_word' id='word_1_9' title='bbox 559 256 668 334; x_wconf 85' lang='lat' dir='ltr'><strong>bostis,</strong></span> <span class='ocrx_word' id='word_1_10' title='bbox 684 257 751 318; x_wconf 87' lang='lat' dir='ltr'><strong>binc</strong></span> <span class='ocrx_word' id='word_1_11' title='bbox 767 257 860 318; x_wconf 75' lang='lat' dir='ltr'><strong>victus</strong></span> <span class='ocrx_word' id='word_1_12' title='bbox 876 257 1007 320; x_wconf 86' lang='lat' dir='ltr'><strong>Oceanus</strong></span> <span class='ocrx_word' id='word_1_13' title='bbox 1022 261 1069 320; x_wconf 91' lang='lat' dir='ltr'><strong>mi·</strong></span> <span class='ocrx_word' id='word_1_14' title='bbox 1082 277 1108 318; x_wconf 84' lang='lat' dir='ltr'><strong>m</strong></span> 
     </span>
     <span class='ocr_line' id='line_1_3' title="bbox 75 339 1070 420; baseline -0.002 -14"><span class='ocrx_word' id='word_1_15' title='bbox 75 347 150 406; x_wconf 88' lang='lat' dir='ltr'><strong>litari</strong></span> <span class='ocrx_word' id='word_1_16' title='bbox 173 343 306 404; x_wconf 81' lang='lat' dir='ltr'><strong>iaetamia</strong></span> <span class='ocrx_word' id='word_1_17' title='bbox 324 349 569 420; x_wconf 68' lang='lat' dir='ltr'><strong>compararentur.</strong></span> <span class='ocrx_word' id='word_1_18' title='bbox 600 339 753 402; x_wconf 73' lang='lat' dir='ltr'><strong>Britannos</strong></span> <span class='ocrx_word' id='word_1_19' title='bbox 771 359 901 420; x_wconf 88' lang='lat' dir='ltr'><strong>quoque,</strong></span> <span class='ocrx_word' id='word_1_20' title='bbox 925 352 956 402; x_wconf 89' lang='lat' dir='ltr'><strong>ut</strong></span> <span class='ocrx_word' id='word_1_21' title='bbox 972 360 1010 403; x_wconf 84' lang='lat' dir='ltr'><strong>ex</strong></span> <span class='ocrx_word' id='word_1_22' title='bbox 1025 361 1070 404; x_wconf 89' lang='lat' dir='ltr'><strong>ea·</strong></span> 
     </span>
     <span class='ocr_line' id='line_1_4' title="bbox 75 422 1073 508; baseline -0.001 -20"><span class='ocrx_word' id='word_1_23' title='bbox 75 430 162 508; x_wconf 86' lang='lat' dir='ltr'><strong>ptivis</strong></span> <span class='ocrx_word' id='word_1_24' title='bbox 189 425 373 502; x_wconf 79' lang='lat' dir='ltr'><strong>audiebatur,</strong></span> <span class='ocrx_word' id='word_1_25' title='bbox 407 425 471 484; x_wconf 81' lang='lat' dir='ltr'><strong>risa</strong></span> <span class='ocrx_word' id='word_1_26' title='bbox 499 422 603 486; x_wconf 87' lang='lat' dir='ltr'><strong>classis</strong></span> <span class='ocrx_word' id='word_1_27' title='bbox 627 423 898 502; x_wconf 80' lang='lat' dir='ltr'><strong>obstupefacieltat,</strong></span> <span class='ocrx_word' id='word_1_28' title='bbox 931 435 1073 504; x_wconf 80' lang='lat' dir='ltr'><strong>tamquam</strong></span> 
     </span>
     <span class='ocr_line' id='line_1_5' title="bbox 75 506 1161 592; baseline -0.004 -19"><span class='ocrx_word' id='word_1_29' title='bbox 75 520 177 592; x_wconf 89' lang='lat' dir='ltr'><strong>aperto</strong></span> <span class='ocrx_word' id='word_1_30' title='bbox 199 511 284 570; x_wconf 84' lang='lat' dir='ltr'><strong>mauis</strong></span> <span class='ocrx_word' id='word_1_31' title='bbox 301 509 344 570; x_wconf 92' lang='lat' dir='ltr'><strong>sui</strong></span> <span class='ocrx_word' id='word_1_32' title='bbox 359 517 479 571; x_wconf 89' lang='lat' dir='ltr'><strong>secreto</strong></span> <span class='ocrx_word' id='word_1_33' title='bbox 500 506 626 568; x_wconf 88' lang='lat' dir='ltr'><strong>ultimum</strong></span> <span class='ocrx_word' id='word_1_34' title='bbox 640 509 726 568; x_wconf 81' lang='lat' dir='ltr'><strong>victis</strong></span> <span class='ocrx_word' id='word_1_35' title='bbox 742 509 906 588; x_wconf 75' lang='lat' dir='ltr'>perfugium</span> <span class='ocrx_word' id='word_1_36' title='bbox 925 508 1071 570; x_wconf 90' lang='lat' dir='ltr'><strong>claudere·</strong></span> <span class='ocrx_word' id='word_1_37' title='bbox 1159 537 1161 540; x_wconf 95' lang='lat'>·</span> 
     </span>
    </p>
   </div>
   <div class='ocr_carea' id='block_1_3' title="bbox 67 589 1199 3490">
    <p class='ocr_par' dir='ltr' id='par_1_3' title="bbox 71 589 1199 1256">
     <span class='ocr_line' id='line_1_6' title="bbox 74 589 1072 671; baseline -0.004 -15"><span class='ocrx_word' id='word_1_38' title='bbox 74 606 129 656; x_wconf 88' lang='lat' dir='ltr'><strong>tur.</strong></span> <span class='ocrx_word' id='word_1_39' title='bbox 157 596 193 656; x_wconf 93' lang='lat' dir='ltr'><strong>ad</strong></span> <span class='ocrx_word' id='word_1_40' title='bbox 208 611 307 654; x_wconf 86' lang='lat' dir='ltr'><strong>manus</strong></span> <span class='ocrx_word' id='word_1_41' title='bbox 325 601 354 653; x_wconf 86' lang='lat' dir='ltr'><strong>et</strong></span> <span class='ocrx_word' id='word_1_42' title='bbox 374 609 451 653; x_wconf 91' lang='lat' dir='ltr'><strong>arma</strong></span> <span class='ocrx_word' id='word_1_43' title='bbox 472 593 607 652; x_wconf 78' lang='lat' dir='ltr'><strong>conuersi</strong></span> <span class='ocrx_word' id='word_1_44' title='bbox 630 589 816 652; x_wconf 76' lang='lat' dir='ltr'><strong>Caledoniam</strong></span> <span class='ocrx_word' id='word_1_45' title='bbox 836 591 999 652; x_wconf 87' lang='lat' dir='ltr'><strong>incolentes</strong></span> <span class='ocrx_word' id='word_1_46' title='bbox 1020 609 1072 671; x_wconf 94' lang='lat' dir='ltr'><strong>po-</strong></span> 
     </span>
     <span class='ocr_line' id='line_1_7' title="bbox 73 674 1094 760; baseline -0.008 -21"><span class='ocrx_word' id='word_1_47' title='bbox 73 679 148 760; x_wconf 90' lang='lat' dir='ltr'><strong>puli,</strong></span> <span class='ocrx_word' id='word_1_48' title='bbox 166 687 266 758; x_wconf 80' lang='lat' dir='ltr'><strong>paratu</strong></span> <span class='ocrx_word' id='word_1_49' title='bbox 280 694 395 752; x_wconf 83' lang='lat' dir='ltr'><strong>magno,</strong></span> <span class='ocrx_word' id='word_1_50' title='bbox 412 677 523 736; x_wconf 89' lang='lat' dir='ltr'><strong>maiore</strong></span> <span class='ocrx_word' id='word_1_51' title='bbox 537 674 624 752; x_wconf 89' lang='lat' dir='ltr'><strong>fama,</strong></span> <span class='ocrx_word' id='word_1_52' title='bbox 642 676 681 734; x_wconf 88' lang='lat' dir='ltr'><strong>uti</strong></span> <span class='ocrx_word' id='word_1_53' title='bbox 695 693 758 736; x_wconf 92' lang='lat' dir='ltr'><strong>mos</strong></span> <span class='ocrx_word' id='word_1_54' title='bbox 774 682 818 734; x_wconf 88' lang='lat' dir='ltr'><strong>est</strong></span> <span class='ocrx_word' id='word_1_55' title='bbox 830 674 871 735; x_wconf 87' lang='lat' dir='ltr'><strong>de</strong></span> <span class='ocrx_word' id='word_1_56' title='bbox 886 676 1003 753; x_wconf 84' lang='lat' dir='ltr'><strong>ignotis,</strong></span> <span class='ocrx_word' id='word_1_57' title='bbox 1019 689 1094 755; x_wconf 84' lang='lat' dir='ltr'><strong>op·1</strong></span> 
     </span>
     <span class='ocr_line' id='line_1_8' title="bbox 72 755 1199 843; baseline -0.002 -21"><span class='ocrx_word' id='word_1_58' title='bbox 72 779 203 843; x_wconf 83' lang='lat' dir='ltr'><strong>pugnare</strong></span> <span class='ocrx_word' id='word_1_59' title='bbox 229 763 305 822; x_wconf 90' lang='lat' dir='ltr'><strong>ultro</strong></span> <span class='ocrx_word' id='word_1_60' title='bbox 330 755 453 818; x_wconf 87' lang='lat' dir='ltr'><strong>castella</strong></span> <span class='ocrx_word' id='word_1_61' title='bbox 472 755 583 833; x_wconf 89' lang='lat' dir='ltr'><strong>adorti,</strong></span> <span class='ocrx_word' id='word_1_62' title='bbox 610 768 716 817; x_wconf 90' lang='lat' dir='ltr'><strong>metum</strong></span> <span class='ocrx_word' id='word_1_63' title='bbox 736 767 766 817; x_wconf 91' lang='lat' dir='ltr'><strong>ut</strong></span> <span class='ocrx_word' id='word_1_64' title='bbox 782 768 979 838; x_wconf 86' lang='lat' dir='ltr'><strong>provocantes</strong></span> <span class='ocrx_word' id='word_1_65' title='bbox 995 759 1072 821; x_wconf 89' lang='lat' dir='ltr'><strong>addi·</strong></span> <span class='ocrx_word' id='word_1_66' title='bbox 1194 765 1199 772; x_wconf 85' lang='lat'>&#39;</span> 
     </span>
     <span class='ocr_line' id='line_1_9' title="bbox 72 841 1072 920; baseline -0.006 -12"><span class='ocrx_word' id='word_1_67' title='bbox 72 848 187 916; x_wconf 87' lang='lat' dir='ltr'><strong>deraut;</strong></span> <span class='ocrx_word' id='word_1_68' title='bbox 219 841 499 920; x_wconf 80' lang='lat' dir='ltr'><strong>regrediendumque</strong></span> <span class='ocrx_word' id='word_1_69' title='bbox 531 841 601 901; x_wconf 88' lang='lat' dir='ltr'><strong>eitra</strong></span> <span class='ocrx_word' id='word_1_70' title='bbox 629 841 794 902; x_wconf 88' lang='lat' dir='ltr'><strong>Bodotriam</strong></span> <span class='ocrx_word' id='word_1_71' title='bbox 821 851 850 902; x_wconf 87' lang='lat' dir='ltr'><strong>et</strong></span> <span class='ocrx_word' id='word_1_72' title='bbox 875 843 1072 904; x_wconf 84' lang='lat' dir='ltr'><strong>excedendum</strong></span> 
     </span>
     <span class='ocr_line' id='line_1_10' title="bbox 72 924 1071 1009; baseline -0.004 -19"><span class='ocrx_word' id='word_1_73' title='bbox 72 931 170 1009; x_wconf 91' lang='lat' dir='ltr'><strong>potins</strong></span> <span class='ocrx_word' id='word_1_74' title='bbox 191 943 275 1005; x_wconf 92' lang='lat' dir='ltr'><strong>quam</strong></span> <span class='ocrx_word' id='word_1_75' title='bbox 291 924 470 1003; x_wconf 83' lang='lat' dir='ltr'><strong>pellerentur</strong></span> <span class='ocrx_word' id='word_1_76' title='bbox 492 925 588 1001; x_wconf 81' lang='lat' dir='ltr'><strong>ignavi</strong></span> <span class='ocrx_word' id='word_1_77' title='bbox 610 927 711 1004; x_wconf 90' lang='lat' dir='ltr'><strong>specie</strong></span> <span class='ocrx_word' id='word_1_78' title='bbox 736 924 915 1003; x_wconf 91' lang='lat' dir='ltr'><strong>prudentium</strong></span> <span class='ocrx_word' id='word_1_79' title='bbox 936 927 1071 988; x_wconf 90' lang='lat' dir='ltr'><strong>admone·</strong></span> 
     </span>
     <span class='ocr_line' id='line_1_11' title="bbox 71 1009 1154 1089; baseline -0.002 -17"><span class='ocrx_word' id='word_1_80' title='bbox 71 1014 156 1089; x_wconf 91' lang='lat' dir='ltr'><strong>bant,</strong></span> <span class='ocrx_word' id='word_1_81' title='bbox 179 1027 243 1071; x_wconf 90' lang='lat' dir='ltr'><strong>eum</strong></span> <span class='ocrx_word' id='word_1_82' title='bbox 259 1009 370 1068; x_wconf 86' lang='lat' dir='ltr'><strong>interim</strong></span> <span class='ocrx_word' id='word_1_83' title='bbox 393 1011 548 1086; x_wconf 75' lang='lat' dir='ltr'><strong>cognoscit</strong></span> <span class='ocrx_word' id='word_1_84' title='bbox 562 1009 656 1070; x_wconf 89' lang='lat' dir='ltr'><strong>bostis</strong></span> <span class='ocrx_word' id='word_1_85' title='bbox 673 1009 802 1088; x_wconf 88' lang='lat' dir='ltr'><strong>pluribus</strong></span> <span class='ocrx_word' id='word_1_86' title='bbox 819 1009 979 1088; x_wconf 78' lang='lat' dir='ltr'><strong>agminibus</strong></span> <span class='ocrx_word' id='word_1_87' title='bbox 1000 1013 1071 1071; x_wconf 85' lang='lat' dir='ltr'><strong>irro-</strong></span> <span class='ocrx_word' id='word_1_88' title='bbox 1150 1009 1154 1017; x_wconf 89' lang='grc'><strong>’</strong></span> 
     </span>
     <span class='ocr_line' id='line_1_12' title="bbox 72 1093 1111 1174; baseline 0 -19"><span class='ocrx_word' id='word_1_89' title='bbox 72 1105 185 1174; x_wconf 89' lang='lat' dir='ltr'><strong>pturos.</strong></span> <span class='ocrx_word' id='word_1_90' title='bbox 215 1112 251 1155; x_wconf 89' lang='lat' dir='ltr'><strong>ac</strong></span> <span class='ocrx_word' id='word_1_91' title='bbox 266 1110 303 1152; x_wconf 90' lang='lat' dir='ltr'><strong>ne</strong></span> <span class='ocrx_word' id='word_1_92' title='bbox 318 1100 472 1171; x_wconf 90' lang='lat' dir='ltr'><strong>superante</strong></span> <span class='ocrx_word' id='word_1_93' title='bbox 487 1111 605 1154; x_wconf 87' lang='lat' dir='ltr'><strong>numero</strong></span> <span class='ocrx_word' id='word_1_94' title='bbox 623 1101 653 1154; x_wconf 89' lang='lat' dir='ltr'><strong>et</strong></span> <span class='ocrx_word' id='word_1_95' title='bbox 671 1093 775 1172; x_wconf 91' lang='lat' dir='ltr'><strong>peritia</strong></span> <span class='ocrx_word' id='word_1_96' title='bbox 790 1093 921 1155; x_wconf 90' lang='lat' dir='ltr'><strong>locorum</strong></span> <span class='ocrx_word' id='word_1_97' title='bbox 941 1096 1069 1156; x_wconf 87' lang='lat' dir='ltr'><strong>circumi·</strong></span> <span class='ocrx_word' id='word_1_98' title='bbox 1080 1114 1111 1155; x_wconf 83' lang='lat' dir='ltr'><strong>tn</strong></span> 
     </span>
     <span class='ocr_line' id='line_1_13' title="bbox 71 1177 915 1256; baseline -0.004 -17"><span class='ocrx_word' id='word_1_99' title='bbox 71 1187 167 1256; x_wconf 89' lang='lat' dir='ltr'><strong>retur,</strong></span> <span class='ocrx_word' id='word_1_100' title='bbox 184 1177 277 1238; x_wconf 80' lang='lat' dir='ltr'><strong>diviso</strong></span> <span class='ocrx_word' id='word_1_101' title='bbox 292 1177 401 1254; x_wconf 90' lang='lat' dir='ltr'><strong>etipse</strong></span> <span class='ocrx_word' id='word_1_102' title='bbox 416 1178 445 1236; x_wconf 91' lang='lat' dir='ltr'><strong>in</strong></span> <span class='ocrx_word' id='word_1_103' title='bbox 458 1178 511 1236; x_wconf 88' lang='lat' dir='ltr'><strong>tris</strong></span> <span class='ocrx_word' id='word_1_104' title='bbox 528 1186 626 1254; x_wconf 86' lang='lat' dir='ltr'><strong>partes</strong></span> <span class='ocrx_word' id='word_1_105' title='bbox 642 1178 771 1237; x_wconf 86' lang='lat' dir='ltr'><strong>exercitu</strong></span> <span class='ocrx_word' id='word_1_106' title='bbox 786 1178 915 1238; x_wconf 87' lang='lat' dir='ltr'><strong>incessit.</strong></span> 
     </span>
    </p>

    <p class='ocr_par' dir='ltr' id='par_1_4' title="bbox 69 1256 1152 2408">
     <span class='ocr_line' id='line_1_14' title="bbox 82 1256 1152 1338; baseline -0.002 -16"><span class='ocrx_word' id='word_1_107' title='bbox 82 1321 90 1332; x_wconf 78' lang='grc'><strong><em>,</em></strong></span> <span class='ocrx_word' id='word_1_108' title='bbox 135 1260 186 1322; x_wconf 77' lang='lat'><strong>26.</strong></span> <span class='ocrx_word' id='word_1_109' title='bbox 216 1259 302 1336; x_wconf 82' lang='lat' dir='ltr'><strong>Quod</strong></span> <span class='ocrx_word' id='word_1_110' title='bbox 322 1259 372 1319; x_wconf 89' lang='lat' dir='ltr'><strong>ubi</strong></span> <span class='ocrx_word' id='word_1_111' title='bbox 395 1260 543 1336; x_wconf 90' lang='lat' dir='ltr'><strong>cognitum</strong></span> <span class='ocrx_word' id='word_1_112' title='bbox 561 1259 654 1336; x_wconf 86' lang='lat' dir='ltr'><strong>boati,</strong></span> <span class='ocrx_word' id='word_1_113' title='bbox 673 1268 781 1319; x_wconf 89' lang='lat' dir='ltr'><strong>mutato</strong></span> <span class='ocrx_word' id='word_1_114' title='bbox 805 1270 928 1338; x_wconf 91' lang='lat' dir='ltr'><strong>repente</strong></span> <span class='ocrx_word' id='word_1_115' title='bbox 950 1261 1072 1322; x_wconf 91' lang='lat' dir='ltr'><strong>consilio</strong></span> <span class='ocrx_word' id='word_1_116' title='bbox 1138 1256 1152 1269; x_wconf 86' lang='grc'><strong>”</strong></span> 
     </span>
     <span class='ocr_line' id='line_1_15' title="bbox 71 1341 1072 1421; baseline -0.004 -17"><span class='ocrx_word' id='word_1_117' title='bbox 71 1346 200 1405; x_wconf 89' lang='lat' dir='ltr'><strong>universi</strong></span> <span class='ocrx_word' id='word_1_118' title='bbox 210 1360 314 1403; x_wconf 90' lang='lat' dir='ltr'><strong>nonam</strong></span> <span class='ocrx_word' id='word_1_119' title='bbox 326 1343 472 1419; x_wconf 79' lang='lat' dir='ltr'><strong>legionem</strong></span> <span class='ocrx_word' id='word_1_120' title='bbox 484 1351 515 1402; x_wconf 91' lang='lat' dir='ltr'><strong>ut</strong></span> <span class='ocrx_word' id='word_1_121' title='bbox 527 1343 648 1402; x_wconf 84' lang='lat' dir='ltr'><strong>maxime</strong></span> <span class='ocrx_word' id='word_1_122' title='bbox 663 1341 817 1402; x_wconf 86' lang='lat' dir='ltr'><strong>invalidam</strong></span> <span class='ocrx_word' id='word_1_123' title='bbox 831 1351 919 1402; x_wconf 89' lang='lat' dir='ltr'><strong>nocte</strong></span> <span class='ocrx_word' id='word_1_124' title='bbox 930 1342 1072 1421; x_wconf 81' lang='lat' dir='ltr'><strong>adgressi,</strong></span> 
     </span>
     <span class='ocr_line' id='line_1_16' title="bbox 70 1423 1072 1505; baseline -0.003 -18"><span class='ocrx_word' id='word_1_125' title='bbox 70 1430 148 1487; x_wconf 90' lang='lat' dir='ltr'><strong>inter</strong></span> <span class='ocrx_word' id='word_1_126' title='bbox 158 1444 287 1486; x_wconf 89' lang='lat' dir='ltr'><strong>somnum</strong></span> <span class='ocrx_word' id='word_1_127' title='bbox 296 1444 331 1486; x_wconf 90' lang='lat' dir='ltr'><strong>ac</strong></span> <span class='ocrx_word' id='word_1_128' title='bbox 342 1424 563 1504; x_wconf 87' lang='lat' dir='ltr'><strong>trepidationem</strong></span> <span class='ocrx_word' id='word_1_129' title='bbox 576 1425 670 1486; x_wconf 87' lang='lat' dir='ltr'><strong>caesis</strong></span> <span class='ocrx_word' id='word_1_130' title='bbox 681 1423 819 1502; x_wconf 85' lang='lat' dir='ltr'><strong>vigilibus</strong></span> <span class='ocrx_word' id='word_1_131' title='bbox 832 1427 974 1505; x_wconf 87' lang='lat' dir='ltr'><strong>irrupere.</strong></span> <span class='ocrx_word' id='word_1_132' title='bbox 1004 1427 1072 1486; x_wconf 89' lang='lat' dir='ltr'><strong>iam·</strong></span> 
     </span>
     <span class='ocr_line' id='line_1_17' title="bbox 72 1507 1072 1592; baseline -0.004 -21"><span class='ocrx_word' id='word_1_133' title='bbox 72 1530 130 1592; x_wconf 89' lang='lat' dir='ltr'><strong>que</strong></span> <span class='ocrx_word' id='word_1_134' title='bbox 147 1511 176 1569; x_wconf 93' lang='lat' dir='ltr'><strong>in</strong></span> <span class='ocrx_word' id='word_1_135' title='bbox 196 1511 269 1590; x_wconf 86' lang='lat' dir='ltr'><strong>ipsis</strong></span> <span class='ocrx_word' id='word_1_136' title='bbox 290 1510 392 1570; x_wconf 89' lang='lat' dir='ltr'><strong>castris</strong></span> <span class='ocrx_word' id='word_1_137' title='bbox 413 1508 609 1587; x_wconf 85' lang='lat' dir='ltr'><strong>pugnabatur,</strong></span> <span class='ocrx_word' id='word_1_138' title='bbox 631 1526 695 1568; x_wconf 89' lang='lat' dir='ltr'><strong>enm</strong></span> <span class='ocrx_word' id='word_1_139' title='bbox 710 1507 851 1586; x_wconf 76' lang='lat' dir='ltr'><strong>Agricola</strong></span> <span class='ocrx_word' id='word_1_140' title='bbox 873 1511 927 1569; x_wconf 84' lang='lat' dir='ltr'><strong>iter·</strong></span> <span class='ocrx_word' id='word_1_141' title='bbox 949 1510 1072 1570; x_wconf 88' lang='lat' dir='ltr'><strong>bostium</strong></span> 
     </span>
     <span class='ocr_line' id='line_1_18' title="bbox 72 1592 1097 1673; baseline -0.007 -16"><span class='ocrx_word' id='word_1_142' title='bbox 72 1595 111 1657; x_wconf 92' lang='lat' dir='ltr'><strong>ab</strong></span> <span class='ocrx_word' id='word_1_143' title='bbox 132 1593 369 1673; x_wconf 83' lang='lat' dir='ltr'><strong>exploratoribus</strong></span> <span class='ocrx_word' id='word_1_144' title='bbox 390 1592 512 1652; x_wconf 88' lang='lat' dir='ltr'><strong>edoctus</strong></span> <span class='ocrx_word' id='word_1_145' title='bbox 531 1601 560 1652; x_wconf 90' lang='lat' dir='ltr'><strong>et</strong></span> <span class='ocrx_word' id='word_1_146' title='bbox 581 1593 714 1670; x_wconf 85' lang='lat' dir='ltr'><strong>vestigiis</strong></span> <span class='ocrx_word' id='word_1_147' title='bbox 734 1593 897 1669; x_wconf 83' lang='lat' dir='ltr'><strong>insecutus,</strong></span> <span class='ocrx_word' id='word_1_148' title='bbox 920 1592 1097 1654; x_wconf 77' lang='lat' dir='ltr'><strong>velocissis</strong></span> 
     </span>
     <span class='ocr_line' id='line_1_19' title="bbox 70 1675 1072 1758; baseline -0.003 -19"><span class='ocrx_word' id='word_1_149' title='bbox 70 1696 136 1740; x_wconf 90' lang='lat' dir='ltr'><strong>mos</strong></span> <span class='ocrx_word' id='word_1_150' title='bbox 157 1680 282 1758; x_wconf 90' lang='lat' dir='ltr'><strong>equitum</strong></span> <span class='ocrx_word' id='word_1_151' title='bbox 300 1675 485 1756; x_wconf 84' lang='lat' dir='ltr'><strong>peditumque</strong></span> <span class='ocrx_word' id='word_1_152' title='bbox 501 1675 647 1738; x_wconf 86' lang='lat' dir='ltr'><strong>adsultare</strong></span> <span class='ocrx_word' id='word_1_153' title='bbox 667 1678 759 1754; x_wconf 88' lang='lat' dir='ltr'><strong>tergis</strong></span> <span class='ocrx_word' id='word_1_154' title='bbox 779 1678 967 1756; x_wconf 90' lang='lat' dir='ltr'><strong>pugnantium</strong></span> <span class='ocrx_word' id='word_1_155' title='bbox 982 1676 1072 1754; x_wconf 85' lang='lat' dir='ltr'><strong>iubet,</strong></span> 
     </span>
     <span class='ocr_line' id='line_1_20' title="bbox 69 1761 1073 1840; baseline -0.002 -16"><span class='ocrx_word' id='word_1_156' title='bbox 69 1779 139 1824; x_wconf 83' lang='lat' dir='ltr'><strong>mox</strong></span> <span class='ocrx_word' id='word_1_157' title='bbox 157 1762 194 1827; x_wconf 88' lang='lat' dir='ltr'><strong>ab</strong></span> <span class='ocrx_word' id='word_1_158' title='bbox 209 1763 353 1823; x_wconf 84' lang='lat' dir='ltr'><strong>uniuersis</strong></span> <span class='ocrx_word' id='word_1_159' title='bbox 368 1761 442 1822; x_wconf 92' lang='lat' dir='ltr'><strong>adici</strong></span> <span class='ocrx_word' id='word_1_160' title='bbox 460 1761 630 1828; x_wconf 68' lang='lat' dir='ltr'><strong>clamorem</strong></span> <span class='ocrx_word' id='word_1_161' title='bbox 654 1770 683 1821; x_wconf 89' lang='lat' dir='ltr'><strong>et</strong></span> <span class='ocrx_word' id='word_1_162' title='bbox 697 1761 861 1840; x_wconf 88' lang='lat' dir='ltr'><strong>propinqua</strong></span> <span class='ocrx_word' id='word_1_163' title='bbox 876 1761 943 1822; x_wconf 89' lang='lat' dir='ltr'><strong>luce</strong></span> <span class='ocrx_word' id='word_1_164' title='bbox 962 1761 1073 1823; x_wconf 80' lang='lat' dir='ltr'><strong>fulsere</strong></span> 
     </span>
     <span class='ocr_line' id='line_1_21' title="bbox 69 1844 1074 1925; baseline -0.003 -17"><span class='ocrx_word' id='word_1_165' title='bbox 69 1850 164 1925; x_wconf 88' lang='lat' dir='ltr'><strong>signa.</strong></span> <span class='ocrx_word' id='word_1_166' title='bbox 200 1849 239 1908; x_wconf 91' lang='lat' dir='ltr'><strong>ita</strong></span> <span class='ocrx_word' id='word_1_167' title='bbox 262 1847 380 1925; x_wconf 90' lang='lat' dir='ltr'><strong>ancipiti</strong></span> <span class='ocrx_word' id='word_1_168' title='bbox 400 1845 476 1905; x_wconf 88' lang='lat' dir='ltr'><strong>malo</strong></span> <span class='ocrx_word' id='word_1_169' title='bbox 499 1844 591 1906; x_wconf 90' lang='lat' dir='ltr'><strong>territi</strong></span> <span class='ocrx_word' id='word_1_170' title='bbox 610 1844 751 1913; x_wconf 89' lang='lat' dir='ltr'><strong>Britanni;</strong></span> <span class='ocrx_word' id='word_1_171' title='bbox 778 1853 806 1903; x_wconf 88' lang='lat' dir='ltr'><strong>et</strong></span> <span class='ocrx_word' id='word_1_172' title='bbox 828 1845 965 1906; x_wconf 89' lang='lat' dir='ltr'><strong>Romanis</strong></span> <span class='ocrx_word' id='word_1_173' title='bbox 989 1845 1074 1906; x_wconf 89' lang='lat' dir='ltr'><strong>rediit</strong></span> 
     </span>
     <span class='ocr_line' id='line_1_22' title="bbox 69 1926 1072 2008; baseline -0.004 -16"><span class='ocrx_word' id='word_1_174' title='bbox 69 1933 195 2006; x_wconf 90' lang='lat' dir='ltr'><strong>animus,</strong></span> <span class='ocrx_word' id='word_1_175' title='bbox 216 1947 251 1989; x_wconf 90' lang='lat' dir='ltr'><strong>ac</strong></span> <span class='ocrx_word' id='word_1_176' title='bbox 271 1930 365 1989; x_wconf 88' lang='lat' dir='ltr'><strong>securi</strong></span> <span class='ocrx_word' id='word_1_177' title='bbox 382 1945 435 2006; x_wconf 96' lang='lat' dir='ltr'><strong>pro</strong></span> <span class='ocrx_word' id='word_1_178' title='bbox 452 1929 545 1989; x_wconf 88' lang='lat' dir='ltr'><strong>salute</strong></span> <span class='ocrx_word' id='word_1_179' title='bbox 561 1929 597 1988; x_wconf 90' lang='lat' dir='ltr'><strong>de</strong></span> <span class='ocrx_word' id='word_1_180' title='bbox 613 1929 707 2005; x_wconf 82' lang='lat' dir='ltr'><strong>gloria</strong></span> <span class='ocrx_word' id='word_1_181' title='bbox 723 1926 881 1989; x_wconf 89' lang='lat' dir='ltr'><strong>certabant.</strong></span> <span class='ocrx_word' id='word_1_182' title='bbox 912 1929 988 1988; x_wconf 92' lang='lat' dir='ltr'><strong>ultro</strong></span> <span class='ocrx_word' id='word_1_183' title='bbox 1006 1927 1072 2008; x_wconf 88' lang='lat' dir='ltr'><strong>quin</strong></span> 
     </span>
     <span class='ocr_line' id='line_1_23' title="bbox 70 2012 1110 2091; baseline -0.008 -17"><span class='ocrx_word' id='word_1_184' title='bbox 70 2015 156 2074; x_wconf 89' lang='lat' dir='ltr'><strong>etiarn</strong></span> <span class='ocrx_word' id='word_1_185' title='bbox 169 2029 311 2090; x_wconf 87' lang='lat' dir='ltr'><strong>erupere,</strong></span> <span class='ocrx_word' id='word_1_186' title='bbox 328 2021 357 2071; x_wconf 88' lang='lat' dir='ltr'><strong>et</strong></span> <span class='ocrx_word' id='word_1_187' title='bbox 371 2012 424 2069; x_wconf 89' lang='lat' dir='ltr'><strong>luit</strong></span> <span class='ocrx_word' id='word_1_188' title='bbox 439 2021 522 2071; x_wconf 87' lang='lat' dir='ltr'><strong>atrox</strong></span> <span class='ocrx_word' id='word_1_189' title='bbox 537 2013 565 2071; x_wconf 92' lang='lat' dir='ltr'><strong>in</strong></span> <span class='ocrx_word' id='word_1_190' title='bbox 581 2013 653 2090; x_wconf 90' lang='lat' dir='ltr'><strong>ipsis</strong></span> <span class='ocrx_word' id='word_1_191' title='bbox 667 2021 813 2089; x_wconf 93' lang='lat' dir='ltr'><strong>portarum</strong></span> <span class='ocrx_word' id='word_1_192' title='bbox 828 2014 969 2088; x_wconf 88' lang='lat' dir='ltr'><strong>angustiis</strong></span> <span class='ocrx_word' id='word_1_193' title='bbox 985 2031 1071 2091; x_wconf 88' lang='lat' dir='ltr'><strong>proe·</strong></span> <span class='ocrx_word' id='word_1_194' title='bbox 1083 2028 1110 2067; x_wconf 78' lang='lat' dir='ltr'><strong>re</strong></span> 
     </span>
     <span class='ocr_line' id='line_1_24' title="bbox 69 2093 1074 2173; baseline -0.003 -16"><span class='ocrx_word' id='word_1_195' title='bbox 69 2100 164 2170; x_wconf 77' lang='lat' dir='ltr'><strong>lium„</strong></span> <span class='ocrx_word' id='word_1_196' title='bbox 176 2095 270 2155; x_wconf 92' lang='lat' dir='ltr'><strong>donec</strong></span> <span class='ocrx_word' id='word_1_197' title='bbox 288 2095 364 2173; x_wconf 91' lang='lat' dir='ltr'><strong>pulsi</strong></span> <span class='ocrx_word' id='word_1_198' title='bbox 380 2093 496 2171; x_wconf 90' lang='lat' dir='ltr'><strong>hostes,</strong></span> <span class='ocrx_word' id='word_1_199' title='bbox 514 2103 638 2173; x_wconf 90' lang='lat' dir='ltr'><strong>utroque</strong></span> <span class='ocrx_word' id='word_1_200' title='bbox 654 2096 947 2170; x_wconf 84' lang='lat' dir='ltr'><strong>exereitucertante,</strong></span> <span class='ocrx_word' id='word_1_201' title='bbox 964 2095 1025 2171; x_wconf 84' lang='lat' dir='ltr'><strong>bus,</strong></span> <span class='ocrx_word' id='word_1_202' title='bbox 1044 2103 1074 2154; x_wconf 90' lang='lat' dir='ltr'><strong>ut</strong></span> 
     </span>
     <span class='ocr_line' id='line_1_25' title="bbox 69 2177 1073 2257; baseline -0.004 -16"><span class='ocrx_word' id='word_1_203' title='bbox 69 2179 172 2241; x_wconf 84' lang='lat' dir='ltr'><strong>tulisse</strong></span> <span class='ocrx_word' id='word_1_204' title='bbox 190 2194 290 2257; x_wconf 87' lang='lat' dir='ltr'><strong>opem,</strong></span> <span class='ocrx_word' id='word_1_205' title='bbox 313 2177 387 2252; x_wconf 87' lang='lat' dir='ltr'><strong>illis,</strong></span> <span class='ocrx_word' id='word_1_206' title='bbox 410 2193 447 2236; x_wconf 93' lang='lat' dir='ltr'><strong>ne</strong></span> <span class='ocrx_word' id='word_1_207' title='bbox 464 2179 582 2254; x_wconf 87' lang='lat' dir='ltr'><strong>egnisse</strong></span> <span class='ocrx_word' id='word_1_208' title='bbox 598 2177 704 2237; x_wconf 84' lang='lat' dir='ltr'><strong>auxillo</strong></span> <span class='ocrx_word' id='word_1_209' title='bbox 719 2178 895 2236; x_wconf 87' lang='lat' dir='ltr'><strong>viderentur.</strong></span> <span class='ocrx_word' id='word_1_210' title='bbox 909 2194 911 2200; x_wconf 78' lang='grc'><em>’</em></span> <span class='ocrx_word' id='word_1_211' title='bbox 929 2178 1073 2257; x_wconf 89' lang='lat' dir='ltr'><strong>quodnisi</strong></span> 
     </span>
     <span class='ocr_line' id='line_1_26' title="bbox 70 2259 1072 2344; baseline 0 -22"><span class='ocrx_word' id='word_1_212' title='bbox 70 2263 193 2344; x_wconf 88' lang='lat' dir='ltr'><strong>paludes</strong></span> <span class='ocrx_word' id='word_1_213' title='bbox 209 2269 239 2322; x_wconf 89' lang='lat' dir='ltr'><strong>et</strong></span> <span class='ocrx_word' id='word_1_214' title='bbox 258 2261 351 2321; x_wconf 87' lang='lat' dir='ltr'><strong>silvae</strong></span> <span class='ocrx_word' id='word_1_215' title='bbox 369 2261 516 2336; x_wconf 85' lang='lat' dir='ltr'><strong>fugientes</strong></span> <span class='ocrx_word' id='word_1_216' title='bbox 537 2261 694 2336; x_wconf 84' lang='lat' dir='ltr'><strong>texissent,</strong></span> <span class='ocrx_word' id='word_1_217' title='bbox 719 2259 894 2320; x_wconf 87' lang='lat' dir='ltr'><strong>debellatum</strong></span> <span class='ocrx_word' id='word_1_218' title='bbox 909 2261 959 2322; x_wconf 83' lang='lat' dir='ltr'><strong>nlla</strong></span> <span class='ocrx_word' id='word_1_219' title='bbox 981 2264 1072 2322; x_wconf 84' lang='lat' dir='ltr'><strong>victo·</strong></span> 
     </span>
     <span class='ocr_line' id='line_1_27' title="bbox 71 2347 218 2408; baseline -0.027 -1"><span class='ocrx_word' id='word_1_220' title='bbox 71 2351 114 2408; x_wconf 92' lang='lat' dir='ltr'><strong>ria</strong></span> <span class='ocrx_word' id='word_1_221' title='bbox 132 2347 218 2405; x_wconf 90' lang='lat' dir='ltr'><strong>loret.</strong></span> 
     </span>
    </p>

    <p class='ocr_par' dir='ltr' id='par_1_5' title="bbox 67 2427 1109 3341">
     <span class='ocr_line' id='line_1_28' title="bbox 135 2427 1071 2489; baseline 0 -1"><span class='ocrx_word' id='word_1_222' title='bbox 135 2427 184 2488; x_wconf 82' lang='lat'><strong>27.</strong></span> <span class='ocrx_word' id='word_1_223' title='bbox 218 2427 305 2488; x_wconf 78' lang='lat' dir='ltr'><strong>Cuius</strong></span> <span class='ocrx_word' id='word_1_224' title='bbox 321 2427 501 2488; x_wconf 89' lang='lat' dir='ltr'><strong>conscientia</strong></span> <span class='ocrx_word' id='word_1_225' title='bbox 521 2427 644 2487; x_wconf 86' lang='lat' dir='ltr'><strong>aelerna</strong></span> <span class='ocrx_word' id='word_1_226' title='bbox 660 2427 745 2487; x_wconf 78' lang='lat' dir='ltr'><strong>ieron</strong></span> <span class='ocrx_word' id='word_1_227' title='bbox 766 2427 911 2488; x_wconf 88' lang='lat' dir='ltr'><strong>exercitus</strong></span> <span class='ocrx_word' id='word_1_228' title='bbox 927 2427 997 2488; x_wconf 91' lang='lat' dir='ltr'><strong>nihil</strong></span> <span class='ocrx_word' id='word_1_229' title='bbox 1016 2430 1071 2489; x_wconf 81' lang='lat' dir='ltr'><strong>rir-</strong></span> 
     </span>
     <span class='ocr_line' id='line_1_29' title="bbox 70 2507 1072 2590; baseline -0.002 -16"><span class='ocrx_word' id='word_1_230' title='bbox 70 2515 124 2575; x_wconf 91' lang='lat' dir='ltr'><strong>tutl</strong></span> <span class='ocrx_word' id='word_1_231' title='bbox 141 2530 209 2572; x_wconf 89' lang='lat' dir='ltr'><strong>suae</strong></span> <span class='ocrx_word' id='word_1_232' title='bbox 225 2513 329 2571; x_wconf 84' lang='lat' dir='ltr'><strong>invium</strong></span> <span class='ocrx_word' id='word_1_233' title='bbox 345 2522 374 2571; x_wconf 88' lang='lat' dir='ltr'><strong>et</strong></span> <span class='ocrx_word' id='word_1_234' title='bbox 388 2510 594 2590; x_wconf 86' lang='lat' dir='ltr'><strong>penetrandam</strong></span> <span class='ocrx_word' id='word_1_235' title='bbox 609 2507 796 2572; x_wconf 82' lang='lat' dir='ltr'><strong>Caledoniam</strong></span> <span class='ocrx_word' id='word_1_236' title='bbox 812 2512 1072 2590; x_wconf 82' lang='lat' dir='ltr'><strong>inveniendumque</strong></span> 
     </span>
     <span class='ocr_line' id='line_1_30' title="bbox 69 2594 1071 2674; baseline -0.002 -16"><span class='ocrx_word' id='word_1_237' title='bbox 69 2597 183 2659; x_wconf 90' lang='lat' dir='ltr'><strong>tandem</strong></span> <span class='ocrx_word' id='word_1_238' title='bbox 200 2595 363 2656; x_wconf 89' lang='lat' dir='ltr'><strong>Britanniae</strong></span> <span class='ocrx_word' id='word_1_239' title='bbox 383 2596 534 2655; x_wconf 89' lang='lat' dir='ltr'><strong>tenninnm</strong></span> <span class='ocrx_word' id='word_1_240' title='bbox 555 2594 692 2654; x_wconf 89' lang='lat' dir='ltr'><strong>continuo</strong></span> <span class='ocrx_word' id='word_1_241' title='bbox 714 2595 892 2674; x_wconf 87' lang='lat' dir='ltr'><strong>proeliorum</strong></span> <span class='ocrx_word' id='word_1_242' title='bbox 911 2613 996 2656; x_wconf 90' lang='lat' dir='ltr'><strong>cursu</strong></span> <span class='ocrx_word' id='word_1_243' title='bbox 1014 2597 1071 2656; x_wconf 74' lang='lat' dir='ltr'><strong>iro</strong></span> 
     </span>
     <span class='ocr_line' id='line_1_31' title="bbox 69 2678 1072 2759; baseline -0.001 -18"><span class='ocrx_word' id='word_1_244' title='bbox 69 2683 196 2741; x_wconf 89' lang='lat' dir='ltr'><strong>mebant.</strong></span> <span class='ocrx_word' id='word_1_245' title='bbox 232 2689 318 2758; x_wconf 90' lang='lat' dir='ltr'><strong>atque</strong></span> <span class='ocrx_word' id='word_1_246' title='bbox 342 2679 384 2740; x_wconf 94' lang='lat' dir='ltr'><strong>illi</strong></span> <span class='ocrx_word' id='word_1_247' title='bbox 409 2678 495 2738; x_wconf 91' lang='lat' dir='ltr'><strong>modo</strong></span> <span class='ocrx_word' id='word_1_248' title='bbox 524 2680 598 2739; x_wconf 89' lang='lat' dir='ltr'><strong>cauti</strong></span> <span class='ocrx_word' id='word_1_249' title='bbox 620 2696 657 2738; x_wconf 91' lang='lat' dir='ltr'><strong>ac</strong></span> <span class='ocrx_word' id='word_1_250' title='bbox 683 2679 831 2757; x_wconf 90' lang='lat' dir='ltr'><strong>sapientes</strong></span> <span class='ocrx_word' id='word_1_251' title='bbox 855 2681 981 2758; x_wconf 88' lang='lat' dir='ltr'><strong>prompti</strong></span> <span class='ocrx_word' id='word_1_252' title='bbox 1004 2689 1072 2759; x_wconf 89' lang='lat' dir='ltr'><strong>post</strong></span> 
     </span>
     <span class='ocr_line' id='line_1_32' title="bbox 70 2762 1097 2844; baseline 0.005 -19"><span class='ocrx_word' id='word_1_253' title='bbox 70 2773 205 2826; x_wconf 89' lang='lat' dir='ltr'><strong>eventum</strong></span> <span class='ocrx_word' id='word_1_254' title='bbox 230 2780 266 2822; x_wconf 90' lang='lat' dir='ltr'><strong>ac</strong></span> <span class='ocrx_word' id='word_1_255' title='bbox 293 2763 469 2842; x_wconf 84' lang='lat' dir='ltr'><strong>magniloqui</strong></span> <span class='ocrx_word' id='word_1_256' title='bbox 494 2771 584 2822; x_wconf 90' lang='lat' dir='ltr'><strong>erant.</strong></span> <span class='ocrx_word' id='word_1_257' title='bbox 624 2762 801 2844; x_wconf 87' lang='lat' dir='ltr'><strong>iniquissima</strong></span> <span class='ocrx_word' id='word_1_258' title='bbox 828 2762 902 2824; x_wconf 89' lang='lat' dir='ltr'><strong>baec</strong></span> <span class='ocrx_word' id='word_1_259' title='bbox 927 2762 1097 2830; x_wconf 84' lang='lat' dir='ltr'><strong>bellorums</strong></span> 
     </span>
     <span class='ocr_line' id='line_1_33' title="bbox 69 2845 1071 2926; baseline -0.001 -17"><span class='ocrx_word' id='word_1_260' title='bbox 69 2849 204 2910; x_wconf 90' lang='lat' dir='ltr'><strong>condicio</strong></span> <span class='ocrx_word' id='word_1_261' title='bbox 222 2858 285 2908; x_wconf 83' lang='lat' dir='ltr'><strong>est:</strong></span> <span class='ocrx_word' id='word_1_262' title='bbox 300 2865 443 2926; x_wconf 88' lang='lat' dir='ltr'><strong>prospera</strong></span> <span class='ocrx_word' id='word_1_263' title='bbox 459 2863 560 2907; x_wconf 89' lang='lat' dir='ltr'><strong>omnes</strong></span> <span class='ocrx_word' id='word_1_264' title='bbox 576 2845 631 2906; x_wconf 86' lang='lat' dir='ltr'><strong>sibi</strong></span> <span class='ocrx_word' id='word_1_265' title='bbox 646 2846 802 2925; x_wconf 86' lang='lat' dir='ltr'><strong>vindicant,</strong></span> <span class='ocrx_word' id='word_1_266' title='bbox 819 2847 942 2908; x_wconf 83' lang='lat' dir='ltr'><strong>adversa</strong></span> <span class='ocrx_word' id='word_1_267' title='bbox 957 2850 1005 2908; x_wconf 92' lang='lat' dir='ltr'><strong>uni</strong></span> <span class='ocrx_word' id='word_1_268' title='bbox 1020 2851 1071 2908; x_wconf 91' lang='lat' dir='ltr'><strong>im·</strong></span> 
     </span>
     <span class='ocr_line' id='line_1_34' title="bbox 69 2931 1069 3012; baseline -0.002 -20"><span class='ocrx_word' id='word_1_269' title='bbox 69 2941 214 3012; x_wconf 89' lang='lat' dir='ltr'><strong>putantur.</strong></span> <span class='ocrx_word' id='word_1_270' title='bbox 245 2941 274 2991; x_wconf 90' lang='lat' dir='ltr'><strong>at</strong></span> <span class='ocrx_word' id='word_1_271' title='bbox 292 2931 418 2992; x_wconf 87' lang='lat' dir='ltr'><strong>Britanni</strong></span> <span class='ocrx_word' id='word_1_272' title='bbox 441 2949 498 2991; x_wconf 93' lang='lat' dir='ltr'><strong>non</strong></span> <span class='ocrx_word' id='word_1_273' title='bbox 520 2933 626 2991; x_wconf 86' lang='lat' dir='ltr'><strong>virtute</strong></span> <span class='ocrx_word' id='word_1_274' title='bbox 646 2948 682 2990; x_wconf 84' lang='lat' dir='ltr'><strong>ee</strong></span> <span class='ocrx_word' id='word_1_275' title='bbox 702 2931 756 2990; x_wconf 90' lang='lat' dir='ltr'><strong>sed</strong></span> <span class='ocrx_word' id='word_1_276' title='bbox 780 2933 937 2992; x_wconf 88' lang='lat' dir='ltr'><strong>occasione</strong></span> <span class='ocrx_word' id='word_1_277' title='bbox 962 2940 992 2992; x_wconf 90' lang='lat' dir='ltr'><strong>et</strong></span> <span class='ocrx_word' id='word_1_278' title='bbox 1008 2941 1069 2991; x_wconf 91' lang='lat' dir='ltr'><strong>arte</strong></span> 
     </span>
     <span class='ocr_line' id='line_1_35' title="bbox 67 3015 1070 3091; baseline -0.001 -17"><span class='ocrx_word' id='word_1_279' title='bbox 67 3016 248 3076; x_wconf 78' lang='lat' dir='ltr'><strong>daciscictos</strong></span> <span class='ocrx_word' id='word_1_280' title='bbox 256 3017 321 3090; x_wconf 85' lang='lat' dir='ltr'><strong>rati,</strong></span> <span class='ocrx_word' id='word_1_281' title='bbox 333 3015 405 3075; x_wconf 89' lang='lat' dir='ltr'><strong>nibil</strong></span> <span class='ocrx_word' id='word_1_282' title='bbox 414 3034 452 3076; x_wconf 88' lang='lat' dir='ltr'><strong>ex</strong></span> <span class='ocrx_word' id='word_1_283' title='bbox 462 3015 632 3088; x_wconf 84' lang='lat' dir='ltr'><strong>adrogantia</strong></span> <span class='ocrx_word' id='word_1_284' title='bbox 639 3015 802 3090; x_wconf 89' lang='lat' dir='ltr'><strong>remittere,</strong></span> <span class='ocrx_word' id='word_1_285' title='bbox 809 3030 866 3091; x_wconf 90' lang='lat' dir='ltr'><strong>quo</strong></span> <span class='ocrx_word' id='word_1_286' title='bbox 874 3015 1070 3091; x_wconf 86' lang='lat' dir='ltr'><strong>minusinven·</strong></span> 
     </span>
     <span class='ocr_line' id='line_1_36' title="bbox 68 3094 1070 3174; baseline 0.001 -19"><span class='ocrx_word' id='word_1_287' title='bbox 68 3104 159 3156; x_wconf 89' lang='lat' dir='ltr'><strong>tutem</strong></span> <span class='ocrx_word' id='word_1_288' title='bbox 170 3103 332 3169; x_wconf 91' lang='lat' dir='ltr'><strong>armarent,</strong></span> <span class='ocrx_word' id='word_1_289' title='bbox 351 3096 491 3171; x_wconf 89' lang='lat' dir='ltr'><strong>coniuges</strong></span> <span class='ocrx_word' id='word_1_290' title='bbox 506 3113 540 3156; x_wconf 89' lang='lat' dir='ltr'><strong>ae</strong></span> <span class='ocrx_word' id='word_1_291' title='bbox 552 3094 662 3155; x_wconf 87' lang='lat' dir='ltr'><strong>liberos</strong></span> <span class='ocrx_word' id='word_1_292' title='bbox 677 3097 705 3155; x_wconf 91' lang='lat' dir='ltr'><strong>in</strong></span> <span class='ocrx_word' id='word_1_293' title='bbox 719 3095 785 3156; x_wconf 92' lang='lat' dir='ltr'><strong>loca</strong></span> <span class='ocrx_word' id='word_1_294' title='bbox 794 3104 854 3156; x_wconf 88' lang='lat' dir='ltr'><strong>tuta</strong></span> <span class='ocrx_word' id='word_1_295' title='bbox 865 3097 1070 3174; x_wconf 81' lang='lat' dir='ltr'><strong>transferrent,</strong></span> 
     </span>
     <span class='ocr_line' id='line_1_37' title="bbox 70 3177 1109 3256; baseline -0.004 -15"><span class='ocrx_word' id='word_1_296' title='bbox 70 3177 204 3243; x_wconf 86' lang='lat' dir='ltr'><strong>coetibus</strong></span> <span class='ocrx_word' id='word_1_297' title='bbox 230 3194 266 3237; x_wconf 90' lang='lat' dir='ltr'><strong>ac</strong></span> <span class='ocrx_word' id='word_1_298' title='bbox 288 3179 439 3238; x_wconf 90' lang='lat' dir='ltr'><strong>sacrillciis</strong></span> <span class='ocrx_word' id='word_1_299' title='bbox 462 3177 712 3256; x_wconf 88' lang='lat' dir='ltr'><strong>conspirationem·</strong></span> <span class='ocrx_word' id='word_1_300' title='bbox 732 3179 887 3238; x_wconf 87' lang='lat' dir='ltr'><strong>civitatium</strong></span> <span class='ocrx_word' id='word_1_301' title='bbox 913 3179 1109 3240; x_wconf 69' lang='lat' dir='ltr'><strong>sanciremus</strong></span> 
     </span>
     <span class='ocr_line' id='line_1_38' title="bbox 68 3261 843 3341; baseline -0.003 -17"><span class='ocrx_word' id='word_1_302' title='bbox 68 3272 156 3341; x_wconf 84' lang='lat' dir='ltr'><strong>atque</strong></span> <span class='ocrx_word' id='word_1_303' title='bbox 170 3261 209 3320; x_wconf 87' lang='lat' dir='ltr'><strong>ita</strong></span> <span class='ocrx_word' id='word_1_304' title='bbox 221 3261 338 3320; x_wconf 87' lang='lat' dir='ltr'><strong>irritatis</strong></span> <span class='ocrx_word' id='word_1_305' title='bbox 352 3263 495 3341; x_wconf 88' lang='lat' dir='ltr'><strong>utrimque</strong></span> <span class='ocrx_word' id='word_1_306' title='bbox 510 3261 611 3321; x_wconf 87' lang='lat' dir='ltr'><strong>animis</strong></span> <span class='ocrx_word' id='word_1_307' title='bbox 626 3261 795 3322; x_wconf 86' lang='lat' dir='ltr'><strong>discessum.</strong></span> <span class='ocrx_word' id='word_1_308' title='bbox 840 3315 843 3322; x_wconf 91' lang='lat'><strong>.</strong></span> 
     </span>
    </p>

    <p class='ocr_par' dir='ltr' id='par_1_6' title="bbox 140 3343 1070 3424">
     <span class='ocr_line' id='line_1_39' title="bbox 140 3343 1070 3424; baseline -0.004 -18"><span class='ocrx_word' id='word_1_309' title='bbox 140 3343 190 3406; x_wconf 83' lang='lat'><strong>28.</strong></span> <span class='ocrx_word' id='word_1_310' title='bbox 223 3344 332 3407; x_wconf 82' lang='lat' dir='ltr'><strong>Eadem</strong></span> <span class='ocrx_word' id='word_1_311' title='bbox 360 3355 471 3407; x_wconf 88' lang='lat' dir='ltr'><strong>aestate</strong></span> <span class='ocrx_word' id='word_1_312' title='bbox 496 3343 602 3406; x_wconf 86' lang='lat' dir='ltr'><strong>cohors</strong></span> <span class='ocrx_word' id='word_1_313' title='bbox 629 3345 795 3424; x_wconf 89' lang='lat' dir='ltr'><strong>Usipiornm</strong></span> <span class='ocrx_word' id='word_1_314' title='bbox 824 3363 877 3424; x_wconf 89' lang='lat' dir='ltr'><strong>per</strong></span> <span class='ocrx_word' id='word_1_315' title='bbox 904 3343 1070 3405; x_wconf 80' lang='lat' dir='ltr'><strong>Germanias</strong></span> 
     </span>
    </p>

    <p class='ocr_par' dir='ltr' id='par_1_7' title="bbox 114 3429 899 3490">
     <span class='ocr_line' id='line_1_40' title="bbox 114 3429 899 3490; baseline -0.005 0"><span class='ocrx_word' id='word_1_316' title='bbox 114 3451 200 3490; x_wconf 77' lang='lat' dir='ltr'><strong>uncum</strong></span> <span class='ocrx_word' id='word_1_317' title='bbox 216 3451 285 3488; x_wconf 79' lang='lat' dir='ltr'><strong>snas</strong></span> <span class='ocrx_word' id='word_1_318' title='bbox 301 3449 329 3487; x_wconf 91' lang='lat' dir='ltr'><strong>n.</strong></span> <span class='ocrx_word' id='word_1_319' title='bbox 861 3429 899 3486; x_wconf 84' lang='lat'><strong>15</strong></span> 
     </span>
    </p>
   </div>
   <div class='ocr_carea' id='block_1_4' title="bbox 0 0 1272 3870">
    <p class='ocr_par' dir='ltr' id='par_1_8' title="bbox 0 0 1272 3870">
     <span class='ocr_line' id='line_1_41' title="bbox 0 0 1272 3870; baseline 0 2"><span class='ocrx_word' id='word_1_320' title='bbox 0 0 1272 3870; x_wconf 95' lang='lat' dir='ltr'><strong> </strong></span> 
     </span>
    </p>
   </div>
  </div>
 </body>
</html>
