<?xml version="1.0" encoding="UTF-8"?>
<!DOCTYPE html PUBLIC "-//W3C//DTD XHTML 1.0 Transitional//EN"
    "http://www.w3.org/TR/xhtml1/DTD/xhtml1-transitional.dtd">
<html xmlns="http://www.w3.org/1999/xhtml" xml:lang="en" lang="en">
 <head>
  <title>
</title>
<meta http-equiv="Content-Type" content="text/html;charset=utf-8" />
  <meta name='ocr-system' content='tesseract 3.04.00' />
  <meta name='ocr-capabilities' content='ocr_page ocr_carea ocr_par ocr_line ocrx_word'/>
</head>
<body>
  <div class='ocr_page' id='page_1' title='image "./libriquisupersu02tacigoog/libriquisupersu02tacigoog_0081.png"; bbox 0 0 2440 3886; ppageno 0'>
   <div class='ocr_carea' id='block_1_1' title="bbox 184 193 939 257">
    <p class='ocr_par' dir='ltr' id='par_1_1' title="bbox 184 193 939 257">
     <span class='ocr_line' id='line_1_1' title="bbox 184 193 939 257; baseline -0.009 0"><span class='ocrx_word' id='word_1_1' title='bbox 184 193 225 257; x_wconf 78' lang='lat'><strong>22</strong></span> <span class='ocrx_word' id='word_1_2' title='bbox 445 201 939 251; x_wconf 80' lang='lat' dir='ltr'><strong>conuuunuacrrruunuuruu</strong></span> 
     </span>
    </p>
   </div>
   <div class='ocr_carea' id='block_1_2' title="bbox 154 355 1195 945">
    <p class='ocr_par' dir='ltr' id='par_1_2' title="bbox 155 355 1194 522">
     <span class='ocr_line' id='line_1_2' title="bbox 186 355 1191 438; baseline -0.006 -14"><span class='ocrx_word' id='word_1_3' title='bbox 186 362 296 430; x_wconf 89' lang='lat' dir='ltr'><strong>dicitia;</strong></span> <span class='ocrx_word' id='word_1_4' title='bbox 321 361 377 421; x_wconf 92' lang='lat' dir='ltr'><strong>iam</strong></span> <span class='ocrx_word' id='word_1_5' title='bbox 397 360 540 419; x_wconf 87' lang='lat' dir='ltr'><strong>intans-in</strong></span> <span class='ocrx_word' id='word_1_6' title='bbox 564 357 667 418; x_wconf 87' lang='lat' dir='ltr'><strong>eastris</strong></span> <span class='ocrx_word' id='word_1_7' title='bbox 684 358 816 434; x_wconf 84' lang='lat' dir='ltr'><strong>genitus,</strong></span> <span class='ocrx_word' id='word_1_8' title='bbox 839 359 868 417; x_wconf 92' lang='lat' dir='ltr'><strong>in</strong></span> <span class='ocrx_word' id='word_1_9' title='bbox 886 355 1075 419; x_wconf 89' lang='lat' dir='ltr'><strong>contubernio</strong></span> <span class='ocrx_word' id='word_1_10' title='bbox 1094 357 1191 438; x_wconf 88' lang='lat' dir='ltr'><strong>legio·</strong></span> 
     </span>
     <span class='ocr_line' id='line_1_3' title="bbox 155 439 1194 522; baseline -0.004 -15"><span class='ocrx_word' id='word_1_11' title='bbox 155 466 252 508; x_wconf 77' lang='lat' dir='ltr'><strong>renum</strong></span> <span class='ocrx_word' id='word_1_12' title='bbox 268 447 405 519; x_wconf 87' lang='lat' dir='ltr'><strong>eductus,</strong></span> <span class='ocrx_word' id='word_1_13' title='bbox 425 459 510 522; x_wconf 86' lang='lat' dir='ltr'><strong>quem</strong></span> <span class='ocrx_word' id='word_1_14' title='bbox 523 442 638 502; x_wconf 88' lang='lat' dir='ltr'><strong>militari</strong></span> <span class='ocrx_word' id='word_1_15' title='bbox 652 441 796 502; x_wconf 90' lang='lat' dir='ltr'><strong>vocabulo</strong></span> <span class='ocrx_word' id='word_1_16' title='bbox 811 439 972 520; x_wconf 74' lang='lat' dir='ltr'>Caligulam</span> <span class='ocrx_word' id='word_1_17' title='bbox 990 442 1194 522; x_wconf 77' lang='lat' dir='ltr'><strong>appellabant,</strong></span> 
     </span>
    </p>

    <p class='ocr_par' dir='ltr' id='par_1_3' title="bbox 186 524 1194 611">
     <span class='ocr_line' id='line_1_4' title="bbox 186 524 1194 611; baseline -0.003 -20"><span class='ocrx_word' id='word_1_18' title='bbox 186 532 252 611; x_wconf 88' lang='lat' dir='ltr'><strong>quia</strong></span> <span class='ocrx_word' id='word_1_19' title='bbox 269 530 439 610; x_wconf 89' lang='lat' dir='ltr'><strong>plerumque</strong></span> <span class='ocrx_word' id='word_1_20' title='bbox 459 527 495 589; x_wconf 91' lang='lat' dir='ltr'><strong>ad</strong></span> <span class='ocrx_word' id='word_1_21' title='bbox 514 524 695 586; x_wconf 91' lang='lat' dir='ltr'><strong>concilianda</strong></span> <span class='ocrx_word' id='word_1_22' title='bbox 716 525 797 604; x_wconf 87' lang='lat' dir='ltr'><strong>vulgi</strong></span> <span class='ocrx_word' id='word_1_23' title='bbox 812 525 905 586; x_wconf 87' lang='lat' dir='ltr'><strong>studia</strong></span> <span class='ocrx_word' id='word_1_24' title='bbox 929 544 965 587; x_wconf 91' lang='lat' dir='ltr'><strong>eo</strong></span> <span class='ocrx_word' id='word_1_25' title='bbox 987 528 1115 605; x_wconf 86' lang='lat' dir='ltr'><strong>tegmine</strong></span> <span class='ocrx_word' id='word_1_26' title='bbox 1141 547 1194 606; x_wconf 89' lang='lat' dir='ltr'><strong>pe·</strong></span> 
     </span>
    </p>

    <p class='ocr_par' dir='ltr' id='par_1_4' title="bbox 186 609 1195 690">
     <span class='ocr_line' id='line_1_5' title="bbox 186 609 1195 690; baseline -0.004 -14"><span class='ocrx_word' id='word_1_27' title='bbox 186 615 252 676; x_wconf 92' lang='lat' dir='ltr'><strong>dum</strong></span> <span class='ocrx_word' id='word_1_28' title='bbox 266 612 447 675; x_wconf 75' lang='lat' dir='ltr'><strong>induebatur.</strong></span> <span class='ocrx_word' id='word_1_29' title='bbox 475 611 528 672; x_wconf 91' lang='lat' dir='ltr'><strong>sed</strong></span> <span class='ocrx_word' id='word_1_30' title='bbox 549 609 619 671; x_wconf 87' lang='lat' dir='ltr'>nihil</span> <span class='ocrx_word' id='word_1_31' title='bbox 642 628 737 690; x_wconf 89' lang='lat' dir='ltr'><strong>aeque</strong></span> <span class='ocrx_word' id='word_1_32' title='bbox 758 609 838 671; x_wconf 79' lang='lat' dir='ltr'><strong>benit</strong></span> <span class='ocrx_word' id='word_1_33' title='bbox 856 628 940 690; x_wconf 86' lang='lat' dir='ltr'><strong>quarn</strong></span> <span class='ocrx_word' id='word_1_34' title='bbox 953 611 1060 672; x_wconf 87' lang='lat' dir='ltr'><strong>inuidia</strong></span> <span class='ocrx_word' id='word_1_35' title='bbox 1075 611 1105 671; x_wconf 93' lang='lat' dir='ltr'><strong>in</strong></span> <span class='ocrx_word' id='word_1_36' title='bbox 1119 611 1195 672; x_wconf 85' lang='lat' dir='ltr'><strong>&#39;l&#39;re-</strong></span> 
     </span>
    </p>

    <p class='ocr_par' dir='ltr' id='par_1_5' title="bbox 187 693 1194 776">
     <span class='ocr_line' id='line_1_6' title="bbox 187 693 1194 776; baseline -0.005 -15"><span class='ocrx_word' id='word_1_37' title='bbox 187 717 291 761; x_wconf 90' lang='lat' dir='ltr'><strong>veros:</strong></span> <span class='ocrx_word' id='word_1_38' title='bbox 307 707 389 759; x_wconf 90' lang='lat' dir='ltr'><strong>orant</strong></span> <span class='ocrx_word' id='word_1_39' title='bbox 406 696 558 773; x_wconf 90' lang='lat' dir='ltr'><strong>obsistunt,</strong></span> <span class='ocrx_word' id='word_1_40' title='bbox 574 693 685 755; x_wconf 88' lang='lat' dir='ltr'><strong>rediret</strong></span> <span class='ocrx_word' id='word_1_41' title='bbox 700 703 840 772; x_wconf 87' lang='lat' dir='ltr'><strong>maneret,</strong></span> <span class='ocrx_word' id='word_1_42' title='bbox 856 713 923 775; x_wconf 89' lang='lat' dir='ltr'><strong>pars</strong></span> <span class='ocrx_word' id='word_1_43' title='bbox 936 695 1117 776; x_wconf 78' lang='lat' dir='ltr'><strong>Agrippinae</strong></span> <span class='ocrx_word' id='word_1_44' title='bbox 1143 712 1194 756; x_wconf 92' lang='lat' dir='ltr'><strong>oc·</strong></span> 
     </span>
    </p>

    <p class='ocr_par' dir='ltr' id='par_1_6' title="bbox 154 777 1195 945">
     <span class='ocr_line' id='line_1_7' title="bbox 188 777 1195 861; baseline -0.007 -15"><span class='ocrx_word' id='word_1_45' title='bbox 188 795 354 859; x_wconf 78' lang='lat' dir='ltr'><strong>cursantes,</strong></span> <span class='ocrx_word' id='word_1_46' title='bbox 382 778 496 861; x_wconf 87' lang='lat' dir='ltr'><strong>plurimi</strong></span> <span class='ocrx_word' id='word_1_47' title='bbox 517 779 553 841; x_wconf 89' lang='lat' dir='ltr'><strong>ad</strong></span> <span class='ocrx_word' id='word_1_48' title='bbox 573 777 773 840; x_wconf 81' lang='lat' dir='ltr'><strong>Germanicum</strong></span> <span class='ocrx_word' id='word_1_49' title='bbox 797 781 937 857; x_wconf 78' lang='lat' dir='ltr'><strong>regressi.</strong></span> <span class='ocrx_word' id='word_1_50' title='bbox 972 781 1056 858; x_wconf 86' lang='lat' dir='ltr'><strong>isque</strong></span> <span class='ocrx_word' id='word_1_51' title='bbox 1078 789 1109 860; x_wconf 90' lang='lat' dir='ltr'><strong>ut</strong></span> <span class='ocrx_word' id='word_1_52' title='bbox 1130 790 1195 841; x_wconf 87' lang='lat' dir='ltr'><strong>erat</strong></span> 
     </span>
     <span class='ocr_line' id='line_1_8' title="bbox 154 862 1017 945; baseline -0.001 -21"><span class='ocrx_word' id='word_1_53' title='bbox 154 881 290 931; x_wconf 80' lang='lat' dir='ltr'><strong>usrecens</strong></span> <span class='ocrx_word' id='word_1_54' title='bbox 306 868 409 931; x_wconf 89' lang='lat' dir='ltr'><strong>dolore</strong></span> <span class='ocrx_word' id='word_1_55' title='bbox 430 874 459 926; x_wconf 92' lang='lat' dir='ltr'><strong>et</strong></span> <span class='ocrx_word' id='word_1_56' title='bbox 476 866 534 942; x_wconf 90' lang='lat' dir='ltr'><strong>ira,</strong></span> <span class='ocrx_word' id='word_1_57' title='bbox 553 863 632 944; x_wconf 89' lang='lat' dir='ltr'><strong>apud</strong></span> <span class='ocrx_word' id='word_1_58' title='bbox 650 862 839 923; x_wconf 79' lang='lat' dir='ltr'><strong>circumfusos</strong></span> <span class='ocrx_word' id='word_1_59' title='bbox 853 864 893 924; x_wconf 94' lang='lat' dir='ltr'><strong>ita</strong></span> <span class='ocrx_word' id='word_1_60' title='bbox 908 865 1017 945; x_wconf 87' lang='lat' dir='ltr'><strong>coepit.</strong></span> 
     </span>
    </p>
   </div>
   <div class='ocr_carea' id='block_1_3' title="bbox 153 947 1195 2547">
    <p class='ocr_par' dir='ltr' id='par_1_7' title="bbox 186 947 1195 1289">
     <span class='ocr_line' id='line_1_9' title="bbox 250 947 1193 1029; baseline -0.005 -14"><span class='ocrx_word' id='word_1_61' title='bbox 250 955 300 1015; x_wconf 81' lang='lat'><strong>42.</strong></span> <span class='ocrx_word' id='word_1_62' title='bbox 324 950 407 1012; x_wconf 70' lang='lat' dir='ltr'><strong>‘Non</strong></span> <span class='ocrx_word' id='word_1_63' title='bbox 429 950 496 1010; x_wconf 93' lang='lat' dir='ltr'><strong>mibi</strong></span> <span class='ocrx_word' id='word_1_64' title='bbox 511 965 586 1009; x_wconf 88' lang='lat' dir='ltr'><strong>uxor</strong></span> <span class='ocrx_word' id='word_1_65' title='bbox 601 958 649 1009; x_wconf 91' lang='lat' dir='ltr'><strong>aut</strong></span> <span class='ocrx_word' id='word_1_66' title='bbox 664 947 738 1008; x_wconf 88' lang='lat' dir='ltr'><strong>lilius</strong></span> <span class='ocrx_word' id='word_1_67' title='bbox 753 957 836 1027; x_wconf 91' lang='lat' dir='ltr'><strong>patre</strong></span> <span class='ocrx_word' id='word_1_68' title='bbox 855 956 884 1008; x_wconf 92' lang='lat' dir='ltr'><strong>et</strong></span> <span class='ocrx_word' id='word_1_69' title='bbox 904 967 937 1009; x_wconf 86' lang='lat' dir='ltr'><strong>re</strong></span> <span class='ocrx_word' id='word_1_70' title='bbox 959 947 1075 1029; x_wconf 88' lang='lat' dir='ltr'><strong>publiea</strong></span> <span class='ocrx_word' id='word_1_71' title='bbox 1098 949 1193 1010; x_wconf 90' lang='lat' dir='ltr'><strong>cario·</strong></span> 
     </span>
     <span class='ocr_line' id='line_1_10' title="bbox 186 1031 1195 1115; baseline -0.005 -16"><span class='ocrx_word' id='word_1_72' title='bbox 186 1057 235 1100; x_wconf 89' lang='lat' dir='ltr'><strong>res</strong></span> <span class='ocrx_word' id='word_1_73' title='bbox 251 1047 326 1115; x_wconf 89' lang='lat' dir='ltr'><strong>sunt,</strong></span> <span class='ocrx_word' id='word_1_74' title='bbox 343 1035 396 1097; x_wconf 89' lang='lat' dir='ltr'><strong>sed</strong></span> <span class='ocrx_word' id='word_1_75' title='bbox 410 1035 490 1094; x_wconf 91' lang='lat' dir='ltr'><strong>illum</strong></span> <span class='ocrx_word' id='word_1_76' title='bbox 509 1031 623 1113; x_wconf 85' lang='lat' dir='ltr'><strong>quidem</strong></span> <span class='ocrx_word' id='word_1_77' title='bbox 640 1051 691 1092; x_wconf 87' lang='lat' dir='ltr'><strong>sua</strong></span> <span class='ocrx_word' id='word_1_78' title='bbox 707 1033 854 1109; x_wconf 90' lang='lat' dir='ltr'><strong>maiestas,</strong></span> <span class='ocrx_word' id='word_1_79' title='bbox 870 1033 1020 1111; x_wconf 89' lang='lat' dir='ltr'><strong>imperium</strong></span> <span class='ocrx_word' id='word_1_80' title='bbox 1031 1031 1195 1094; x_wconf 82' lang='lat' dir='ltr'><strong>Romanum</strong></span> 
     </span>
     <span class='ocr_line' id='line_1_11' title="bbox 187 1115 1195 1198; baseline -0.006 -14"><span class='ocrx_word' id='word_1_81' title='bbox 187 1121 444 1185; x_wconf 84' lang='lat' dir='ltr'><strong>ceteriexercitus</strong></span> <span class='ocrx_word' id='word_1_82' title='bbox 460 1117 628 1179; x_wconf 83' lang='lat' dir='ltr'><strong>defendent.</strong></span> <span class='ocrx_word' id='word_1_83' title='bbox 656 1117 808 1194; x_wconf 86' lang='lat' dir='ltr'><strong>coniugem</strong></span> <span class='ocrx_word' id='word_1_84' title='bbox 825 1126 854 1177; x_wconf 95' lang='lat' dir='ltr'><strong>et</strong></span> <span class='ocrx_word' id='word_1_85' title='bbox 868 1115 979 1177; x_wconf 92' lang='lat' dir='ltr'><strong>liberos</strong></span> <span class='ocrx_word' id='word_1_86' title='bbox 996 1133 1093 1194; x_wconf 90' lang='lat' dir='ltr'><strong>meos,</strong></span> <span class='ocrx_word' id='word_1_87' title='bbox 1116 1135 1195 1198; x_wconf 89' lang='lat' dir='ltr'><strong>quos</strong></span> 
     </span>
     <span class='ocr_line' id='line_1_12' title="bbox 187 1200 1195 1289; baseline -0.005 -22"><span class='ocrx_word' id='word_1_88' title='bbox 187 1223 241 1289; x_wconf 91' lang='lat' dir='ltr'><strong>pro</strong></span> <span class='ocrx_word' id='word_1_89' title='bbox 258 1205 353 1284; x_wconf 86' lang='lat' dir='ltr'><strong>gloria</strong></span> <span class='ocrx_word' id='word_1_90' title='bbox 369 1212 467 1264; x_wconf 83' lang='lat' dir='ltr'><strong>uestra</strong></span> <span class='ocrx_word' id='word_1_91' title='bbox 482 1202 578 1263; x_wconf 91' lang='lat' dir='ltr'><strong>libens</strong></span> <span class='ocrx_word' id='word_1_92' title='bbox 595 1200 631 1261; x_wconf 90' lang='lat' dir='ltr'><strong>ad</strong></span> <span class='ocrx_word' id='word_1_93' title='bbox 648 1202 765 1262; x_wconf 84' lang='lat' dir='ltr'><strong>exitium</strong></span> <span class='ocrx_word' id='word_1_94' title='bbox 782 1201 935 1278; x_wconf 82' lang='lat' dir='ltr'><strong>offerrem,</strong></span> <span class='ocrx_word' id='word_1_95' title='bbox 958 1219 1033 1262; x_wconf 90' lang='lat' dir='ltr'><strong>nunc</strong></span> <span class='ocrx_word' id='word_1_96' title='bbox 1054 1202 1160 1280; x_wconf 92' lang='lat' dir='ltr'><strong>procul</strong></span> <span class='ocrx_word' id='word_1_97' title='bbox 1178 1222 1195 1262; x_wconf 94' lang='lat' dir='ltr'><strong>a</strong></span> 
     </span>
    </p>

    <p class='ocr_par' dir='ltr' id='par_1_8' title="bbox 153 1285 1194 2547">
     <span class='ocr_line' id='line_1_13' title="bbox 167 1285 1193 1365; baseline -0.007 -13"><span class='ocrx_word' id='word_1_98' title='bbox 167 1289 349 1353; x_wconf 78' lang='lat' dir='ltr'><strong>sturentthus</strong></span> <span class='ocrx_word' id='word_1_99' title='bbox 361 1304 542 1362; x_wconf 84' lang='lat' dir='ltr'><strong>summoveo,</strong></span> <span class='ocrx_word' id='word_1_100' title='bbox 555 1296 585 1347; x_wconf 95' lang='lat' dir='ltr'><strong>ut</strong></span> <span class='ocrx_word' id='word_1_101' title='bbox 597 1285 733 1365; x_wconf 85' lang='lat' dir='ltr'><strong>quidquid</strong></span> <span class='ocrx_word' id='word_1_102' title='bbox 746 1286 822 1346; x_wconf 92' lang='lat' dir='ltr'><strong>istud</strong></span> <span class='ocrx_word' id='word_1_103' title='bbox 835 1285 957 1346; x_wconf 89' lang='lat' dir='ltr'><strong>sceleris</strong></span> <span class='ocrx_word' id='word_1_104' title='bbox 970 1287 1107 1363; x_wconf 91' lang='lat' dir='ltr'><strong>imminet,</strong></span> <span class='ocrx_word' id='word_1_105' title='bbox 1125 1304 1193 1346; x_wconf 93' lang='lat' dir='ltr'><strong>meo</strong></span> 
     </span>
     <span class='ocr_line' id='line_1_14' title="bbox 187 1369 1193 1452; baseline -0.004 -17"><span class='ocrx_word' id='word_1_106' title='bbox 187 1384 294 1437; x_wconf 91' lang='lat' dir='ltr'><strong>tantum</strong></span> <span class='ocrx_word' id='word_1_107' title='bbox 307 1374 446 1452; x_wconf 89' lang='lat' dir='ltr'><strong>sanguine</strong></span> <span class='ocrx_word' id='word_1_108' title='bbox 458 1372 564 1451; x_wconf 91' lang='lat' dir='ltr'><strong>pietur,</strong></span> <span class='ocrx_word' id='word_1_109' title='bbox 580 1389 655 1430; x_wconf 89' lang='lat' dir='ltr'><strong>neve</strong></span> <span class='ocrx_word' id='word_1_110' title='bbox 669 1371 784 1431; x_wconf 88' lang='lat' dir='ltr'><strong>occisos</strong></span> <span class='ocrx_word' id='word_1_111' title='bbox 795 1369 919 1448; x_wconf 78' lang='lat' dir='ltr'><strong>Augusti</strong></span> <span class='ocrx_word' id='word_1_112' title='bbox 930 1387 1089 1450; x_wconf 88' lang='lat' dir='ltr'><strong>pronepos,</strong></span> <span class='ocrx_word' id='word_1_113' title='bbox 1103 1371 1193 1432; x_wconf 91' lang='lat' dir='ltr'><strong>inter·</strong></span> 
     </span>
     <span class='ocr_line' id='line_1_15' title="bbox 188 1453 1194 1534; baseline -0.006 -13"><span class='ocrx_word' id='word_1_114' title='bbox 188 1461 265 1521; x_wconf 85' lang='lat' dir='ltr'><strong>lecta</strong></span> <span class='ocrx_word' id='word_1_115' title='bbox 280 1457 389 1521; x_wconf 84' lang='lat' dir='ltr'><strong>Tiberii</strong></span> <span class='ocrx_word' id='word_1_116' title='bbox 413 1475 501 1517; x_wconf 87' lang='lat' dir='ltr'><strong>nurus</strong></span> <span class='ocrx_word' id='word_1_117' title='bbox 525 1456 712 1517; x_wconf 80' lang='lat' dir='ltr'><strong>nocentiores</strong></span> <span class='ocrx_word' id='word_1_118' title='bbox 734 1471 788 1515; x_wconf 82' lang='lat' dir='ltr'><strong>vos</strong></span> <span class='ocrx_word' id='word_1_119' title='bbox 812 1453 931 1518; x_wconf 85' lang='lat' dir='ltr'><strong>iaciant.</strong></span> <span class='ocrx_word' id='word_1_120' title='bbox 952 1454 1018 1534; x_wconf 90' lang='lat' dir='ltr'><strong>quid</strong></span> <span class='ocrx_word' id='word_1_121' title='bbox 1041 1457 1116 1515; x_wconf 91' lang='lat' dir='ltr'><strong>enim</strong></span> <span class='ocrx_word' id='word_1_122' title='bbox 1137 1474 1194 1534; x_wconf 89' lang='lat' dir='ltr'><strong>per</strong></span> 
     </span>
     <span class='ocr_line' id='line_1_16' title="bbox 187 1535 1194 1618; baseline -0.005 -13"><span class='ocrx_word' id='word_1_123' title='bbox 187 1545 242 1606; x_wconf 87' lang='lat' dir='ltr'><strong>bos</strong></span> <span class='ocrx_word' id='word_1_124' title='bbox 265 1542 328 1603; x_wconf 89' lang='lat' dir='ltr'><strong>dies</strong></span> <span class='ocrx_word' id='word_1_125' title='bbox 351 1544 481 1602; x_wconf 86' lang='lat' dir='ltr'><strong>inausum</strong></span> <span class='ocrx_word' id='word_1_126' title='bbox 499 1542 740 1601; x_wconf 85' lang='lat' dir='ltr'><strong>intemeratumve</strong></span> <span class='ocrx_word' id='word_1_127' title='bbox 763 1535 868 1616; x_wconf 80' lang='lat' dir='ltr'><strong>uobis?</strong></span> <span class='ocrx_word' id='word_1_128' title='bbox 900 1540 977 1618; x_wconf 86' lang='lat' dir='ltr'><strong>quod</strong></span> <span class='ocrx_word' id='word_1_129' title='bbox 997 1556 1102 1600; x_wconf 90' lang='lat' dir='ltr'><strong>nornen</strong></span> <span class='ocrx_word' id='word_1_130' title='bbox 1125 1538 1194 1608; x_wconf 88' lang='lat' dir='ltr'><strong>huic</strong></span> 
     </span>
     <span class='ocr_line' id='line_1_17' title="bbox 188 1623 1194 1705; baseline -0.006 -16"><span class='ocrx_word' id='word_1_131' title='bbox 188 1628 285 1690; x_wconf 90' lang='lat' dir='ltr'><strong>coetui</strong></span> <span class='ocrx_word' id='word_1_132' title='bbox 301 1623 398 1688; x_wconf 81' lang='lat' dir='ltr'><strong>dabo?</strong></span> <span class='ocrx_word' id='word_1_133' title='bbox 413 1626 558 1686; x_wconf 87' lang='lat' dir='ltr'><strong>militesne</strong></span> <span class='ocrx_word' id='word_1_134' title='bbox 571 1623 730 1705; x_wconf 85' lang='lat' dir='ltr'><strong>appellem,</strong></span> <span class='ocrx_word' id='word_1_135' title='bbox 747 1625 795 1703; x_wconf 90' lang='lat' dir='ltr'><strong>qui</strong></span> <span class='ocrx_word' id='word_1_136' title='bbox 808 1623 1088 1704; x_wconf 83' lang='lat' dir='ltr'><strong>liliumimperatoris</strong></span> <span class='ocrx_word' id='word_1_137' title='bbox 1100 1625 1194 1684; x_wconf 85' lang='lat' dir='ltr'><strong>vestri</strong></span> 
     </span>
     <span class='ocr_line' id='line_1_18' title="bbox 157 1706 1192 1788; baseline -0.006 -14"><span class='ocrx_word' id='word_1_138' title='bbox 157 1734 179 1775; x_wconf 88' lang='lat' dir='ltr'><strong>ro</strong></span> <span class='ocrx_word' id='word_1_139' title='bbox 189 1711 267 1774; x_wconf 87' lang='lat' dir='ltr'><strong>vallo</strong></span> <span class='ocrx_word' id='word_1_140' title='bbox 285 1719 315 1772; x_wconf 89' lang='lat' dir='ltr'><strong>et</strong></span> <span class='ocrx_word' id='word_1_141' title='bbox 330 1711 416 1771; x_wconf 89' lang='lat' dir='ltr'><strong>armis</strong></span> <span class='ocrx_word' id='word_1_142' title='bbox 434 1706 685 1772; x_wconf 85' lang='lat' dir='ltr'><strong>circumsedistisi</strong></span> <span class='ocrx_word' id='word_1_143' title='bbox 701 1726 736 1768; x_wconf 92' lang='lat' dir='ltr'><strong>an</strong></span> <span class='ocrx_word' id='word_1_144' title='bbox 753 1709 849 1785; x_wconf 87' lang='lat' dir='ltr'><strong>cives,</strong></span> <span class='ocrx_word' id='word_1_145' title='bbox 867 1707 969 1787; x_wconf 88' lang='lat' dir='ltr'><strong>quibus</strong></span> <span class='ocrx_word' id='word_1_146' title='bbox 984 1717 1041 1769; x_wconf 92' lang='lat' dir='ltr'><strong>tarn</strong></span> <span class='ocrx_word' id='word_1_147' title='bbox 1059 1709 1192 1788; x_wconf 89' lang='lat' dir='ltr'><strong>proiecta</strong></span> 
     </span>
     <span class='ocr_line' id='line_1_19' title="bbox 188 1791 1191 1873; baseline -0.005 -16"><span class='ocrx_word' id='word_1_148' title='bbox 188 1804 305 1857; x_wconf 87' lang='lat' dir='ltr'><strong>senatus</strong></span> <span class='ocrx_word' id='word_1_149' title='bbox 320 1791 499 1856; x_wconf 78' lang='lat' dir='ltr'><strong>auctoritas?</strong></span> <span class='ocrx_word' id='word_1_150' title='bbox 515 1794 641 1854; x_wconf 90' lang='lat' dir='ltr'><strong>bostium</strong></span> <span class='ocrx_word' id='word_1_151' title='bbox 657 1810 773 1873; x_wconf 87' lang='lat' dir='ltr'><strong>quoque</strong></span> <span class='ocrx_word' id='word_1_152' title='bbox 788 1793 832 1852; x_wconf 91' lang='lat' dir='ltr'><strong>ius</strong></span> <span class='ocrx_word' id='word_1_153' title='bbox 851 1801 880 1852; x_wconf 86' lang='lat' dir='ltr'><strong>ct</strong></span> <span class='ocrx_word' id='word_1_154' title='bbox 895 1810 978 1854; x_wconf 87' lang='lat' dir='ltr'><strong>sacra</strong></span> <span class='ocrx_word' id='word_1_155' title='bbox 993 1793 1150 1871; x_wconf 87' lang='lat' dir='ltr'><strong>legationis</strong></span> <span class='ocrx_word' id='word_1_156' title='bbox 1163 1803 1191 1853; x_wconf 89' lang='lat' dir='ltr'><strong>et</strong></span> 
     </span>
     <span class='ocr_line' id='line_1_20' title="bbox 187 1876 1191 1958; baseline -0.004 -16"><span class='ocrx_word' id='word_1_157' title='bbox 187 1881 232 1942; x_wconf 86' lang='lat' dir='ltr'><strong>ias</strong></span> <span class='ocrx_word' id='word_1_158' title='bbox 246 1881 373 1958; x_wconf 88' lang='lat' dir='ltr'><strong>gentium</strong></span> <span class='ocrx_word' id='word_1_159' title='bbox 389 1880 518 1957; x_wconf 86' lang='lat' dir='ltr'><strong>rupistis.</strong></span> <span class='ocrx_word' id='word_1_160' title='bbox 553 1878 636 1940; x_wconf 90' lang='lat' dir='ltr'><strong>divus</strong></span> <span class='ocrx_word' id='word_1_161' title='bbox 650 1876 739 1937; x_wconf 92' lang='lat' dir='ltr'><strong>lulius</strong></span> <span class='ocrx_word' id='word_1_162' title='bbox 758 1876 931 1938; x_wconf 90' lang='lat' dir='ltr'><strong>seditionem</strong></span> <span class='ocrx_word' id='word_1_163' title='bbox 941 1879 1087 1938; x_wconf 80' lang='lat' dir='ltr'><strong>exercitus</strong></span> <span class='ocrx_word' id='word_1_164' title='bbox 1099 1878 1191 1940; x_wconf 84' lang='lat' dir='ltr'><strong>verbo</strong></span> 
     </span>
     <span class='ocr_line' id='line_1_21' title="bbox 188 1961 1189 2043; baseline -0.002 -19"><span class='ocrx_word' id='word_1_165' title='bbox 188 1981 245 2025; x_wconf 92' lang='lat' dir='ltr'><strong>uno</strong></span> <span class='ocrx_word' id='word_1_166' title='bbox 259 1964 451 2043; x_wconf 89' lang='lat' dir='ltr'><strong>compescuit,</strong></span> <span class='ocrx_word' id='word_1_167' title='bbox 470 1962 599 2038; x_wconf 83' lang='lat' dir='ltr'><strong>Quirites</strong></span> <span class='ocrx_word' id='word_1_168' title='bbox 616 1962 748 2022; x_wconf 89' lang='lat' dir='ltr'><strong>vocando</strong></span> <span class='ocrx_word' id='word_1_169' title='bbox 766 1961 819 2041; x_wconf 90' lang='lat' dir='ltr'><strong>qui·</strong></span> <span class='ocrx_word' id='word_1_170' title='bbox 831 1971 1040 2023; x_wconf 89' lang='lat' dir='ltr'><strong>sacramentum</strong></span> <span class='ocrx_word' id='word_1_171' title='bbox 1057 1964 1120 2023; x_wconf 89' lang='lat' dir='ltr'><strong>eins</strong></span> <span class='ocrx_word' id='word_1_172' title='bbox 1142 1963 1189 2023; x_wconf 89' lang='lat' dir='ltr'><strong>de-</strong></span> 
     </span>
     <span class='ocr_line' id='line_1_22' title="bbox 187 2045 1190 2126; baseline -0.002 -17"><span class='ocrx_word' id='word_1_173' title='bbox 187 2046 365 2109; x_wconf 89' lang='lat' dir='ltr'><strong>trectabant:</strong></span> <span class='ocrx_word' id='word_1_174' title='bbox 382 2046 464 2108; x_wconf 92' lang='lat' dir='ltr'><strong>divus</strong></span> <span class='ocrx_word' id='word_1_175' title='bbox 482 2046 633 2125; x_wconf 81' lang='lat' dir='ltr'><strong>Augustus</strong></span> <span class='ocrx_word' id='word_1_176' title='bbox 649 2046 728 2106; x_wconf 91' lang='lat' dir='ltr'><strong>vultu</strong></span> <span class='ocrx_word' id='word_1_177' title='bbox 751 2056 780 2106; x_wconf 89' lang='lat' dir='ltr'><strong>et</strong></span> <span class='ocrx_word' id='word_1_178' title='bbox 800 2056 921 2125; x_wconf 90' lang='lat' dir='ltr'><strong>aspectu</strong></span> <span class='ocrx_word' id='word_1_179' title='bbox 937 2045 1074 2108; x_wconf 76' lang='lat' dir='ltr'><strong>Actiacas</strong></span> <span class='ocrx_word' id='word_1_180' title='bbox 1098 2047 1190 2126; x_wconf 84' lang='lat' dir='ltr'><strong>legio-</strong></span> 
     </span>
     <span class='ocr_line' id='line_1_23' title="bbox 153 2129 1193 2208; baseline -0.002 -16"><span class='ocrx_word' id='word_1_181' title='bbox 153 2149 178 2192; x_wconf 80' lang='lat' dir='ltr'><strong>as</strong></span> <span class='ocrx_word' id='word_1_182' title='bbox 187 2150 239 2192; x_wconf 91' lang='lat' dir='ltr'><strong>nes</strong></span> <span class='ocrx_word' id='word_1_183' title='bbox 257 2133 412 2192; x_wconf 86' lang='lat' dir='ltr'><strong>exterruit:</strong></span> <span class='ocrx_word' id='word_1_184' title='bbox 436 2149 490 2200; x_wconf 86' lang='lat' dir='ltr'><strong>nos</strong></span> <span class='ocrx_word' id='word_1_185' title='bbox 511 2140 543 2191; x_wconf 95' lang='lat' dir='ltr'><strong>ut</strong></span> <span class='ocrx_word' id='word_1_186' title='bbox 565 2131 689 2193; x_wconf 92' lang='lat' dir='ltr'><strong>nondum</strong></span> <span class='ocrx_word' id='word_1_187' title='bbox 709 2129 845 2208; x_wconf 89' lang='lat' dir='ltr'><strong>eosdem,</strong></span> <span class='ocrx_word' id='word_1_188' title='bbox 868 2131 907 2191; x_wconf 92' lang='lat' dir='ltr'><strong>ita</strong></span> <span class='ocrx_word' id='word_1_189' title='bbox 928 2130 1041 2192; x_wconf 88' lang='lat' dir='ltr'><strong>exiliis</strong></span> <span class='ocrx_word' id='word_1_190' title='bbox 1064 2141 1144 2192; x_wconf 92' lang='lat' dir='ltr'><strong>ortos</strong></span> <span class='ocrx_word' id='word_1_191' title='bbox 1167 2130 1193 2192; x_wconf 89' lang='lat' dir='ltr'><strong>si</strong></span> 
     </span>
     <span class='ocr_line' id='line_1_24' title="bbox 187 2215 1191 2295; baseline -0.002 -18"><span class='ocrx_word' id='word_1_192' title='bbox 187 2215 342 2295; x_wconf 87' lang='lat' dir='ltr'><strong>Hispaniae</strong></span> <span class='ocrx_word' id='word_1_193' title='bbox 359 2217 501 2276; x_wconf 88' lang='lat' dir='ltr'><strong>Suriaeue</strong></span> <span class='ocrx_word' id='word_1_194' title='bbox 515 2215 599 2276; x_wconf 89' lang='lat' dir='ltr'><strong>miles</strong></span> <span class='ocrx_word' id='word_1_195' title='bbox 615 2223 838 2294; x_wconf 88' lang='lat' dir='ltr'><strong>aspernaretur,</strong></span> <span class='ocrx_word' id='word_1_196' title='bbox 863 2225 958 2275; x_wconf 89' lang='lat' dir='ltr'><strong>tamen</strong></span> <span class='ocrx_word' id='word_1_197' title='bbox 978 2216 1088 2277; x_wconf 88' lang='lat' dir='ltr'><strong>mirum·</strong></span> <span class='ocrx_word' id='word_1_198' title='bbox 1100 2225 1128 2276; x_wconf 90' lang='lat' dir='ltr'><strong>et</strong></span> <span class='ocrx_word' id='word_1_199' title='bbox 1149 2217 1191 2276; x_wconf 92' lang='lat' dir='ltr'><strong>in-</strong></span> 
     </span>
     <span class='ocr_line' id='line_1_25' title="bbox 187 2299 1191 2380; baseline -0.001 -19"><span class='ocrx_word' id='word_1_200' title='bbox 187 2301 302 2378; x_wconf 85' lang='lat' dir='ltr'><strong>dignum</strong></span> <span class='ocrx_word' id='word_1_201' title='bbox 323 2309 395 2362; x_wconf 91' lang='lat' dir='ltr'><strong>erat.</strong></span> <span class='ocrx_word' id='word_1_202' title='bbox 435 2301 565 2380; x_wconf 88' lang='lat' dir='ltr'><strong>primane</strong></span> <span class='ocrx_word' id='word_1_203' title='bbox 587 2310 616 2360; x_wconf 87' lang='lat' dir='ltr'><strong>et</strong></span> <span class='ocrx_word' id='word_1_204' title='bbox 641 2300 798 2360; x_wconf 88' lang='lat' dir='ltr'><strong>vicensima</strong></span> <span class='ocrx_word' id='word_1_205' title='bbox 820 2299 971 2378; x_wconf 88' lang='lat' dir='ltr'><strong>legiones,</strong></span> <span class='ocrx_word' id='word_1_206' title='bbox 992 2299 1043 2360; x_wconf 89' lang='lat' dir='ltr'><strong>illa</strong></span> <span class='ocrx_word' id='word_1_207' title='bbox 1067 2301 1191 2379; x_wconf 87' lang='lat' dir='ltr'><strong>signisa</strong></span> 
     </span>
     <span class='ocr_line' id='line_1_26' title="bbox 187 2383 1190 2464; baseline -0.001 -18"><span class='ocrx_word' id='word_1_208' title='bbox 187 2383 304 2446; x_wconf 86' lang='lat' dir='ltr'><strong>Tiberio</strong></span> <span class='ocrx_word' id='word_1_209' title='bbox 321 2385 465 2463; x_wconf 86' lang='lat' dir='ltr'><strong>acceptis,</strong></span> <span class='ocrx_word' id='word_1_210' title='bbox 480 2394 511 2445; x_wconf 89' lang='lat' dir='ltr'><strong>tu</strong></span> <span class='ocrx_word' id='word_1_211' title='bbox 527 2393 570 2444; x_wconf 92' lang='lat' dir='ltr'><strong>tot</strong></span> <span class='ocrx_word' id='word_1_212' title='bbox 585 2384 764 2464; x_wconf 87' lang='lat' dir='ltr'><strong>proeliorum</strong></span> <span class='ocrx_word' id='word_1_213' title='bbox 779 2385 871 2460; x_wconf 89' lang='lat' dir='ltr'><strong>socia,</strong></span> <span class='ocrx_word' id='word_1_214' title='bbox 887 2393 930 2445; x_wconf 92' lang='lat' dir='ltr'><strong>tot</strong></span> <span class='ocrx_word' id='word_1_215' title='bbox 945 2384 1080 2464; x_wconf 86' lang='lat' dir='ltr'><strong>praemiis</strong></span> <span class='ocrx_word' id='word_1_216' title='bbox 1094 2393 1190 2462; x_wconf 88' lang='lat' dir='ltr'><strong>aucta,</strong></span> 
     </span>
     <span class='ocr_line' id='line_1_27' title="bbox 187 2467 1190 2547; baseline -0.001 -20"><span class='ocrx_word' id='word_1_217' title='bbox 187 2471 338 2546; x_wconf 83' lang='lat' dir='ltr'><strong>egregiam</strong></span> <span class='ocrx_word' id='word_1_218' title='bbox 361 2468 427 2529; x_wconf 91' lang='lat' dir='ltr'><strong>duci</strong></span> <span class='ocrx_word' id='word_1_219' title='bbox 457 2477 557 2529; x_wconf 85' lang='lat' dir='ltr'><strong>uestro</strong></span> <span class='ocrx_word' id='word_1_220' title='bbox 585 2469 707 2546; x_wconf 84' lang='lat' dir='ltr'><strong>gratiam</strong></span> <span class='ocrx_word' id='word_1_221' title='bbox 728 2467 867 2529; x_wconf 78' lang='lat' dir='ltr'><strong>refertis?</strong></span> <span class='ocrx_word' id='word_1_222' title='bbox 887 2468 964 2530; x_wconf 90' lang='lat' dir='ltr'><strong>bunc</strong></span> <span class='ocrx_word' id='word_1_223' title='bbox 987 2485 1042 2547; x_wconf 89' lang='lat' dir='ltr'><strong>ego</strong></span> <span class='ocrx_word' id='word_1_224' title='bbox 1064 2468 1190 2528; x_wconf 92' lang='lat' dir='ltr'><strong>nuntium</strong></span> 
     </span>
    </p>
   </div>
   <div class='ocr_carea' id='block_1_4' title="bbox 49 2549 1191 2634">
    <p class='ocr_par' dir='ltr' id='par_1_9' title="bbox 49 2549 1191 2634">
     <span class='ocr_line' id='line_1_28' title="bbox 49 2549 1191 2634; baseline 0 -22"><span class='ocrx_word' id='word_1_225' title='bbox 49 2616 52 2621; x_wconf 68' lang='grc'><strong>,</strong></span> <span class='ocrx_word' id='word_1_226' title='bbox 152 2553 278 2634; x_wconf 85' lang='lat' dir='ltr'><strong>aopatni,</strong></span> <span class='ocrx_word' id='word_1_227' title='bbox 294 2553 372 2614; x_wconf 89' lang='lat' dir='ltr'><strong>laeta</strong></span> <span class='ocrx_word' id='word_1_228' title='bbox 389 2555 483 2614; x_wconf 89' lang='lat' dir='ltr'><strong>omnia</strong></span> <span class='ocrx_word' id='word_1_229' title='bbox 505 2553 570 2614; x_wconf 91' lang='lat' dir='ltr'><strong>aliis</strong></span> <span class='ocrx_word' id='word_1_230' title='bbox 591 2572 608 2613; x_wconf 91' lang='lat' dir='ltr'><strong>e</strong></span> <span class='ocrx_word' id='word_1_231' title='bbox 630 2553 787 2631; x_wconf 89' lang='lat' dir='ltr'><strong>provinciis</strong></span> <span class='ocrx_word' id='word_1_232' title='bbox 804 2553 946 2631; x_wconf 89' lang='lat' dir='ltr'><strong>audienti,</strong></span> <span class='ocrx_word' id='word_1_233' title='bbox 967 2549 1079 2615; x_wconf 82' lang='lat' dir='ltr'><strong>terami</strong></span> <span class='ocrx_word' id='word_1_234' title='bbox 1100 2552 1191 2632; x_wconf 90' lang='lat' dir='ltr'><strong>ipsius</strong></span> 
     </span>
    </p>
   </div>
   <div class='ocr_carea' id='block_1_5' title="bbox 117 2637 1214 3559">
    <p class='ocr_par' dir='ltr' id='par_1_10' title="bbox 178 2637 1214 2951">
     <span class='ocr_line' id='line_1_29' title="bbox 178 2637 1214 2718; baseline -0.003 -20"><span class='ocrx_word' id='word_1_235' title='bbox 178 2639 309 2714; x_wconf 87' lang='lat' dir='ltr'><strong>tirones,</strong></span> <span class='ocrx_word' id='word_1_236' title='bbox 326 2637 416 2717; x_wconf 90' lang='lat' dir='ltr'><strong>ipsius</strong></span> <span class='ocrx_word' id='word_1_237' title='bbox 430 2647 587 2700; x_wconf 79' lang='lat' dir='ltr'><strong>veteranos</strong></span> <span class='ocrx_word' id='word_1_238' title='bbox 601 2654 659 2696; x_wconf 91' lang='lat' dir='ltr'><strong>non</strong></span> <span class='ocrx_word' id='word_1_239' title='bbox 674 2637 827 2714; x_wconf 91' lang='lat' dir='ltr'><strong>missione,</strong></span> <span class='ocrx_word' id='word_1_240' title='bbox 843 2654 901 2716; x_wconf 90' lang='lat' dir='ltr'><strong>non</strong></span> <span class='ocrx_word' id='word_1_241' title='bbox 917 2639 1042 2718; x_wconf 88' lang='lat' dir='ltr'><strong>pecunia</strong></span> <span class='ocrx_word' id='word_1_242' title='bbox 1056 2637 1190 2708; x_wconf 88' lang='lat' dir='ltr'><strong>satiatos;</strong></span> <span class='ocrx_word' id='word_1_243' title='bbox 1213 2691 1214 2695; x_wconf 75' lang='grc'>,</span> 
     </span>
     <span class='ocr_line' id='line_1_30' title="bbox 186 2721 1190 2800; baseline 0 -18"><span class='ocrx_word' id='word_1_244' title='bbox 186 2721 235 2782; x_wconf 88' lang='lat' dir='ltr'><strong>ltic</strong></span> <span class='ocrx_word' id='word_1_245' title='bbox 250 2731 357 2782; x_wconf 88' lang='lat' dir='ltr'><strong>tantum</strong></span> <span class='ocrx_word' id='word_1_246' title='bbox 369 2722 493 2783; x_wconf 86' lang='lat' dir='ltr'><strong>interlici</strong></span> <span class='ocrx_word' id='word_1_247' title='bbox 506 2723 702 2798; x_wconf 87' lang='lat' dir='ltr'><strong>centuriones,</strong></span> <span class='ocrx_word' id='word_1_248' title='bbox 718 2721 774 2782; x_wconf 89' lang='lat' dir='ltr'><strong>eici</strong></span> <span class='ocrx_word' id='word_1_249' title='bbox 786 2721 928 2800; x_wconf 90' lang='lat' dir='ltr'><strong>tribunos,</strong></span> <span class='ocrx_word' id='word_1_250' title='bbox 946 2722 1054 2785; x_wconf 89' lang='lat' dir='ltr'><strong>includi</strong></span> <span class='ocrx_word' id='word_1_251' title='bbox 1066 2721 1190 2800; x_wconf 85' lang='lat' dir='ltr'><strong>legatos,</strong></span> 
     </span>
     <span class='ocr_line' id='line_1_31' title="bbox 186 2805 1190 2887; baseline 0.001 -21"><span class='ocrx_word' id='word_1_252' title='bbox 186 2805 294 2867; x_wconf 87' lang='lat' dir='ltr'><strong>iniecta</strong></span> <span class='ocrx_word' id='word_1_253' title='bbox 310 2808 450 2884; x_wconf 89' lang='lat' dir='ltr'><strong>sanguine</strong></span> <span class='ocrx_word' id='word_1_254' title='bbox 469 2816 564 2867; x_wconf 86' lang='lat' dir='ltr'><strong>castra</strong></span> <span class='ocrx_word' id='word_1_255' title='bbox 583 2807 707 2882; x_wconf 91' lang='lat' dir='ltr'><strong>llumina,</strong></span> <span class='ocrx_word' id='word_1_256' title='bbox 724 2823 830 2887; x_wconf 82' lang='lat' dir='ltr'><strong>meque</strong></span> <span class='ocrx_word' id='word_1_257' title='bbox 845 2807 1006 2886; x_wconf 81' lang='lat' dir='ltr'><strong>precariam</strong></span> <span class='ocrx_word' id='word_1_258' title='bbox 1019 2807 1138 2868; x_wconf 87' lang='lat' dir='ltr'><strong>animam</strong></span> <span class='ocrx_word' id='word_1_259' title='bbox 1150 2808 1190 2867; x_wconf 89' lang='lat' dir='ltr'><strong>in-</strong></span> 
     </span>
     <span class='ocr_line' id='line_1_32' title="bbox 185 2890 593 2951; baseline 0 -1"><span class='ocrx_word' id='word_1_260' title='bbox 185 2900 232 2950; x_wconf 90' lang='lat' dir='ltr'><strong>ter</strong></span> <span class='ocrx_word' id='word_1_261' title='bbox 245 2891 376 2951; x_wconf 85' lang='lat' dir='ltr'><strong>intensos</strong></span> <span class='ocrx_word' id='word_1_262' title='bbox 395 2890 520 2951; x_wconf 87' lang='lat' dir='ltr'><strong>trabere.</strong></span> <span class='ocrx_word' id='word_1_263' title='bbox 589 2902 593 2908; x_wconf 84' lang='lat'>&#39;</span> 
     </span>
    </p>

    <p class='ocr_par' dir='ltr' id='par_1_11' title="bbox 117 2972 1211 3479">
     <span class='ocr_line' id='line_1_33' title="bbox 251 2972 1189 3058; baseline 0.002 -22"><span class='ocrx_word' id='word_1_264' title='bbox 251 2975 301 3036; x_wconf 82' lang='lat'><strong>43.</strong></span> <span class='ocrx_word' id='word_1_265' title='bbox 326 2972 384 3034; x_wconf 84' lang='lat' dir='ltr'><strong>Gur</strong></span> <span class='ocrx_word' id='word_1_266' title='bbox 401 2975 476 3036; x_wconf 92' lang='lat' dir='ltr'><strong>enim</strong></span> <span class='ocrx_word' id='word_1_267' title='bbox 494 2977 586 3054; x_wconf 89' lang='lat' dir='ltr'><strong>primo</strong></span> <span class='ocrx_word' id='word_1_268' title='bbox 604 2976 749 3035; x_wconf 90' lang='lat' dir='ltr'><strong>contionis</strong></span> <span class='ocrx_word' id='word_1_269' title='bbox 764 2974 811 3035; x_wconf 89' lang='lat' dir='ltr'><strong>die</strong></span> <span class='ocrx_word' id='word_1_270' title='bbox 826 2975 935 3035; x_wconf 78' lang='lat' dir='ltr'><strong>terrum</strong></span> <span class='ocrx_word' id='word_1_271' title='bbox 948 2974 1030 3052; x_wconf 88' lang='lat' dir='ltr'><strong>illud,</strong></span> <span class='ocrx_word' id='word_1_272' title='bbox 1046 2976 1124 3053; x_wconf 80' lang='lat' dir='ltr'><strong>quod</strong></span> <span class='ocrx_word' id='word_1_273' title='bbox 1141 2996 1189 3058; x_wconf 88' lang='lat' dir='ltr'><strong>pe·</strong></span> 
     </span>
     <span class='ocr_line' id='line_1_34' title="bbox 188 3057 1191 3140; baseline 0.002 -21"><span class='ocrx_word' id='word_1_274' title='bbox 188 3060 262 3119; x_wconf 90' lang='lat' dir='ltr'><strong>ctori</strong></span> <span class='ocrx_word' id='word_1_275' title='bbox 279 3075 344 3119; x_wconf 91' lang='lat' dir='ltr'><strong>meo</strong></span> <span class='ocrx_word' id='word_1_276' title='bbox 360 3059 483 3136; x_wconf 84' lang='lat' dir='ltr'><strong>infigere</strong></span> <span class='ocrx_word' id='word_1_277' title='bbox 504 3058 657 3138; x_wconf 88' lang='lat' dir='ltr'><strong>parabam,</strong></span> <span class='ocrx_word' id='word_1_278' title='bbox 680 3057 864 3135; x_wconf 88' lang='lat' dir='ltr'><strong>detraxistis,</strong></span> <span class='ocrx_word' id='word_1_279' title='bbox 889 3076 906 3119; x_wconf 93' lang='lat' dir='ltr'><strong>o</strong></span> <span class='ocrx_word' id='word_1_280' title='bbox 923 3059 1069 3140; x_wconf 86' lang='lat' dir='ltr'><strong>inprovidi</strong></span> <span class='ocrx_word' id='word_1_281' title='bbox 1088 3057 1191 3122; x_wconf 86' lang='lat' dir='ltr'><strong>amicil</strong></span> 
     </span>
     <span class='ocr_line' id='line_1_35' title="bbox 117 3143 1187 3222; baseline 0.003 -18"><span class='ocrx_word' id='word_1_282' title='bbox 117 3169 120 3173; x_wconf 94' lang='lat'>·</span> <span class='ocrx_word' id='word_1_283' title='bbox 191 3145 294 3204; x_wconf 91' lang='lat' dir='ltr'><strong>melius</strong></span> <span class='ocrx_word' id='word_1_284' title='bbox 317 3153 347 3204; x_wconf 92' lang='lat' dir='ltr'><strong>et</strong></span> <span class='ocrx_word' id='word_1_285' title='bbox 366 3145 505 3206; x_wconf 86' lang='lat' dir='ltr'><strong>amantius</strong></span> <span class='ocrx_word' id='word_1_286' title='bbox 525 3143 577 3204; x_wconf 90' lang='lat' dir='ltr'><strong>ille</strong></span> <span class='ocrx_word' id='word_1_287' title='bbox 605 3148 652 3222; x_wconf 87' lang='lat' dir='ltr'><strong>qui</strong></span> <span class='ocrx_word' id='word_1_288' title='bbox 673 3143 798 3222; x_wconf 88' lang='lat' dir='ltr'><strong>gladium</strong></span> <span class='ocrx_word' id='word_1_289' title='bbox 820 3144 974 3206; x_wconf 77' lang='lat' dir='ltr'><strong>offerebat.</strong></span> <span class='ocrx_word' id='word_1_290' title='bbox 1015 3146 1187 3208; x_wconf 88' lang='lat' dir='ltr'><strong>cecidissem</strong></span> 
     </span>
     <span class='ocr_line' id='line_1_36' title="bbox 191 3227 1211 3310; baseline 0.003 -21"><span class='ocrx_word' id='word_1_291' title='bbox 191 3237 274 3290; x_wconf 87' lang='lat' dir='ltr'><strong>certe</strong></span> <span class='ocrx_word' id='word_1_292' title='bbox 290 3227 416 3289; x_wconf 92' lang='lat' dir='ltr'><strong>nondum</strong></span> <span class='ocrx_word' id='word_1_293' title='bbox 432 3237 475 3289; x_wconf 94' lang='lat' dir='ltr'><strong>tot</strong></span> <span class='ocrx_word' id='word_1_294' title='bbox 492 3227 668 3306; x_wconf 85' lang='lat' dir='ltr'><strong>flagitiorum</strong></span> <span class='ocrx_word' id='word_1_295' title='bbox 686 3229 829 3289; x_wconf 81' lang='lat' dir='ltr'><strong>exercitui</strong></span> <span class='ocrx_word' id='word_1_296' title='bbox 841 3247 907 3290; x_wconf 89' lang='lat' dir='ltr'><strong>meo</strong></span> <span class='ocrx_word' id='word_1_297' title='bbox 926 3231 1077 3300; x_wconf 88' lang='lat' dir='ltr'><strong>conscius;</strong></span> <span class='ocrx_word' id='word_1_298' title='bbox 1099 3231 1188 3310; x_wconf 90' lang='lat' dir='ltr'><strong>legis·</strong></span> <span class='ocrx_word' id='word_1_299' title='bbox 1210 3249 1211 3273; x_wconf 66' lang='lat'><em>³</em></span> 
     </span>
     <span class='ocr_line' id='line_1_37' title="bbox 170 3311 1210 3394; baseline 0.009 -27"><span class='ocrx_word' id='word_1_300' title='bbox 170 3313 264 3372; x_wconf 83' lang='lat' dir='ltr'><strong>asetis</strong></span> <span class='ocrx_word' id='word_1_301' title='bbox 287 3311 405 3390; x_wconf 86' lang='lat' dir='ltr'><strong>ducem,</strong></span> <span class='ocrx_word' id='word_1_302' title='bbox 427 3313 475 3392; x_wconf 87' lang='lat' dir='ltr'><strong>qui</strong></span> <span class='ocrx_word' id='word_1_303' title='bbox 495 3330 587 3373; x_wconf 88' lang='lat' dir='ltr'><strong>meam</strong></span> <span class='ocrx_word' id='word_1_304' title='bbox 606 3312 721 3391; x_wconf 89' lang='lat' dir='ltr'><strong>quidem</strong></span> <span class='ocrx_word' id='word_1_305' title='bbox 741 3322 863 3373; x_wconf 86' lang='lat' dir='ltr'><strong>mortem</strong></span> <span class='ocrx_word' id='word_1_306' title='bbox 884 3314 1043 3394; x_wconf 91' lang='lat' dir='ltr'><strong>inpunitam</strong></span> <span class='ocrx_word' id='word_1_307' title='bbox 1065 3317 1188 3393; x_wconf 88' lang='lat' dir='ltr'><strong>sineret,</strong></span> <span class='ocrx_word' id='word_1_308' title='bbox 1209 3383 1210 3386; x_wconf 8' lang='grc' dir='ltr'><strong>Ἴ</strong></span> 
     </span>
     <span class='ocr_line' id='line_1_38' title="bbox 190 3395 1210 3479; baseline 0.008 -25"><span class='ocrx_word' id='word_1_309' title='bbox 190 3395 260 3455; x_wconf 89' lang='lat' dir='ltr'><strong>Vari</strong></span> <span class='ocrx_word' id='word_1_310' title='bbox 280 3405 376 3456; x_wconf 89' lang='lat' dir='ltr'><strong>tamen</strong></span> <span class='ocrx_word' id='word_1_311' title='bbox 392 3404 422 3456; x_wconf 89' lang='lat' dir='ltr'><strong>et</strong></span> <span class='ocrx_word' id='word_1_312' title='bbox 445 3397 530 3456; x_wconf 88' lang='lat' dir='ltr'><strong>trium</strong></span> <span class='ocrx_word' id='word_1_313' title='bbox 544 3396 693 3474; x_wconf 89' lang='lat' dir='ltr'><strong>legionum</strong></span> <span class='ocrx_word' id='word_1_314' title='bbox 711 3397 911 3459; x_wconf 85' lang='lat' dir='ltr'><strong>ulcisceretur.</strong></span> <span class='ocrx_word' id='word_1_315' title='bbox 956 3399 1143 3479; x_wconf 86' lang='lat' dir='ltr'><strong>nequeenim</strong></span> <span class='ocrx_word' id='word_1_316' title='bbox 1159 3399 1187 3461; x_wconf 93' lang='lat' dir='ltr'><strong>di</strong></span> <span class='ocrx_word' id='word_1_317' title='bbox 1209 3397 1210 3467; x_wconf 70' lang='lat' dir='ltr'><strong>i</strong></span> 
     </span>
    </p>

    <p class='ocr_par' dir='ltr' id='par_1_12' title="bbox 191 3477 1188 3559">
     <span class='ocr_line' id='line_1_39' title="bbox 191 3477 1188 3559; baseline 0.006 -21"><span class='ocrx_word' id='word_1_318' title='bbox 191 3479 285 3538; x_wconf 84' lang='lat' dir='ltr'><strong>sinant</strong></span> <span class='ocrx_word' id='word_1_319' title='bbox 297 3487 328 3538; x_wconf 93' lang='lat' dir='ltr'><strong>ut</strong></span> <span class='ocrx_word' id='word_1_320' title='bbox 338 3477 492 3557; x_wconf 85' lang='lat' dir='ltr'><strong>Belgarum</strong></span> <span class='ocrx_word' id='word_1_321' title='bbox 508 3497 676 3559; x_wconf 88' lang='lat' dir='ltr'><strong>quamquam</strong></span> <span class='ocrx_word' id='word_1_322' title='bbox 693 3481 876 3542; x_wconf 82' lang='lat' dir='ltr'><strong>offerentium</strong></span> <span class='ocrx_word' id='word_1_323' title='bbox 894 3483 983 3544; x_wconf 88' lang='lat' dir='ltr'><strong>decus</strong></span> <span class='ocrx_word' id='word_1_324' title='bbox 998 3484 1074 3544; x_wconf 92' lang='lat' dir='ltr'><strong>istud</strong></span> <span class='ocrx_word' id='word_1_325' title='bbox 1090 3490 1120 3542; x_wconf 89' lang='lat' dir='ltr'><strong>et</strong></span> <span class='ocrx_word' id='word_1_326' title='bbox 1131 3484 1188 3544; x_wconf 89' lang='lat' dir='ltr'><strong>ola·</strong></span> 
     </span>
    </p>
   </div>
   <div class='ocr_carea' id='block_1_6' title="bbox 0 0 1224 3886">
    <p class='ocr_par' dir='ltr' id='par_1_13' title="bbox 0 0 1224 3886">
     <span class='ocr_line' id='line_1_40' title="bbox 0 0 1224 3886; baseline 0 2"><span class='ocrx_word' id='word_1_327' title='bbox 0 0 1224 3886; x_wconf 95' lang='lat' dir='ltr'><strong> </strong></span> 
     </span>
    </p>
   </div>
  </div>
 </body>
</html>
