2540 3874
162 173 202 237 38
419 163 910 230 connsnnuscmunnnnnnnn

162 342 267 404 minum
284 348 409 416 strages.
441 338 529 414 igitur
543 336 659 395 'censuit
678 334 795 394 Asinius
812 330 911 394 Gallus
934 340 964 392 ut
985 331 1051 394 libri
1071 330 1165 404 Sibul-

163 427 213 489 lini
235 425 389 486 adirentur.
422 420 516 482 renuit
541 419 690 497 Tiberius,
714 416 834 498 perinde
863 415 959 478 divina
986 416 1167 495 humanaque

140 510 324 588 subtegens;
344 506 401 568 scd
421 503 579 567 remedium
602 501 758 564 coercendi
781 501 903 562 nonnis
923 499 1011 563 Ateio
1033 500 1168 581 Capitoni

163 605 192 656 et
215 594 246 655 L.
268 593 407 654 Arruntio
429 588 599 650 mandatum.
642 587 780 650 Achaiam
802 605 837 646 ae
857 584 1061 648 llaoedoniatu
1077 603 1168 647 onera

163 677 349 759 deprecantis
362 675 454 736 levari
468 675 654 752 impraesens
671 671 873 752 proconsulari
895 671 1017 750 imperio
1034 669 1168 750 tradique

164 763 285 825 Caesari
300 761 418 842 placuit.
451 755 571 818 edendis
588 756 814 835 gladiatoribus,
837 772 910 835 quas
926 754 1089 817 Germanioi
1109 755 1168 816 ira·
1251 793 1252 818 1

162 850 216 908 tris
234 865 270 908 nc
293 864 345 907 suo
369 844 484 905 nomine
509 841 667 919 obtulerat,
689 840 801 901 Drusus
824 839 981 920 praesedit,
998 857 1171 920 quamquam
1251 837 1252 900 J

129 955 155 998 ro
165 933 213 993 rili
226 932 371 1008 sanguine
388 928 471 988 nimis
489 925 636 1005 gaudeam
652 924 729 1005 quod
742 925 774 986 in
788 925 893 1002 vulgas
904 925 1125 987 formidolosum
1140 934 1171 986 et
1251 959 1252 988 r

164 1025 248 1096 pater
274 1015 406 1095 arguisse
433 1011 592 1072 dicebatur.
628 1029 679 1071 cur
701 1009 869 1071 abstinuerit
897 1009 1066 1091 spectaculo
1090 1011 1170 1091 ipse,

163 1101 244 1161 varie
262 1097 429 1168 trahebant3
446 1095 496 1156 alii
513 1094 609 1156 taedio
624 1103 739 1174 coetus,
751 1093 864 1174 quidmn
878 1095 991 1156 tristitia
1007 1095 1117 1172 ingenii
1140 1105 1171 1158 et
1251 1089 1252 1168 l

163 1193 240 1245 metu
261 1181 495 1261 cooperationis,
518 1181 586 1259 quia
599 1179 748 1259 Augustus
760 1179 882 1240 comiter
894 1179 1081 1240 interfuisset.
1110 1197 1171 1239 non

164 1267 336 1330 crediderim
362 1264 398 1327 ad
420 1264 621 1326 ostentandam
650 1265 800 1325 caeninam
824 1263 1041 1344 mouendosque
1066 1263 1170 1344 populi
1251 1265 1252 1326 l

130 1353 341 1416 rsolieusiones
354 1367 525 1412 concessam
538 1349 597 1409 lilio
616 1349 781 1425 materiem,
802 1365 971 1428 quamquam
996 1348 1024 1409 id
1052 1365 1171 1428 quoque
1251 1363 1252 1384 t

163 1437 343 1498 dictumest.
1251 1489 1252 1498 ,

226 1524 276 1582 77.
298 1519 338 1579 At
351 1519 456 1580 theatri
470 1518 597 1594 licentia,
613 1518 746 1596 proximo
762 1519 861 1597 priore
876 1535 953 1578 anno
967 1525 1084 1595 coepta,
1101 1534 1169 1594 gra·
1251 1513 1252 1560 t

164 1607 228 1666 vius
242 1613 300 1664 mm
324 1605 433 1682 erupit,
455 1603 562 1663 occisis
584 1617 643 1661 non
665 1600 751 1662 modo
773 1620 789 1662 e
814 1601 903 1681 plebe
916 1611 962 1662 set
980 1601 1117 1661 militibus
1140 1610 1171 1660 et
1251 1623 1252 1678 ᾗ

165 1691 352 1763 centurione,
367 1687 517 1748 vulnerato
532 1684 646 1745 tribuno
663 1688 828 1764 praetoriae
845 1687 988 1764 cohortis,
1013 1685 1079 1746 dum
1100 1703 1169 1765 pro·
1251 1683 1252 1746 3

164 1774 217 1833 bra
236 1773 265 1831 in
287 1772 472 1847 magistratus
494 1779 524 1830 et
545 1768 758 1831 dissensionem
777 1769 858 1848 vulgi
873 1769 1036 1850 prohibent.
1074 1778 1169 1831 actum
1251 1791 1252 1840 3

142 1858 201 1918 ade
216 1874 252 1916 ea
264 1855 406 1916 seditione
418 1853 494 1934 apud
507 1863 606 1934 patres
618 1853 844 1935 dicebanturque
858 1855 1029 1932 sententiae,
1041 1863 1072 1915 ut
1083 1872 1169 1934 prae-

163 1939 279 2002 toribus
291 1941 334 1999 ins
349 1939 496 2016 virgarum
509 1940 539 1998 iu
554 1938 709 2000 histriones
731 1949 819 2000 esset.
849 1940 1017 2000 intercessit
1033 1939 1169 2006 liuterius

163 2025 297 2104 Agrippa
320 2024 449 2084 tribunus
470 2022 569 2102 plebei
593 2024 808 2104 increpitusque
829 2033 875 2084 est
895 2025 987 2084 Asinii
1003 2023 1079 2085 Galli
1103 2040 1164 2084 ora·

161 2113 253 2186 tione,
271 2109 375 2169 silente
387 2106 516 2185 Tiberio,
534 2109 582 2188 qui
595 2125 629 2169 ea
642 2109 793 2170 simulacra
803 2107 945 2170 libertatis
958 2109 1071 2169 senatui
1081 2125 1167 2187 pree-

165 2191 262 2255 bebat
295 2192 385 2270 valuit
396 2201 491 2253 tamen
505 2192 697 2271 intercessio,
714 2195 779 2273 quia
796 2192 878 2254 divus
895 2193 1045 2272 Augustus
1069 2193 1167 2252 immu-

131 2295 217 2340 sones
229 2277 383 2338 verberum
399 2277 557 2338 histriones
573 2277 715 2356 qnondam
726 2277 927 2359 responderat,
945 2295 1042 2358 aequm
1056 2277 1101 2338 ies
1118 2275 1167 2338 Ti·

164 2363 247 2422 ben'o
257 2362 417 2438 intringere
430 2361 506 2424 dicta
518 2363 588 2421 eius.
618 2361 654 2422 de
666 2363 751 2424 modo
763 2363 870 2424 lucaris
885 2373 914 2424 et
929 2362 1067 2424 aduersus
1079 2361 1166 2422 lasci·

163 2447 239 2507 viam
255 2447 397 2506 lautorum
411 2445 498 2507 multa
513 2445 721 2518 decernuntur:
746 2451 783 2508 ex
807 2451 869 2528 quis
883 2447 1014 2509 maxime
1030 2445 1164 2523 insignia,

164 2549 201 2590 ne
216 2529 319 2590 domos
333 2532 570 2609 pantomimorum
587 2542 704 2594 senator
719 2533 859 2610 introiret,
875 2550 911 2594 ne
929 2531 1112 2610 egredientes
1134 2531 1167 2589 in

165 2614 309 2694 publicum
323 2614 437 2694 equites
451 2615 574 2676 Romani
591 2617 743 2696 cingerent
760 2625 807 2678 aut
820 2617 889 2677 alibi
905 2633 988 2696 quam
1004 2617 1033 2676 in
1052 2614 1166 2675 theatro

130 2725 154 2766 η
163 2705 362 2774 sectarentur,
391 2709 421 2760 et
435 2701 626 2778 spectantium
642 2701 852 2762 immodestiam
863 2701 952 2762 exilio
964 2697 1101 2768 multandi
1112 2715 1167 2779 po·

163 2793 254 2844 temes
270 2784 454 2862 praetoribus
469 2785 561 2847 lieret.

227 2867 277 2930 78.
300 2867 450 2948 Templum
470 2879 500 2930 ut
519 2871 548 2928 in
569 2869 684 2932 colonia
705 2871 917 2932 Tarraconensi
933 2877 1094 2932 strueretur
1106 2869 1167 2929 hu·

164 2960 251 3028 gusto
274 2953 440 3030 petentibus
468 2953 604 3034 llispanis
626 2955 813 3035 permissum,
838 2955 993 3034 datumque
1012 2956 1042 3012 in
1062 2969 1167 3014 omnes

164 3036 332 3113 provincias
347 3037 520 3116 exemplum.
546 3041 732 3100 centesimam
743 3057 839 3102 rerum
850 3039 994 3102 venalium
1007 3047 1076 3117 post
1086 3036 1168 3100 bella

164 3119 262 3180 civilia
275 3119 431 3180 institutam
455 3121 632 3202 deprecante
653 3125 764 3204 populo
787 3124 876 3186 edixit
889 3123 1023 3186 Tiberius
1041 3122 1168 3184 militare

141 3204 304 3264 onerarium
320 3221 356 3264 eo
372 3204 499 3266 subsidio
513 3207 564 3267 niti
570 3231 577 3278 ;
594 3209 676 3269 simul
688 3211 827 3290 imparem
840 3211 922 3270 oneri
933 3225 995 3270 rem
1010 3205 1168 3287 publicam,

164 3287 219 3345 nisi
233 3287 393 3349 vicensimo
408 3290 525 3352 militiae
539 3309 613 3352 anno
629 3295 758 3354 veterani
770 3292 988 3356 dimitterentur.
1013 3293 1052 3353 ita
1064 3293 1168 3371 proxi·

164 3385 228 3430 mae
244 3369 393 3433 seditionis
412 3374 488 3436 male
509 3376 656 3456 consulta,
679 3377 781 3458 quibus
805 3378 932 3440 sedecim
955 3375 1168 3457 stipendiorum

166 3455 251 3514 linem
267 3460 483 3539 expresserant,
500 3459 607 3524 abolita
617 3465 646 3523 in
664 3473 822 3544 posterum.
