2596 3872
404 151 510 200 uranu
526 153 584 202 ur.
608 153 684 203 cur.
700 154 820 208 ts-to.
1057 150 1114 213 291

110 308 194 370 bello
208 325 306 388 neque
323 317 381 368 tum
397 309 514 384 omissa,
530 309 595 370 dnm
611 312 743 390 aspectui
758 313 917 374 consulitur
932 325 1031 394 spreta
1050 334 1115 377 oon·

110 393 245 454 scientia.
278 395 390 472 quinat
405 392 617 455 dissimulandis
633 413 727 456 rerum
742 406 933 458 externarum*
945 401 1021 459 curis
1035 400 1115 462 Nero

109 476 283 540 frumentum
307 477 403 556 plebis
420 486 565 538 uetustate
580 489 747 559 corruptum
770 482 798 540 iu
813 481 940 542 Tiberim
954 485 1036 562 iecit,
1057 505 1139 565 quo,

112 563 298 623 securitatem
321 577 455 621 annonae
477 571 662 623 smtcnturet.
695 567 776 625 cuius
790 568 887 645 pretio
906 566 975 628 nibil
990 569 1115 630 additum

111 655 174 724 cst,
196 647 328 725 qumvis
351 645 491 706 docentus
512 647 604 707 terme
625 666 717 708 naves
739 658 823 729 portu
843 650 958 730 inipso
978 653 1114 714 violentia

109 731 292 810 tempestatis
307 739 338 790 et
358 740 472 790 centum
494 731 570 792 alias
590 731 689 792 Tiberi
712 733 869 795 subrectas
885 734 1019 798 lortuitus
1038 739 1114 814 ignis

108 815 332 894 absumpsisset.
361 815 421 874 tris.
436 815 502 875 dein
522 816 707 895 consulares,
731 818 763 878 b
779 817 929 896 Pisonem,
955 819 1112 882 Ducenium

108 899 274 974 Geminum,
302 899 472 978 Pompeium
496 900 645 961 Paulinum
667 903 861 982 vectigalibus
883 903 1009 983 publicis
1029 924 1111 985 prac-
1125 945 1148 984 ,ο

107 983 224 1064 posuit,
245 1001 312 1042 cunr
332 984 527 1045 insectatione
545 985 673 1064 priorum
695 989 872 1068 principum,
899 989 947 1068 qui
969 992 1113 1066 gravitate

106 1076 271 1147 sumptuum
294 1069 387 1128 iustos
404 1068 513 1128 reditus
529 1069 702 1132 anteissent:
726 1090 760 1133 se
782 1089 902 1133 aunuum
926 1075 1114 1134 sescentiens
1230 1125 1239 1136 ,

106 1155 273 1214 sestertium
289 1154 332 1210 rei
348 1151 488 1231 publicae
499 1153 611 1231 largiri.

171 1237 220 1298 19.
242 1236 473 1297 Percrebruerat
492 1255 530 1298 ea·
548 1247 722 1318 tempestate
744 1241 930 1318 pravissimus
944 1261 1022 1318 mos,
1048 1259 1110 1302 cum

108 1322 282 1400 propinquis
295 1321 419 1382 comitiis
431 1330 479 1382 aut
490 1331 571 1382 sorte
584 1325 798 1402 provinciarum
813 1323 945 1405 plerique
958 1326 1021 1385 orbi
1036 1325 1111 1387 lictis

109 1405 313 1483 adoptionibus
333 1405 534 1466 adsciscerent
551 1406 644 1483 lilios,
667 1417 876 1486 praeturaeque
893 1417 923 1469 et
946 1410 1110 1490 prouinciae

109 1491 183 1548 inter
197 1498 296 1567 patres
312 1490 407 1550 sortiti
422 1492 516 1549 statim
532 1493 695 1550 emitterent
706 1509 788 1551 maun
800 1509 875 1571 quos
889 1492 1108 1571 adoptaverant.

107 1589 212 1650 magna
227 1589 292 1632 muru
308 1573 415 1634 invidia
431 1582 561 1634 tenetote
572 1575 689 1652 adeunt,
705 1576 749 1635 ius
764 1584 893 1653 naturae,
910 1576 1029 1638 lsdtores
1041 1576 1108 1636 edu·
1123 1613 1135 1650 5

107 1657 192 1720 candi
218 1657 359 1718 adversus
388 1657 517 1718 fraudem
545 1668 573 1719 et
598 1668 676 1719 artes
703 1668 732 1720 et
756 1659 927 1722 brevitatem
945 1659 1109 1739 adoptionis

108 1749 287 1803 enumerant.
319 1746 388 1803 satis
406 1743 574 1822 pretliesse
586 1743 669 1804 orbis
681 1744 759 1823 quod
770 1743 856 1805 multa
867 1745 1032 1822 securitate,
1048 1743 1108 1804 nul·

106 1828 141 1887 lis
163 1825 303 1886 oneribus
319 1827 441 1902 gratiam
456 1826 584 1888 bonores
601 1837 705 1888 cuneta
720 1837 853 1909 prorupta
876 1839 906 1889 et
919 1827 1005 1888 obuia
1022 1829 1116 1897 habe<

105 1919 179 1971 rent.
209 1910 262 1969 sibi
284 1911 428 1989 promissa
450 1910 548 1988 lupum
566 1912 613 1972 diu
630 1922 801 1992 exspectata
820 1915 848 1972 in
860 1912 1011 1974 ludibrium
1023 1913 1122 1986 uerti,

109 1993 221 2072 quando
238 1994 302 2073 quis
319 1995 385 2054 sinc
398 1994 593 2056 sollicitudlne
611 2013 728 2075 parens,
743 1998 806 2058 siue
821 1997 900 2058 luctu
917 1997 1006 2056 orbus
1021 1996 1107 2071 longa
1120 2029 1143 2069 ,0

108 2088 220 2158 patrum
235 2087 443 2158 votarepente
459 2079 645 2159 adaetmaret.
675 2081 781 2141 lactum
800 2097 837 2140 ex
852 2099 889 2140 eo
906 2090 1024 2140 senatus
1041 2099 1107 2138 eorn-

106 2163 230 2239 sultum,
246 2181 283 2224 ue
298 2162 431 2224 simulata
445 2163 565 2244 adoptio
581 2165 681 2224 inulla
699 2172 781 2244 purte
798 2165 925 2224 muneris
941 2162 1051 2239 publici
1068 2163 1107 2220 in-

105 2257 188 2308 varet
205 2265 240 2308 ac
256 2262 293 2307 ne
311 2249 482 2328 usurpandis
497 2247 613 2326 quidem
627 2247 837 2308 hereditatibus
851 2246 1016 2327 prodesset.

169 2332 221 2393 20.
242 2326 326 2392 Exim
341 2330 478 2394 Claudius
493 2332 660 2393 Timarchus
678 2331 826 2394 Cretensis
841 2350 908 2392 reus
925 2331 1029 2407 agitur,
1060 2349 1106 2390 ce·

105 2416 176 2477 teris
194 2416 375 2494 criminibus,
398 2426 428 2478 ut
442 2416 539 2479 solent
553 2415 714 2496 praevalidi
728 2415 944 2495 provincialium
960 2421 989 2474 et
1003 2413 1109 2493 opibus

106 2501 199 2560 nimiis
215 2499 250 2560 ad
265 2501 382 2562 iniurias
399 2503 539 2562 minorum
556 2501 639 2561 elati:
656 2519 709 2561 una
727 2517 786 2560 vox
802 2499 864 2561 eius
879 2511 971 2578 usque
986 2497 1021 2559 ad
1037 2515 1106 2558 con-

105 2584 251 2645 tumeliam
273 2594 391 2647 senatus
413 2593 635 2667 penetraverat,
658 2584 735 2664 quod
757 2583 916 2646 dictitasset
938 2584 966 2642 iu
986 2599 1037 2642 suu
1055 2599 1106 2660 pn·

105 2677 212 2729 testate
230 2669 325 2747 situm,
339 2687 376 2730 an
403 2669 629 2748 proconsulibus
645 2671 693 2749 qui
706 2669 822 2729 Cretam
837 2666 1028 2730 obtinuissent
1039 2683 1104 2742 gra·
1118 2705 1131 2743 ,

105 2763 150 2813 tes
166 2763 331 2830 agerentur.
361 2771 447 2832 quarn
466 2756 651 2815 occasionem
670 2753 774 2815 Paetus
792 2753 922 2813 l'brasea
943 2750 977 2810 ad
1000 2748 1104 2808 bonum

106 2837 399 2916 patrimoniorum,
415 2848 568 2917 postquam
579 2838 617 2898 de
627 2856 680 2899 reo
691 2845 844 2898 censuerat
856 2835 1007 2915 provincia
1020 2832 1106 2893 Creta

106 2920 327 3000 depellendum,
348 2921 423 2982 baec
445 2919 567 2984 addidit:
588 2925 657 2982 ‘usu
674 2920 825 3002 probatura
839 2927 899 2997 est,
919 2927 1019 2998 patres
1039 2934 1106 2978 con·

16 3039 20 3046 ‹
105 3004 225 3084 scripti,
245 3003 331 3082 leges
346 3007 504 3085 egregias,
520 3007 654 3085 exempla
668 3005 789 3066 honeste
805 3003 881 3084 apud
896 3002 991 3064 bonos
1006 3019 1044 3060 ex
1057 3001 1106 3061 de·

104 3089 183 3150 lictis
198 3087 320 3149 aliorum
342 3091 433 3167 gigni.
466 3093 508 3150 sic
530 3100 677 3150 oratorum
697 3090 813 3150 licentia
830 3087 959 3150 Cinciam
977 3087 1106 3160 rogatio·
1118 3111 1142 3150 m

103 3193 186 3252 nem,
212 3173 427 3234 candidatorum
445 3175 570 3236 ambitus
583 3174 671 3234 lulias
685 3175 785 3252 leges,
809 3176 1025 3253 magistratuum
1040 3188 1106 3230 ava·
1180 3223 1183 3232 .

103 3260 170 3319 ritia
185 3255 342 3336 Calpurnia
360 3261 433 3320 suita
447 3267 642 3338 pepereruute
659 3275 724 3320 nam
736 3258 822 3338 culpa
836 3277 919 3338 qurum
933 3253 1026 3338 po'ena
1037 3261 1106 3314 tem·

103 3359 178 3422 pore
196 3343 291 3422 prior,
313 3345 458 3404 emendari
480 3359 564 3422 quarn
580 3359 709 3424 peccare
722 3342 868 3421 posterius
883 3353 936 3402 est.
968 3356 1040 3416 ergo
1058 3337 1106 3399 ad-

101 3443 210 3487 aersus
226 3440 331 3487 noram
346 3427 567 3509 prouincialium
581 3425 747 3506 superbiam
761 3425 952 3567 diguumilgds
972 3430 1124 3482 constan.
