2568 3870
425 136 530 184 urana
545 137 591 182 rv.
617 137 693 184 ose.
712 134 797 187 1-4.
1053 125 1111 186 135

111 292 290 357 circumiecti
316 309 510 372 oppressare;
538 293 629 351 ceteri
648 295 677 351 in
710 293 868 354 custodiam
896 293 1018 369 conditi,
1042 293 1113 370 nilril

110 381 263 459 quisquam
279 377 393 437 locutus
405 375 561 452 indignum,
575 385 604 435 et
616 394 788 456 quamquam
799 379 873 438 inter
887 377 1018 454 adverse,
1031 377 1114 438 salva

110 464 225 524 virtutis
242 463 327 522 lama.
358 460 424 520 dein
437 457 469 518 L.
485 459 621 520 Vitellius
639 461 823 538 interficitur,
845 479 899 542 par
919 462 997 520 vitiis
1018 461 1113 534 lratri,

112 549 141 606 in
157 547 319 626 principatu
338 547 399 605 eius
420 543 603 622 vigilantior,
629 562 686 604 nec
706 546 828 623 perinde
845 549 999 624 prosperis
1017 547 1114 606 socius

110 647 196 710 quam
211 629 343 689 adversis
359 627 532 688 abstractus.
1123 639 1154 680 ao

176 715 205 776 3.
227 713 325 772 ladem
346 711 449 772 diebus
462 711 589 772 Lucilius
602 711 711 774 Bassus
726 731 789 774 oum
808 713 947 792 expedito
964 715 1062 792 equite
1078 715 1114 774 ad

111 790 341 876 componendam
354 794 540 876 Campaniam
554 798 688 874 mittitur,
702 795 885 857 discordibus
896 797 1115 877 municipiorum

109 884 212 943 animis
228 883 320 957 magis
343 880 419 952 inter
438 889 531 940 semet
552 898 636 959 quam
657 883 838 941 contumacia
852 880 993 942 adversus
1007 883 1114 962 princi·

110 985 190 1044 pem.
219 967 284 1024 viso
303 964 393 1024 milite
409 967 490 1043 quies
507 973 537 1024 et
555 962 713 1024 minoribus
730 965 854 1026 coloniis
868 966 1028 1044 inpunitas:
1060 964 1114 1026 Ga-

112 1066 189 1128 puae
205 1049 285 1126 legio
300 1049 385 1108 tertia
401 1047 543 1108 hiemandi
564 1066 651 1108 causa
670 1048 784 1109 locatur
807 1057 836 1108 et
857 1048 958 1108 domus
978 1050 1138 1111 inlustres⁵

112 1133 266 1208 adflictae,
296 1142 480 1193 cumcontra
502 1131 729 1193 Tarracinenses
750 1131 829 1193 nulla
853 1150 911 1211 ope
939 1135 1114 1194 iuvarentur.

111 1227 191 1278 tanto
208 1216 369 1294 proclivius
385 1225 430 1285 est
440 1217 561 1276 iniuriae
576 1234 660 1296 quam
676 1215 820 1276 beneficio
837 1219 931 1277 vicem
946 1217 1115 1294 exsolvere,

112 1303 180 1381 qaia
197 1302 292 1378 gratia
308 1302 405 1378 oncri,
421 1301 491 1360 nltio
510 1302 539 1359 in
554 1309 677 1379 quaestu
692 1300 825 1361 babetur.
855 1299 968 1362 solacio
985 1301 1038 1360 fuit
1052 1299 1114 1360 serss

113 1404 166 1445 vus
187 1383 320 1463 Verginii
348 1381 514 1464 Capitoniq,
543 1401 629 1462 quem
657 1384 837 1462 proditorem
865 1383 1115 1445 Tarracinensium

113 1469 252 1545 diximus,
274 1468 403 1546 patibulo
429 1468 540 1528 adfixus
562 1470 590 1526 in
613 1466 706 1527 isdem
729 1466 820 1527 anulis
844 1484 918 1546 quos
940 1476 1083 1546 acceptos
1099 1483 1152 1526 aro

113 1553 233 1612 Vitellio
246 1551 391 1629 gestabat.
414 1561 443 1611 at
457 1552 569 1611 llomae
582 1559 700 1609 senatus
716 1559 818 1628 cuncta
831 1550 1012 1631 principibus
1030 1551 1116 1611 solita

112 1636 296 1714 Vespasiano
319 1634 464 1712 decernit,
484 1633 578 1694 laetus
598 1642 627 1694 et
644 1634 710 1712 spei
734 1643 850 1712 certus,
873 1637 982 1715 quippo
1004 1644 1116 1715 sumpta

115 1739 170 1800 per
187 1718 293 1780 Gallias
310 1717 523 1798 Hispaniasque
544 1718 641 1778 civilia
655 1735 749 1797 arma,
769 1721 854 1778 motis
869 1719 906 1780 ad
921 1718 1030 1778 bellum
1046 1719 1115 1780 Ger-

114 1804 233 1881 maniis,
248 1819 316 1862 mox
330 1801 463 1880 illyrico,
485 1810 639 1880 postquam
654 1800 822 1881 Aegyptum
841 1800 977 1868 Iudaeam
992 1805 1115 1863 Suriam·

114 1907 171 1968 qne
188 1896 218 1948 et
232 1887 323 1948 omnis
337 1887 505 1964 prouincias
514 1887 725 1964 exercitusque
741 1884 950 1964 lustraverant,
965 1887 1046 1947 velut
1064 1903 1153 1947 err-us

115 1975 194 2051 piato
209 1980 350 2032 terrarum
367 1969 439 2030 orbe
460 1971 577 2048 cepisse
593 1970 678 2029 finem
692 1968 877 2040 videbautnr;
901 1971 1039 2032 addidere
1054 1971 1114 2032 ala·

117 2057 247 2116 critatem
260 2053 434 2134 Vespasiani
451 2053 554 2112 literae
570 2063 715 2131 tamquam
730 2061 863 2113 manente
878 2054 961 2114 bello
977 2055 1114 2134 scriptae.

119 2157 153 2200 ea
167 2141 258 2218 prima
272 2139 376 2217 specie
391 2137 497 2207 lorma;
521 2145 650 2198 catorum
665 2145 695 2196 ut
715 2138 856 2216 princeps
874 2137 1058 2217 loquebatur,
1076 2141 1115 2197 ci-

116 2223 184 2286 vilia
200 2223 236 2284 dc
260 2241 310 2300 sa,
333 2222 369 2283 de
390 2221 556 2298 republica
577 2223 709 2299 egregia.
738 2239 795 2280 nec
810 2217 927 2283 senatus
945 2221 1116 2300 obsequium

117 2309 232 2368 deerat:
267 2307 324 2386 ipsi
346 2305 512 2368 consulatus
534 2322 597 2381 cqm
618 2304 683 2376 Tito
699 2304 776 2382 lulio,
800 2315 936 2385 praetura
950 2305 1153 2367 Domitianum

117 2402 148 2452 et
168 2391 322 2452 consulare
337 2390 488 2470 inperium
505 2389 709 2449 decernuntur.

178 2479 208 2536 4.
231 2473 350 2536 bliserat
372 2484 401 2534 et
413 2473 562 2535 Mucianus
577 2473 718 2552 epistulas
738 2471 776 2533 ad
796 2482 941 2551 senatum,
963 2491 1038 2552 qnae
1057 2491 1117 2533 ma·
1219 2497 1221 2501 ·

120 2559 220 2620 teriam
234 2558 415 2620 sermonibus
431 2557 604 2637 praebuere.
635 2558 660 2616 si
675 2559 803 2635 privatus
819 2567 915 2635 esset,
931 2576 983 2618 cur
999 2557 1117 2638 publice

117 2639 309 2723 loqueretur?
342 2643 474 2722 potuisse
496 2641 598 2702 eadem
619 2656 730 2720 paucos
751 2650 819 2720 post
839 2641 903 2702 dies
917 2641 986 2703 loco
1002 2652 1117 2702 senten·

118 2729 175 2788 tiae
199 2727 265 2788 dici.
302 2727 366 2806 ipsa
388 2743 505 2804 quoque
525 2726 678 2785 insectatio
698 2726 727 2784 in
744 2724 892 2785 Vitellium
913 2744 980 2787 sera
1003 2734 1041 2785 et
1054 2727 1118 2786 sine

118 2811 267 2873 libertate:
297 2812 326 2872 id
345 2828 416 2871 vero
433 2827 504 2887 erga
517 2827 578 2868 rem
595 2807 739 2888 publicam
753 2809 928 2889 superbum,
954 2827 1026 2888 erga
1041 2803 1141 2889 prin-s

120 2899 215 2974 cipem
231 2895 487 2971 contumeliosum,
501 2893 581 2972 qnod
593 2893 622 2952 in
633 2910 717 2954 manu
733 2911 784 2954 sua
795 2893 887 2954 luisse
897 2895 1049 2975 imperium
1066 2894 1117 2954 do·

119 2989 273 3058 natumque
292 2978 475 3057 Vespasiano
498 2977 635 3038 iactabat.
671 2985 800 3037 ceterum
818 2978 925 3040 invidia
944 2978 1117 3053 inocculto,

120 3062 247 3123 adulatio
259 3064 288 3120 in
296 3070 401 3139 aperto
415 3066 507 3120 erant:
515 3059 605 3119 multo
617 3078 682 3121 cum
695 3060 808 3121 bonore
820 3061 975 3138 verborum
983 3062 1118 3124 blociano

119 3145 302 3226 triumphalia
317 3143 356 3206 de‘
368 3144 448 3205 bello
470 3145 574 3206 civium
589 3144 670 3222 data,
694 3145 747 3205 sed
764 3147 792 3204 in
806 3137 952 3208 sannaus
969 3143 1119 3226 expeditio

120 3229 293 3308 lingebatur.
333 3229 473 3291 adduntur
497 3228 592 3289 Primo
621 3228 750 3288 Antonio
773 3231 953 3306 consularia,
981 3226 1156 3289 cornelion

120 3315 217 3378 Fusco
227 3325 258 3376 et
266 3315 353 3376 Arrio
365 3312 445 3373 Varo
459 3313 607 3393 praetoria
620 3314 754 3390 insignia.
774 3329 843 3375 mox
855 3315 929 3374 deos
940 3327 1118 3392 respexere;

120 3393 232 3464 restitui
254 3398 428 3480 Capitolium
450 3397 567 3477 placuit.
601 3415 694 3476 eaque
716 3399 810 3457 omnia
824 3396 959 3462 Valerius
975 3393 1121 3455 Asiaticus
