2540 3874
145 123 184 194 54
390 131 556 180 conuentu
575 129 693 178 uaorrr
713 129 896 178 annnorum

146 289 245 350 Flacci
258 287 399 348 sententia
414 286 567 347 constituti.
597 283 871 362 donalovi,liarti,
887 282 1086 361 Concordiae,
1102 293 1144 344 ut·

146 391 203 453 que
217 372 310 432 iduum
326 370 365 430 Se
388 368 538 431 tembrium
552 369 629 446 dies,
649 386 706 447 quo
721 386 754 429 se
768 368 840 430 Libo
855 369 1059 445 interfecerat,
1083 367 1146 428 dies

146 459 238 517 festus
253 388 426 532 loberga,
441 453 473 514 b.
491 452 564 516 Piso
579 463 609 514 et
619 451 718 514 Gallus
729 451 847 514 Asinius
864 461 894 512 et
908 452 1013 533 Papius
1026 451 1145 514 blutilus

147 549 176 600 et
196 540 226 600 t.
242 539 390 619 Apronius
410 537 585 607 decrevere3
610 554 730 616 quorum
750 537 937 599 auctoritates
952 535 1145 599 adulationes·

113 637 138 679 ro
148 643 204 703 que
220 623 332 699 rettuli,
350 632 380 682 ut
398 622 521 682 sciretur
532 629 617 682 vetus
629 619 660 680 id
674 621 703 680 in
715 639 748 681 re
759 619 875 700 publica
885 620 998 682 malum.
1028 621 1105 682 facta
1118 629 1148 680 et

147 709 183 769 de
204 706 412 767 mathematicis
433 707 584 784 magisque
605 704 688 766 ltalia
705 703 849 784 pellendis
866 713 981 766 senatus
999 703 1145 770 consulta:

148 809 268 872 quorum
287 808 304 849 e
324 807 442 850 numero
463 789 495 849 b.
510 789 656 850 Pituanius
671 807 742 850 saxo
758 788 887 875 deiectus
901 798 963 865 est,
980 791 1008 848 in
1024 788 1055 848 P.
1072 787 1147 848 blar-

148 879 221 937 cium
244 873 379 934 consules
400 883 481 934 extra
501 882 613 953 portam
627 872 821 952 Esquilinam,
845 891 908 934 oum
927 873 1079 933 classicum
1100 889 1147 932 ca·

148 955 219 1020 nere
228 959 400 1035 iussissent,
414 973 495 1016 more
510 957 610 1036 prisco
628 955 790 1028 advertere.
885 1015 889 1026 ,
937 1023 940 1027 ,

210 1042 260 1103 33.
284 1040 420 1100 Proximo
439 1049 556 1100 senatus
577 1041 624 1101 dle
645 1041 732 1102 multa
752 1042 781 1100 in
801 1041 897 1101 lurum
919 1040 1044 1100 civitatis
1070 1037 1149 1100 dicta

147 1144 164 1188 a
185 1127 221 1200 Q.
240 1123 358 1184 Haterio
384 1123 545 1202 consulari,
572 1123 693 1185 Octavio
710 1124 857 1186 Frontone
875 1133 1010 1202 praetura
1030 1122 1147 1192 functo;

147 1209 350 1286 decretumque
373 1225 410 1267 nc
431 1225 500 1268 uasa
526 1225 596 1270 auro
618 1208 711 1269 solida
730 1207 922 1269 ministrandis
945 1206 1018 1268 cibis
1033 1206 1149 1285 fierent,

146 1311 184 1353 ne
208 1292 298 1352 vestis
313 1292 408 1352 serica
421 1293 501 1352 viros
515 1290 659 1352 focularet.
696 1293 824 1352 excessit
838 1291 948 1352 Fronto
963 1309 999 1352 ac
1017 1291 1147 1370 postula·

124 1373 189 1438 tvit
203 1375 468 1454 normanigena,
485 1375 677 1455 supellectili,
693 1375 835 1437 familiae:
852 1385 913 1436 erat
928 1376 1037 1454 quippe
1054 1373 1150 1436 adbuc

147 1461 286 1539 frequens
307 1459 507 1538 senatoribus,
529 1459 641 1541 siquid
663 1458 861 1539 erepublica
884 1458 1055 1536 crederent,
1078 1459 1148 1518 loco

146 1546 307 1604 sententiae
329 1559 474 1621 promere.
512 1553 612 1605 contra
635 1542 733 1606 Gallus
748 1543 866 1604 Asinius
886 1543 1036 1604 disseruit:
1060 1551 1148 1602 auctu

145 1627 259 1706 imperii
280 1625 445 1687 adolevisse
469 1629 554 1689 etiam
573 1629 701 1708 privatas
728 1645 817 1707 opes,
849 1628 933 1707 idque
954 1643 1011 1688 non
1031 1643 1149 1702 novum,

146 1711 197 1770 sed
226 1729 242 1768 e
269 1710 471 1770 vetustissimis
497 1712 639 1772 moribus:
666 1712 751 1772 aliam
771 1712 847 1791 apud
867 1711 1033 1788 fabricios,
1063 1709 1150 1772 aliam

112 1794 221 1873 roapud
242 1793 395 1872 Scipiones
417 1795 582 1874 pecuniam
608 1805 638 1856 et
658 1804 759 1857 cuncta
787 1796 822 1856 ad
846 1814 906 1856 rem
932 1795 1076 1876 publicam
1101 1802 1145 1856 re·

145 1877 231 1953 ferri,
248 1894 302 1956 qua
322 1879 398 1938 tenui
415 1887 553 1956 angustas
568 1879 670 1939 civium
685 1879 801 1958 domos,
818 1889 970 1959 postquam
987 1897 1023 1940 eo
1038 1880 1147 1957 magni·

146 1961 277 2020 licentiae
302 1964 427 2040 venerit,
450 1962 579 2040 gliscere
602 1963 743 2040 singulos.
777 1981 873 2043 neque
891 1967 920 2023 in
936 1963 1042 2025 familia
1058 1973 1088 2023 et
1103 1981 1148 2024 ar·

145 2051 234 2120 ganto
257 2062 389 2124 quaeque
411 2045 447 2106 ad
468 2049 553 2106 usum'
569 2057 705 2126 parentur
726 2049 838 2108 nimium
859 2047 968 2127 aliquid
988 2055 1036 2108 aut
1055 2047 1147 2107 modi-

146 2144 209 2187 cum
230 2127 285 2186 nisi
307 2145 344 2188 err
364 2128 479 2192 fortuna
500 2130 686 2210 possidentis.
722 2131 874 2192 distinctos
891 2141 1007 2194 senatus
1023 2140 1052 2190 ot
1067 2133 1145 2210 equi-

112 2217 202 2272 ctum
232 2229 352 2289 census,
379 2231 437 2273 non
466 2217 530 2292 quia
552 2213 659 2276 diuersi
678 2224 794 2293 natura,
823 2216 876 2276 sed
896 2224 939 2294 ut,
965 2214 1045 2276 siem
1070 2213 1147 2276 loeis

145 2293 292 2355 ordinibus
319 2295 532 2374 dignationibus
560 2299 711 2375 antistant,
739 2301 834 2360 italis
856 2317 930 2379 quae
956 2299 991 2360 ad
1015 2300 1146 2376 requiem

144 2379 228 2438 animi
247 2388 297 2439 aut
319 2379 513 2440 salubritatem
540 2399 695 2461 corporum
719 2392 872 2462 parentur,
899 2383 955 2443 nisi
981 2383 1055 2443 forte
1085 2380 1144 2440 cla·

141 2463 256 2533 ,sissimo
282 2464 384 2542 cuique
400 2463 499 2542 plures
516 2483 616 2543 ouras,
638 2467 747 2527 maiora
762 2466 892 2545 pericula
910 2463 1071 2540 subeunda,
1092 2463 1143 2524 de·

143 2545 305 2605 lenimentis
327 2563 457 2607 curarum
481 2557 509 2608 et
529 2550 724 2627 periculorum
746 2551 898 2610 carendum
918 2568 995 2610 esse.
1029 2547 1147 2608 facilem

108 2628 295 2715 wadsensum
317 2629 401 2691 Gallo
424 2634 475 2693 sub
498 2632 659 2694 nominibus
679 2633 811 2694 honestis
837 2634 984 2695 confessio
1011 2631 1147 2694 uitiorum

144 2721 174 2771 ct
198 2712 352 2773 similitudo
374 2715 545 2776 audientium
574 2717 660 2779 dedit.
706 2718 851 2779 adiecerat
876 2727 905 2779 et
925 2716 1065 2787 Tiberius,
1086 2735 1150 2778 non·

142 2794 168 2853 id
193 2804 306 2875 tempus
322 2815 461 2858 censurae
478 2817 550 2875 nec,
578 2802 602 2860 si
617 2801 684 2880 quid
700 2803 727 2862 in
742 2801 869 2863 moribus
884 2800 1011 2878 labaret,
1034 2800 1146 2874 defutu-

142 2896 203 2938 rum
219 2879 385 2958 corrigendi
400 2891 558 2944 auctorem.

205 2962 255 3023 34.
281 2961 359 3033 Inter
379 2983 453 3042 quae
473 2963 503 3024 b.
528 2966 595 3027 Piso
619 2968 752 3028 ambitum
771 2969 844 3046 fori,
868 2977 1005 3048 corrupta
1027 2969 1146 3050 iudicia,

141 3047 291 3107 saevitiam
311 3055 457 3108 oratorum
474 3051 675 3110 accusationes
691 3053 876 3116 minitantium
897 3054 1070 3132 increpans,
1095 3053 1145 3115 ab·

142 3131 185 3188 ire
204 3147 236 3188 se
251 3137 280 3189 et
297 3129 403 3190 cedere
419 3129 505 3210 urbe,
521 3133 660 3194 uicturum
675 3137 703 3194 in
718 3136 815 3216 aliquo
828 3136 925 3198 abdito
941 3128 1144 3219 etlonqinquo

140 3228 207 3271 rure
235 3211 405 3283 testabatur;
433 3215 515 3298 simul
544 3219 650 3278 curiam
672 3220 862 3299 relinquebat.
909 3230 1070 3282 commotus
1099 3231 1145 3283 est

120 3291 291 3372 s'liberius,
308 3304 337 3356 et
349 3313 518 3376 quamquam
533 3300 648 3361 mitibus
661 3302 760 3363 verbis
776 3304 908 3364 Pisonem
930 3303 1142 3384 permulsisset,

142 3377 320 3456 propinquos
341 3397 457 3458 quoque
478 3383 539 3443 eius
559 3384 669 3463 impulit
688 3395 719 3446 ut
737 3387 889 3480 abeuntem
904 3388 1076 3448 anctoritate
1094 3389 1142 3450 vel
1255 3379 1256 3394 ¹
