2540 3874
392 184 496 232 arene
507 186 544 234 11.
561 185 635 234 ons.
647 184 767 238 ult-so
1039 180 1081 240 ot

103 353 156 394 ram
173 353 291 412 urguere
305 336 472 398 modestiam
488 348 614 416 senatus,
630 339 750 400 eandem
766 341 821 400 vim
837 342 864 402 in
879 360 924 403 me
938 347 1079 405 transmit·

101 427 156 478 tere
170 435 204 479 ae
217 421 294 480 velut
308 421 491 500 perfringere
506 423 657 498 aerarium,
676 424 752 503 qnod
770 426 794 484 si
806 424 961 486 ambitione
973 426 1078 488 exhau-

100 504 224 580 serimns,
245 521 298 583 per
318 505 431 565 seelera
451 505 642 584 supplendum
662 509 725 567 erit.
758 508 836 568 detlit
859 509 924 587 tibi,
949 510 1078 590 llortale,

100 584 171 646 dictu
186 589 329 665 Augustas
348 589 512 667 pecaniam,
535 589 586 649 sed
602 607 659 651 non
673 592 855 670 conpellatus
876 611 932 652 nec
954 611 988 654 ea
1010 595 1078 672 lege
1091 613 1115 654 as

98 678 123 729 nt
136 685 245 749 seniper
259 671 384 732 daretur.
422 671 595 748 languescet
615 674 723 754 alioqui
745 675 896 754 industria,
917 677 1080 740 intendetur

98 754 234 832 socordia,
258 757 281 814 si
302 755 398 815 nullus
418 771 456 822 er
480 771 515 815 se
536 762 629 816 noetus
647 768 697 817 aut
715 770 799 838 spes,
825 767 853 820 et
866 761 963 820 securi
978 779 1079 822 omnes

95 836 177 897 aliena
191 838 318 900 subsidia
333 838 553 918 exspectabunt,
567 840 623 900 sibi
634 843 741 920 ignaui,
751 843 836 904 nobis
849 849 981 922 grates!
1006 845 1080 906 baec

96 929 170 999 atque
187 923 271 1000 talia,
294 937 462 1004 quamquam
485 939 548 983 cam
571 924 694 984 adsensu
715 926 808 987 andita
834 927 870 988 ab
898 929 947 1006 ils,
976 928 1078 1008 quibus

95 1005 175 1066 omnia
191 1007 362 1086 principum,
379 1008 501 1068 honesto
513 1017 602 1086 atone
616 1009 783 1087 inhonesta,
806 1007 924 1071 landate
945 1021 1115 1090 maceston

94 1090 180 1166 plures
194 1106 249 1169 per
264 1091 407 1151 eile‘ntlnm
422 1098 470 1152 aut
484 1092 628 1152 occultum
639 1105 763 1154 murmur
779 1109 936 1173 excepere.
974 1097 1076 1156 sensit·

94 1189 140 1250 que
156 1173 302 1244 Tiberiue;
321 1183 428 1234 etcum
444 1176 558 1253 paulum
571 1177 749 1256 reticuisset,
770 1178 890 1240 Hortalo
905 1193 938 1238 se
956 1195 1077 1259 respon·

92 1257 157 1318 disse
169 1261 221 1319 ait:
239 1263 369 1318 ceterum
385 1260 411 1318 si
427 1259 554 1338 patribus
570 1259 730 1339 videretur,
750 1260 879 1323 daturum
894 1261 994 1323 liberis
1013 1265 1078 1323 eins

94 1339 187 1402 luceru
202 1344 340 1404 sestertia
355 1343 492 1420 siugulis,
508 1345 557 1422 qui
569 1361 659 1406 seuns
674 1345 765 1406 virilis
781 1355 887 1406 essent.
924 1364 1015 1424 egere
1030 1347 1077 1408 alii

92 1435 192 1501 grates:
208 1427 288 1488 siluit
302 1426 450 1502 llortalns,
468 1444 577 1506 pavore
593 1444 627 1488 aa
642 1429 738 1489 avitae
752 1428 909 1491 nobilitatis
930 1432 1014 1490 etiarn
1036 1433 1076 1492 in·
1086 1443 1114 1485 tt

92 1516 125 1567 ter
138 1511 288 1587 angustias
309 1512 440 1571 fortunae
461 1513 598 1572 retinens.
637 1526 732 1591 aerque
754 1514 906 1573 miseratus
928 1521 974 1573 est
998 1523 1077 1592 post·

88 1590 133 1733 pac
151 1593 297 1670 liberios,
313 1595 443 1673 quamvis
457 1593 558 1654 domus
573 1593 718 1656 llortensii
731 1596 892 1675 podendum
905 1597 939 1658 ad
953 1597 1078 1676 inopiam

103 1675 274 1738 elaberetur.

138 1761 186 1823 39.
209 1760 325 1822 Eodem
340 1779 415 1822 anno
431 1762 566 1840 mancipii
582 1763 662 1822 unios
677 1762 813 1841 audacia,
832 1766 859 1822 ni
881 1769 990 1823 mature
1012 1764 1077 1824 sub·
1185 1773 1188 1780 '

88 1855 189 1906 rentum
205 1847 298 1924 soret,
313 1845 467 1906 discordiis
481 1847 625 1924 armisque
637 1847 771 1906 uirilibus
781 1864 843 1906 rem
855 1847 999 1926 publicam
1012 1865 1077 1926 per·

29 1939 30 1976 t
87 1929 203 1990 tulisset.
224 1930 355 1990 Postumi
365 1930 519 2008 Agrippae
530 1943 643 2007 servos,
655 1932 770 1992 nomine
779 1929 924 2007 Clemens,
934 1939 1077 2009 conperto

85 2012 132 2072 line
147 2013 276 2092 Augusti
293 2029 420 2093 pergere
441 2015 468 2072 in
487 2013 609 2074 insulam
630 2013 789 2076 Planasiam
812 2023 841 2074 et
862 2013 962 2074 iraude
983 2022 1030 2074 aut
1050 2015 1078 2072 vi

84 2105 185 2174 raptum
202 2097 368 2177 Agrippam
382 2098 461 2158 ferre
476 2097 511 2158 ad
531 2097 676 2158 exercitas
695 2097 884 2159 Germanicos
900 2116 957 2158 non
979 2097 1105 2157 servilis

83 2181 168 2242 animo
187 2183 340 2260 concepit.
372 2199 442 2242 ansa
456 2181 517 2241 eius
533 2181 672 2250 inpedivit
686 2182 805 2243 tarditas
817 2183 968 2243 onerariae
980 2181 1076 2248 naris;

29 2321 30 2334 ,
83 2272 159 2343 atque
175 2269 292 2328 interim
310 2273 421 2344 patrata
444 2265 536 2326 caede
556 2265 592 2326 ad
612 2266 720 2326 maiora
744 2274 774 2326 et
793 2267 886 2344 magis
907 2265 1078 2344 praecipitia

29 2341 30 2372 ³
82 2364 239 2411 conserens
262 2350 372 2409 iuratur
396 2349 510 2410 cineres
531 2357 690 2428 vectusque
722 2349 828 2410 cosam
850 2347 985 2410 Etruriae
1011 2363 1077 2426 pro-

29 2455 31 2482 ε
83 2436 249 2494 montorium
262 2434 371 2512 ignotis
387 2433 462 2493 locis
479 2449 546 2492 sese
563 2431 650 2510 abdit,
665 2433 758 2493 donec
777 2434 883 2493 crinem
901 2432 1077 2509 barbamque
1137 2505 1148 2518 ἱ

82 2519 273 2594 promitteret:
295 2534 359 2577 narn
382 2525 478 2578 aetate
495 2524 525 2576 et
542 2517 636 2577 iorma
657 2515 731 2577 harad
747 2513 875 2576 dissimili
889 2517 918 2576 in
935 2515 1075 2576 dominum
1088 2533 1115 2575 ra

30 2593 31 2600 '
81 2612 144 2663 erat.
174 2613 237 2663 tom
252 2619 306 2680 per
321 2599 444 2661 idoneos
463 2610 493 2660 et
503 2602 610 2660 secreti
619 2603 685 2661 eius
696 2600 794 2660 socios
805 2598 966 2660 crebrescit
977 2600 1077 2659 virere

81 2683 249 2766 Agrippam,
266 2684 390 2746 occultis
406 2686 526 2764 primurn
540 2684 731 2761 sermonibus,
746 2692 776 2744 nt
791 2684 878 2744 vetita
889 2683 995 2761 solent,
1011 2699 1078 2742 mox

80 2787 150 2846 rago
165 2787 287 2832 rumore
303 2768 379 2848 apud
398 2768 590 2847 inperitissimi
614 2769 752 2846 oniasque
776 2775 904 2847 promtus
924 2782 1009 2827 annes
1031 2774 1079 2826 ant

81 2870 186 2914 rursum
204 2854 282 2933 apud
296 2852 427 2913 turbidos
440 2868 535 2930 eoque
547 2869 622 2912 nova
634 2852 795 2930 cupientes.
821 2860 906 2930 atque
921 2853 985 2931 ipse
998 2850 1078 2911 adire

80 2938 232 3018 municipia
248 2936 374 3016 obscuro
390 2935 458 3012 diei,
474 2953 568 3014 neque
582 2934 732 3015 propalam
745 2936 836 3013 aspici
857 2951 952 3012 neque
973 2933 1077 2994 dlutius
1088 2951 1112 2992 ru

81 3021 164 3082 isdem
180 3022 271 3098 loeis,
287 3018 339 3080 sed
356 3022 422 3100 qnia
438 3019 546 3079 veritas
562 3021 624 3080 visu
640 3028 669 3094 pt
683 3034 779 3095 mora,
800 3017 873 3078 falsa
892 3019 1079 3078 festinatione

84 3113 104 3162 et
119 3106 245 3166 incertis
257 3105 425 3181 malescunt,
442 3102 624 3182 relinquebat
634 3103 744 3167 lamam
759 3109 806 3163 aut
822 3101 1040 3181 praeveniebat.

131 3193 189 3253 40.
220 3187 399 3266 Vulgabatur
426 3187 539 3248 interim
569 3204 622 3267 per
647 3185 757 3248 ltaliam
787 3194 932 3247 servatum
961 3201 1083 3245 munere

84 3269 159 3334 lenm
187 3274 370 3351 Agrippam,
405 3270 578 3332 credebatur
602 3271 727 3342 Romae;
758 3272 873 3350 iamque
900 3269 1008 3330 Ostiam
1037 3268 1078 3326 in-

82 3367 192 3418 rectum
212 3355 362 3416 multitudo
380 3356 498 3435 ingens,
519 3357 575 3416 iam
590 3357 618 3414 in
637 3356 707 3416 urbe
724 3355 894 3416 clandestini
916 3360 1018 3411 coetus
1032 3367 1078 3408 ee·

81 3435 249 3515 lebrabunt,
273 3457 334 3500 aum
350 3439 494 3500 Tiberium
510 3441 618 3519 anceps
636 3457 703 3499 cora
720 3437 895 3510 distrahere,
917 3434 984 3492 vine
1009 3431 1077 3490 mili·
