2568 3870
188 193 248 254 too
416 197 971 250 eouuuuuunormmsuoauuuou

187 359 260 419 salla
290 357 419 417 tribunus
443 373 505 414 cnm
530 352 671 415 Moesicis
692 352 877 414 auxiliaribus
897 351 1080 431 adsequitur,
1113 369 1186 430 quos
1261 359 1265 430 ,¹

153 442 265 504 romnlti
290 459 308 500 e
325 439 494 518 legionariis
517 455 687 518 quamquam
706 438 809 516 raptim
830 436 934 496 ductos
949 435 1126 514 aequabant:
1148 437 1187 496 ita

187 528 291 586 mixtus
307 524 398 605 pedes
422 541 571 602 equesque
594 539 701 601 rupere
719 521 867 598 legionum
881 537 996 598 agmen.
1025 527 1054 579 et
1069 520 1188 600 propin·

188 627 244 689 qua
260 607 497 670 Cremonensium
511 608 624 666 moenia
641 614 746 685 quanto
763 604 829 683 plus
843 605 909 683 spel
923 603 959 664 ad
975 603 1122 680 ellugiuur,
1137 605 1189 662 mi·

187 710 289 753 norem
309 690 345 753 ad
367 689 559 750 resistendum
580 691 702 750 animum
726 687 840 748 dabant.
876 705 932 748 uec
954 687 1093 749 Antonius
1115 687 1190 748 ultra
1262 723 1263 732 κ

187 777 303 854 institit,
315 792 426 835 memor
437 773 545 835 laboris
556 791 592 834 ac
603 773 767 849 vulnerum,
779 771 883 850 quibus
894 780 951 831 tam
962 789 1071 850 anceps
1083 771 1190 850 proelii
1261 803 1265 846 ,

154 860 319 937 uslort'una,
342 858 472 938 quamvis
494 874 639 938 prospero
665 855 738 934 line,
761 856 875 933 equites
896 871 1045 936 equosque
1061 854 1189 914 adllleta·

189 953 280 1005 uerat.

252 1026 301 1087 19.
329 1025 512 1086 Inumbrante
540 1039 665 1101 vespera
691 1023 856 1083 uuiversum
882 1022 1012 1083 Flauiani
1039 1022 1191 1082 exercitus

188 1110 277 1170 robur
293 1109 417 1170 aduenit.
448 1117 537 1186 utque
555 1106 686 1166 cumulos
701 1123 789 1186 super
806 1115 835 1168 et
849 1107 980 1166 recentia
995 1104 1085 1165 caede
1101 1108 1190 1164 vesti·
1261 1137 1265 1150 ‹

188 1195 238 1271 gia
252 1194 421 1268 incessere,
436 1193 518 1270 quasi
532 1189 707 1250 debellatum
722 1191 817 1268 loret,
833 1207 960 1272 pergere
972 1186 1146 1250 'Cremonam
1163 1197 1191 1248 et

188 1277 284 1336 victos
295 1277 324 1335 in
334 1275 509 1335 deditionem
520 1275 659 1352 accipere
674 1283 722 1335 aut
735 1292 904 1354 expugnare
919 1272 1090 1353 deposcunt.
1115 1273 1190 1332 haee

59 1420 62 1424 .
163 1361 216 1421 ain
232 1360 344 1437 medlo,
368 1358 488 1439 pulolrra
512 1358 603 1418 dictu:
635 1357 686 1420 illa
706 1357 760 1418 sibi
782 1361 920 1437 quisque,
941 1375 1032 1436 posse
1048 1357 1187 1418 coloniam

188 1445 277 1524 plano
294 1445 376 1504 sitam
391 1444 499 1521 impetu
515 1443 590 1522 oapi.
621 1441 696 1502 idem
711 1441 849 1503 audaciae
864 1460 918 1522 per
932 1441 1070 1502 tenebras
1085 1441 1188 1500 iurum·

188 1527 339 1607 pentibus,
359 1535 389 1586 et
403 1529 542 1587 maiorem
558 1525 690 1604 rapiendi
709 1524 862 1587 licentiam.
895 1525 973 1603 quod
988 1525 1014 1585 si
1027 1525 1123 1585 lucem
1138 1542 1186 1602 op·

188 1611 352 1691 pariantur,
368 1612 558 1689 lampacem,
574 1611 628 1669 lam
641 1621 765 1688 preces,
782 1617 811 1670 et
827 1627 881 1688 pro
894 1608 997 1670 labore
1014 1628 1049 1671 ac
1065 1608 1187 1669 volneri-

188 1696 242 1756 bus
258 1695 439 1754 clementiam
454 1703 484 1753 et
499 1693 638 1771 gloriam,
650 1692 761 1770 inania,
776 1693 902 1770 laturos,
918 1692 971 1752 sed
987 1709 1060 1772 opes
1070 1691 1190 1754 Cremo·

155 1779 318 1838 renensium
328 1779 357 1836 in
369 1777 432 1836 sinu
443 1775 658 1855 praefectorum
673 1776 894 1856 legatorumque
910 1777 986 1838 lore.
1007 1785 1192 1855 expugnatae

188 1861 267 1919 urbis
283 1859 421 1938 praedam
437 1859 473 1919 ad
489 1858 621 1934 militem,
640 1859 753 1920 deditae
768 1859 804 1920 ad
819 1859 910 1920 duces
925 1862 1081 1938 pertinere.
1108 1878 1191 1939 sper·

187 1950 291 2002 nuntur
301 1943 487 2003 centuriones
499 1941 679 2021 tribunique,
697 1961 732 2004 ao
749 1961 786 2003 ne
803 1960 863 2004 vox
873 1944 1039 2023 cuiusquam
1049 1940 1191 2022 audiatur,

188 2027 318 2106 quatiunt
331 2043 425 2104 arma,
442 2027 552 2105 rupturi
567 2027 733 2104 imperium,
747 2029 774 2086 ni
791 2027 939 2088 ducantur.

251 2109 301 2174 20.
328 2109 399 2170 Tum
419 2110 560 2170 Antonius
582 2111 713 2170 inserena
736 2127 770 2170 se
790 2110 957 2190 manipulis,
980 2110 1029 2171 ubi
1049 2111 1191 2191 adspectu

191 2202 220 2253 et
235 2195 410 2255 auctoritate
428 2193 569 2254 silentium
585 2193 709 2269 lecerat,
731 2211 789 2253 non
803 2213 836 2254 se
856 2194 944 2254 decus
957 2213 1051 2272 neque
1069 2198 1192 2274 pretium

83 2317 88 2328 .
191 2279 308 2355 eripere
323 2286 380 2337 tam
396 2276 471 2336 bene
489 2277 599 2336 meritis
614 2276 797 2356 adfirmabat,
814 2278 866 2338 sed
883 2277 974 2338 divisa
989 2279 1064 2338 inter
1078 2281 1191 2340 exerei-

189 2369 246 2420 tum
258 2360 407 2439 ducesqne
418 2361 526 2420 munia:
538 2359 673 2420 militibus
686 2342 847 2439 cupidinem
860 2361 1003 2441 pugnandi
1022 2365 1189 2434 conuenire,

166 2443 278 2504 sdnoes
293 2443 476 2522 providendo
498 2443 688 2504 consultando
707 2447 889 2506 cunctatione
910 2447 1029 2526 saepius
1046 2464 1131 2525 quam
1149 2456 1190 2506 te·

187 2529 320 2589 meritare
336 2527 489 2606 prodesse.
520 2536 550 2587 ut
566 2545 619 2606 pro
633 2528 709 2588 virili
732 2531 866 2607 portione
884 2532 970 2590 armis
991 2548 1027 2590 ao
1043 2549 1128 2592 manu
1151 2533 1192 2590 ui·

190 2611 309 2671 eteniam
326 2612 447 2687 iuverit,
463 2612 575 2670 ratione
594 2620 624 2671 et
641 2613 778 2692 oonsilio,
810 2615 937 2694 propriis
964 2613 1045 2675 ducis
1071 2615 1188 2688 artibus,

189 2695 382 2772 prolaturum
405 2712 501 2772 neque
517 2694 592 2754 enim
606 2695 740 2774 ambigua
756 2715 822 2758 esse
844 2715 919 2776 quae
943 2709 1114 2776 occurrant,
1138 2715 1190 2757 no·
1264 2703 1265 2720 ³

190 2785 266 2836 otem
281 2784 311 2835 et
330 2778 447 2854 ignotae
469 2779 552 2837 situm
572 2778 665 2856 urbis,
687 2781 762 2840 intus
783 2781 884 2842 hostes
906 2791 935 2842 et
951 2792 1053 2844 cuncta
1081 2781 1193 2843 insidiis

155 2865 363 2933 uoopportuna.
381 2876 440 2919 non
466 2863 489 2920 si
511 2870 628 2939 pateam
647 2872 765 2943 portae,
792 2867 847 2924 nisi
869 2866 1038 2944 explorato,
1067 2866 1122 2924 nisi
1143 2866 1195 2926 die

189 2940 359 3001 intrandum.
381 2961 417 3002 an
429 2943 674 3024 obpugnationem
686 2947 871 3010 inchoaturos
885 2948 1021 3030 adempto
1033 2950 1108 3010 omui
1122 2967 1193 3029 pro-

188 3033 309 3105 spectu,
323 3026 387 3105 quis
400 3043 509 3107 aequus
524 3028 626 3107 locus,
640 3041 743 3109 quanta
756 3033 874 3094 altitudo
890 3035 1050 3111 moenium,
1065 3043 1193 3094 tormen·

188 3112 263 3170 tiene
278 3117 307 3169 et
329 3111 396 3172 telis
419 3128 454 3172 an
471 3112 609 3193 operibus
625 3123 653 3174 et
676 3116 769 3176 vineis
790 3117 985 3194 adgredienda
1006 3117 1075 3177 urbs
1091 3117 1194 3179 foret?

189 3210 258 3253 mox
286 3210 446 3254 conuersus
473 3197 508 3256 ad
537 3198 683 3276 singulos,
712 3217 778 3259 num
801 3219 920 3263 secures
945 3201 1141 3279 dolabrasque
1162 3213 1195 3265 et

154 3284 288 3337 accelera
304 3279 504 3356 expugnandis
525 3279 649 3356 urbibus¹
663 3301 761 3344 secum
776 3285 953 3364 attulissent,
970 3284 1127 3363 rogitabat.
1163 3296 1194 3346 et

191 3375 255 3418 cunr
276 3360 449 3441 abnuerent,
470 3362 650 3441 *gladltsne’
679 3368 771 3445 inquit
792 3371 840 3431 ‘et
862 3369 929 3450 pilis
950 3370 1134 3449 perfringere
1154 3388 1195 3430 ae

192 3441 331 3503 subruere
345 3463 441 3507 muros
455 3448 533 3508 ullae
546 3465 645 3510 manus
661 3453 803 3529 possuntt
823 3455 847 3534 si
861 3472 1001 3533 aggerem
1016 3461 1147 3533 struere,
1167 3454 1193 3514 si
