2570 3878
156 124 217 189 228
416 134 908 186 οοιιιιιιιιιιιοιιιιιιιιιιιιιιι

157 294 288 356 honestis
308 311 344 354 an
366 309 454 354 secus
475 292 575 352 amieis
596 299 740 368 uteretur,
772 293 797 351 si
818 290 920 352 ducem
941 301 1035 354 amota
1056 293 1162 356 invidia

158 379 321 522 egreqitpn,
340 394 424 520 qqam
440 377 464 436 si
480 375 669 456 pecuniosum
686 383 715 434 et
729 376 822 452 gratia
839 375 990 436 subnixum
1006 396 1059 456 per
1073 377 1161 439 ambi·

157 473 215 524 tum
250 480 289 522 et
313 479 387 522 cre.

220 549 249 606 7.
268 479 348 607 llice
362 554 448 624 atque
459 543 528 606 talia
541 542 735 622 vulgantibus,
745 542 866 604 Nero'et
876 545 1052 607 iuventutern
1062 548 1162 624 proxi-

157 650 217 692 mas
233 649 287 710 per
304 630 470 709 provincias
488 628 648 708 quaesitam
663 626 832 708 supplendis
855 629 976 689 orientis
996 628 1163 708 legionibus

156 715 314 776 admovere
340 713 533 793 legionesque
562 714 644 791 ipsas
673 713 794 791 propius
822 711 987 774 Armeniam
1020 712 1188 794 collocari

157 799 250 878 iubet,
272 797 404 877 duosque
419 806 538 858 veteres
552 814 643 875 reges
657 795 820 876 Agrippam
837 806 866 857 et
881 795 1057 858 Antiochum
1072 817 1161 878 expe·

133 883 218 951 adire
236 882 353 963 copias,
371 883 436 962 quis
450 881 620 942 Parthorum
636 881 709 942 bnes
724 880 802 941 uitro
817 882 972 960 intrarent,
990 881 1074 942 simul
1089 899 1161 962 pon·

157 979 202 1028 tes
216 985 270 1047 per
285 983 397 1027 amnem
411 965 580 1046 Euphraten
594 966 688 1043 iungi;
711 973 741 1026 et
761 966 902 1026 minorem
916 964 1082 1028 Armeniam
1096 965 1161 1026 Ari-

157 1049 288 1128 stohulo‚
310 1050 461 1130 regionem
476 1049 634 1129 Sophenen
649 1048 794 1119 Sohaemo
812 1068 876 1110 cum
891 1049 1054 1129 insignibus
1068 1051 1161 1127 regiis

156 1134 279 1196 mandat.
310 1144 487 1214 exortusque
499 1135 528 1194 in
543 1141 675 1213 tempore
692 1133 820 1194 aemulos
834 1133 980 1216 Vologesi
995 1134 1070 1194 lilius
1086 1135 1162 1195 Var-

157 1219 262 1290 danes;
291 1227 320 1278 et
345 1217 522 1278 abscessere
543 1215 680 1278 Armenia
702 1217 814 1296 Parthi,
842 1225 986 1297 tamquam
1012 1217 1163 1280 differrent

122 1303 273 1370 rabellum

194 1389 250 1450 u8.
275 1386 334 1447 Sed
353 1385 430 1466 apud
447 1395 576 1448 senatum
591 1386 685 1446 omnia
700 1386 729 1444 in
743 1385 833 1457 maios
849 1385 998 1448 celebrata
1012 1394 1077 1447 sunt
1095 1406 1160 1448 sen·

155 1472 252 1532 tentiis
276 1488 393 1549 eorum,
419 1471 468 1551 qni
488 1469 717 1551 supplicationes
740 1478 769 1529 et
796 1468 899 1544 diebus
919 1469 1162 1552 supplicationum

156 1563 267 1616 vestem
286 1555 411 1634 principi
425 1553 646 1634 triumphalem,
661 1564 749 1634 utque
767 1571 857 1615 ovans
872 1554 973 1616 urbem
987 1555 1082 1634 iniret,
1099 1556 1162 1618 elb-

154 1639 361 1717 giemqueeius
385 1638 450 1718 pari
476 1637 672 1716 magnitudine
696 1655 731 1698 ac
749 1637 850 1699 blattis
873 1638 985 1701 Ultoris
1007 1640 1111 1701 eodem
1132 1641 1162 1700 iu

132 1722 264 1803 ntemplo
287 1740 447 1799 censuere,
472 1731 590 1801 praeter
613 1730 724 1783 suetam
746 1721 941 1784 adulationem
970 1723 1056 1803 laeti,
1082 1725 1163 1804 quod

155 1805 311 1866 Domitium
341 1804 539 1866 Corbulonem
570 1805 740 1867 retinendae
766 1805 922 1868 Armeniae
950 1819 1162 1910 praeposuerat
1278 1867 1279 1884 ,

156 1887 365 1968 videbaturque
385 1889 470 1950 locus
487 1889 639 1951 vimutibns
655 1890 828 1969 patefactus.
866 1892 970 1972 copiae
985 1892 1106 1954 orientis
1121 1894 1161 1954 ita

156 1973 333 2074 diuiduntur,
354 1981 385 2032 ut
407 1991 476 2052 pars
495 1972 674 2035 auxiliarium
692 1991 755 2034 oum
771 1973 882 2035 duabus
903 1975 1070 2054 legionibus
1084 1978 1163 2056 apud

156 2058 336 2137 provinciam
363 2057 475 2118 Suriam
501 2066 530 2118 et
549 2056 677 2135 legatum
705 2059 767 2118 eius
789 2057 964 2134 Quadratum
989 2059 1161 2122 Ummidium

121 2150 334 2219 reremaneret,
357 2159 411 2221 par
432 2142 536 2202 civium
556 2142 760 2222 sociorumque
782 2160 917 2204 numerus
939 2143 1100 2206 Corbuloni
1116 2163 1160 2206 es·

156 2235 216 2304 set,
240 2225 343 2292 additis
366 2225 537 2287 cohortibus
558 2225 686 2306 alisque,
709 2244 783 2306 qnae
802 2226 835 2288 in
851 2225 1038 2325 Cappadocia
1054 2229 1160 2290 hiema-

156 2311 234 2371 bant
267 2311 341 2372 socii
352 2327 461 2388 reges,
478 2318 563 2390 prout
577 2309 656 2370 bello
670 2309 864 2411 conduceret,
881 2330 986 2392 parere
1002 2313 1088 2374 iussi·
1107 2313 1161 2376 sed

155 2393 247 2456 studia
263 2411 363 2455 eorum
376 2396 406 2454 in
418 2392 615 2455 Corbulonem
628 2395 807 2474 promptiora
820 2405 911 2456 erant.
929 2397 978 2496 qui
991 2405 1020 2457 ut
1031 2397 1163 2460 instaret
1278 2439 1279 2468 ι

155 2479 265 2556 iamne,
282 2497 356 2558 quae
371 2479 400 2538 in
414 2479 500 2539 noris
515 2478 631 2557 coeptis
643 2478 821 2540 validissima
834 2488 896 2558 est,
912 2482 1015 2542 itinere
1030 2498 1161 2562 propere

121 2586 146 2626 ιι
157 2561 294 2623 coniecto
312 2562 390 2642 apud
407 2561 528 2639 Aegeas
552 2564 699 2623 civitatem
715 2560 836 2624 Ciliciae
855 2563 970 2625 obvium
986 2565 1161 2666 Quadratum

154 2645 265 2723 babuit,
282 2644 352 2706 rlluo
364 2663 569 2726 progressum
582 2665 634 2724 ne,
651 2665 675 2707 st
668 2646 721 2708 ad
734 2647 922 2728 acctprendas
934 2651 1036 2730 oopras
1047 2651 1159 2712 Suriam

155 2730 321 2792 intravisset
336 2728 484 2808 Corbulo,
507 2733 630 2791 omnium
648 2748 700 2792 ora
721 2731 749 2790 in
772 2750 805 2793 se
824 2740 954 2794 verteret
972 2751 1100 2813 corpore
1117 2736 1160 2794 in·

156 2831 245 2891 gens,
265 2813 364 2874 verbis
378 2776 539 2892 magnificis
556 2825 585 2876 ct
602 2833 690 2895 snper
707 2817 917 2894 experientiam
933 2819 1160 2898 sapientiamque
1278 2791 1279 2816 Ξ

156 2898 240 3014 etiam
255 2899 358 2976 specie
373 2899 497 2958 inanium
512 2898 635 2960 salidus.
732 2905 739 2925 ¹

217 2983 246 3044 9.
270 2981 406 3042 Ceterum
432 2992 554 3062 uterque
580 2983 616 3044 ad
637 2984 820 3061 Vologesem
844 3003 945 3063 regem
971 2956 1080 3047 nuntiis
1098 3004 1159 3048 mo·

157 3008 278 3142 nebant,
303 3083 406 3143 pacem
428 3084 511 3146 quam
532 3066 638 3128 bellum
661 3067 759 3128 mallet
779 3069 912 3148 datisque
926 3069 1076 3131 obsidibus
1091 3071 1159 3131 soli·

158 3160 213 3210 tarn
229 3149 374 3228 prioribus
388 3153 605 3212 reverentiam·
596 3170 624 3211 ιιι
642 3152 778 3234 populum
793 3153 952 3216 Romanum
968 3157 1158 3216 continuaret
1224 3203 1227 3208 .

157 3243 186 3291 ot
201 3233 384 3314 Vologeses,
403 3252 461 3314 quo
477 3234 584 3296 bellum
599 3254 637 3297 ex
653 3236 804 3299 commodo
820 3248 954 3318 pararet,
970 3247 1158 3301 anutaemn·
1207 3295 1209 3300 ,
1278 3261 1279 3316 ι

133 3317 272 3380 elationis
292 3327 450 3398 suspectos
470 3337 523 3401 per
544 3336 649 3382 nomen
665 3321 796 3384 obsidum
814 3331 979 3402 amoveret,
1000 3305 1086 3385 tradit
1105 3339 1158 3382 no-

157 3399 313 3463 bilissimos
332 3421 370 3464 ex
387 3403 492 3466 familia
506 3403 741 3468 Arsacidarum.
738 3407 936 3490 accepitque
959 3425 1011 3468 eos
1028 3407 1159 3468 centurio
