<?xml version="1.0" encoding="UTF-8"?>
<!DOCTYPE html PUBLIC "-//W3C//DTD XHTML 1.0 Transitional//EN"
    "http://www.w3.org/TR/xhtml1/DTD/xhtml1-transitional.dtd">
<html xmlns="http://www.w3.org/1999/xhtml" xml:lang="en" lang="en">
 <head>
  <title>
</title>
<meta http-equiv="Content-Type" content="text/html;charset=utf-8" />
  <meta name='ocr-system' content='tesseract 3.04.00' />
  <meta name='ocr-capabilities' content='ocr_page ocr_carea ocr_par ocr_line ocrx_word'/>
</head>
<body>
  <div class='ocr_page' id='page_1' title='image "./libriquisupersu02tacigoog/libriquisupersu02tacigoog_0090.png"; bbox 0 0 2440 3886; ppageno 0'>
   <div class='ocr_carea' id='block_1_1' title="bbox 386 169 1046 232">
    <p class='ocr_par' dir='ltr' id='par_1_1' title="bbox 386 169 1046 232">
     <span class='ocr_line' id='line_1_1' title="bbox 386 169 1046 232; baseline 0.011 -8"><span class='ocrx_word' id='word_1_1' title='bbox 386 178 488 226; x_wconf 69' lang='lat' dir='ltr'><strong>uret</strong></span> <span class='ocrx_word' id='word_1_2' title='bbox 506 177 712 232; x_wconf 66' lang='lat' dir='ltr'><strong>cares-63.</strong></span> <span class='ocrx_word' id='word_1_3' title='bbox 1010 169 1046 231; x_wconf 82' lang='lat'><strong>31</strong></span> 
     </span>
    </p>
   </div>
   <div class='ocr_carea' id='block_1_2' title="bbox 7 331 1166 3186">
    <p class='ocr_par' dir='ltr' id='par_1_2' title="bbox 67 331 1166 1674">
     <span class='ocr_line' id='line_1_2' title="bbox 74 331 1050 414; baseline 0.002 -20"><span class='ocrx_word' id='word_1_4' title='bbox 74 340 99 394; x_wconf 83' lang='lat' dir='ltr'><strong>et</strong></span> <span class='ocrx_word' id='word_1_5' title='bbox 117 339 214 392; x_wconf 84' lang='lat' dir='ltr'><strong>sortem</strong></span> <span class='ocrx_word' id='word_1_6' title='bbox 230 331 378 395; x_wconf 90' lang='lat' dir='ltr'><strong>hominum.</strong></span> <span class='ocrx_word' id='word_1_7' title='bbox 411 334 571 414; x_wconf 90' lang='lat' dir='ltr'><strong>praemisso</strong></span> <span class='ocrx_word' id='word_1_8' title='bbox 590 332 732 411; x_wconf 85' lang='lat' dir='ltr'><strong>Caecina,</strong></span> <span class='ocrx_word' id='word_1_9' title='bbox 755 343 784 394; x_wconf 95' lang='lat' dir='ltr'><strong>ut</strong></span> <span class='ocrx_word' id='word_1_10' title='bbox 799 335 913 396; x_wconf 87' lang='lat' dir='ltr'><strong>occulta</strong></span> <span class='ocrx_word' id='word_1_11' title='bbox 930 335 1050 397; x_wconf 89' lang='lat' dir='ltr'><strong>saltuum</strong></span> 
     </span>
     <span class='ocr_line' id='line_1_3' title="bbox 74 418 1076 497; baseline 0.006 -23"><span class='ocrx_word' id='word_1_12' title='bbox 74 423 232 476; x_wconf 87' lang='lat' dir='ltr'><strong>scrutaretur</strong></span> <span class='ocrx_word' id='word_1_13' title='bbox 245 425 406 496; x_wconf 80' lang='lat' dir='ltr'><strong>pontesque</strong></span> <span class='ocrx_word' id='word_1_14' title='bbox 422 427 451 478; x_wconf 90' lang='lat' dir='ltr'><strong>et</strong></span> <span class='ocrx_word' id='word_1_15' title='bbox 465 435 592 496; x_wconf 77' lang='lat' dir='ltr'><strong>aggeres</strong></span> <span class='ocrx_word' id='word_1_16' title='bbox 613 418 708 478; x_wconf 94' lang='lat' dir='ltr'><strong>umido</strong></span> <span class='ocrx_word' id='word_1_17' title='bbox 730 418 864 497; x_wconf 91' lang='lat' dir='ltr'><strong>paludum</strong></span> <span class='ocrx_word' id='word_1_18' title='bbox 888 429 918 481; x_wconf 92' lang='lat' dir='ltr'><strong>et</strong></span> <span class='ocrx_word' id='word_1_19' title='bbox 940 420 1076 482; x_wconf 82' lang='lat' dir='ltr'><strong>laliaci-⁵</strong></span> 
     </span>
     <span class='ocr_line' id='line_1_4' title="bbox 73 497 1089 583; baseline 0.007 -25"><span class='ocrx_word' id='word_1_20' title='bbox 73 497 118 558; x_wconf 89' lang='lat' dir='ltr'><strong>bus</strong></span> <span class='ocrx_word' id='word_1_21' title='bbox 142 500 243 578; x_wconf 90' lang='lat' dir='ltr'><strong>campis</strong></span> <span class='ocrx_word' id='word_1_22' title='bbox 264 502 431 580; x_wconf 75' lang='lat' dir='ltr'><strong>inponeret,</strong></span> <span class='ocrx_word' id='word_1_23' title='bbox 460 503 594 562; x_wconf 91' lang='lat' dir='ltr'><strong>incedunt</strong></span> <span class='ocrx_word' id='word_1_24' title='bbox 615 509 742 562; x_wconf 92' lang='lat' dir='ltr'><strong>maestos</strong></span> <span class='ocrx_word' id='word_1_25' title='bbox 765 503 850 563; x_wconf 90' lang='lat' dir='ltr'><strong>locos</strong></span> <span class='ocrx_word' id='word_1_26' title='bbox 872 505 994 583; x_wconf 85' lang='lat' dir='ltr'><strong>visuque</strong></span> <span class='ocrx_word' id='word_1_27' title='bbox 1015 523 1050 565; x_wconf 86' lang='lat' dir='ltr'><strong>ac</strong></span> <span class='ocrx_word' id='word_1_28' title='bbox 1086 525 1089 530; x_wconf 93' lang='lat'>·</span> 
     </span>
     <span class='ocr_line' id='line_1_5' title="bbox 71 583 1049 664; baseline 0.007 -22"><span class='ocrx_word' id='word_1_29' title='bbox 71 583 191 644; x_wconf 87' lang='lat' dir='ltr'><strong>memoria</strong></span> <span class='ocrx_word' id='word_1_30' title='bbox 208 583 353 647; x_wconf 90' lang='lat' dir='ltr'><strong>deiormis.</strong></span> <span class='ocrx_word' id='word_1_31' title='bbox 385 587 476 664; x_wconf 92' lang='lat' dir='ltr'><strong>prima</strong></span> <span class='ocrx_word' id='word_1_32' title='bbox 491 586 561 646; x_wconf 87' lang='lat' dir='ltr'><strong>Vari</strong></span> <span class='ocrx_word' id='word_1_33' title='bbox 579 595 673 648; x_wconf 87' lang='lat' dir='ltr'><strong>eastra</strong></span> <span class='ocrx_word' id='word_1_34' title='bbox 691 587 751 647; x_wconf 93' lang='lat' dir='ltr'><strong>lato</strong></span> <span class='ocrx_word' id='word_1_35' title='bbox 768 586 873 647; x_wconf 88' lang='lat' dir='ltr'><strong>ambitu</strong></span> <span class='ocrx_word' id='word_1_36' title='bbox 895 597 924 648; x_wconf 87' lang='lat' dir='ltr'><strong>et</strong></span> <span class='ocrx_word' id='word_1_37' title='bbox 943 588 1049 649; x_wconf 89' lang='lat' dir='ltr'><strong>dimen-</strong></span> 
     </span>
     <span class='ocr_line' id='line_1_6' title="bbox 72 667 1049 748; baseline 0.009 -24"><span class='ocrx_word' id='word_1_38' title='bbox 72 667 105 725; x_wconf 90' lang='lat' dir='ltr'><strong>sis</strong></span> <span class='ocrx_word' id='word_1_39' title='bbox 114 667 253 746; x_wconf 89' lang='lat' dir='ltr'><strong>principiis</strong></span> <span class='ocrx_word' id='word_1_40' title='bbox 269 670 350 728; x_wconf 92' lang='lat' dir='ltr'><strong>trium</strong></span> <span class='ocrx_word' id='word_1_41' title='bbox 366 669 511 748; x_wconf 88' lang='lat' dir='ltr'><strong>legionum</strong></span> <span class='ocrx_word' id='word_1_42' title='bbox 530 688 629 730; x_wconf 92' lang='lat' dir='ltr'><strong>manus</strong></span> <span class='ocrx_word' id='word_1_43' title='bbox 654 669 855 740; x_wconf 88' lang='lat' dir='ltr'><strong>ostentabant;</strong></span> <span class='ocrx_word' id='word_1_44' title='bbox 878 671 944 732; x_wconf 92' lang='lat' dir='ltr'><strong>dein</strong></span> <span class='ocrx_word' id='word_1_45' title='bbox 965 674 1049 733; x_wconf 89' lang='lat' dir='ltr'><strong>semi·</strong></span> 
     </span>
     <span class='ocr_line' id='line_1_7' title="bbox 71 750 1048 833; baseline 0.009 -26"><span class='ocrx_word' id='word_1_46' title='bbox 71 758 124 808; x_wconf 91' lang='lat' dir='ltr'><strong>rutc</strong></span> <span class='ocrx_word' id='word_1_47' title='bbox 142 750 225 828; x_wconf 91' lang='lat' dir='ltr'><strong>vallo,</strong></span> <span class='ocrx_word' id='word_1_48' title='bbox 245 751 341 813; x_wconf 90' lang='lat' dir='ltr'><strong>humili</strong></span> <span class='ocrx_word' id='word_1_49' title='bbox 358 753 438 814; x_wconf 82' lang='lat' dir='ltr'><strong>fossa</strong></span> <span class='ocrx_word' id='word_1_50' title='bbox 454 755 570 814; x_wconf 90' lang='lat' dir='ltr'><strong>accisae</strong></span> <span class='ocrx_word' id='word_1_51' title='bbox 585 757 639 814; x_wconf 91' lang='lat' dir='ltr'><strong>iam</strong></span> <span class='ocrx_word' id='word_1_52' title='bbox 659 754 800 833; x_wconf 80' lang='lat' dir='ltr'><strong>reliquiae</strong></span> <span class='ocrx_word' id='word_1_53' title='bbox 820 756 990 816; x_wconf 76' lang='lat' dir='ltr'><strong>consedisse</strong></span> <span class='ocrx_word' id='word_1_54' title='bbox 1009 758 1048 816; x_wconf 90' lang='lat' dir='ltr'><strong>in·</strong></span> 
     </span>
     <span class='ocr_line' id='line_1_8' title="bbox 69 834 1084 917; baseline 0.007 -24"><span class='ocrx_word' id='word_1_55' title='bbox 69 834 280 916; x_wconf 88' lang='lat' dir='ltr'><strong>tellegebantur:</strong></span> <span class='ocrx_word' id='word_1_56' title='bbox 296 837 390 898; x_wconf 89' lang='lat' dir='ltr'><strong>medio</strong></span> <span class='ocrx_word' id='word_1_57' title='bbox 406 839 500 916; x_wconf 89' lang='lat' dir='ltr'><strong>campi</strong></span> <span class='ocrx_word' id='word_1_58' title='bbox 515 838 640 899; x_wconf 77' lang='lat' dir='ltr'><strong>albentia</strong></span> <span class='ocrx_word' id='word_1_59' title='bbox 655 853 733 915; x_wconf 91' lang='lat' dir='ltr'><strong>ossa,</strong></span> <span class='ocrx_word' id='word_1_60' title='bbox 747 847 777 898; x_wconf 92' lang='lat' dir='ltr'><strong>ut</strong></span> <span class='ocrx_word' id='word_1_61' title='bbox 793 839 941 917; x_wconf 74' lang='lat' dir='ltr'><strong>ingerant,</strong></span> <span class='ocrx_word' id='word_1_62' title='bbox 958 849 987 900; x_wconf 92' lang='lat' dir='ltr'><strong>ut</strong></span> <span class='ocrx_word' id='word_1_63' title='bbox 1002 859 1047 900; x_wconf 90' lang='lat' dir='ltr'><strong>re·</strong></span> <span class='ocrx_word' id='word_1_64' title='bbox 1060 851 1084 894; x_wconf 82' lang='lat' dir='ltr'><strong>tt</strong></span> 
     </span>
     <span class='ocr_line' id='line_1_9' title="bbox 69 919 1049 1001; baseline 0.006 -23"><span class='ocrx_word' id='word_1_65' title='bbox 69 919 192 998; x_wconf 89' lang='lat' dir='ltr'><strong>stitcrant,</strong></span> <span class='ocrx_word' id='word_1_66' title='bbox 209 919 332 982; x_wconf 66' lang='lat' dir='ltr'><strong>disiecta·</strong></span> <span class='ocrx_word' id='word_1_67' title='bbox 345 921 394 982; x_wconf 87' lang='lat' dir='ltr'><strong>vel</strong></span> <span class='ocrx_word' id='word_1_68' title='bbox 409 931 559 1000; x_wconf 74' lang='lat' dir='ltr'><strong>aggerata.</strong></span> <span class='ocrx_word' id='word_1_69' title='bbox 590 921 759 984; x_wconf 87' lang='lat' dir='ltr'><strong>adiacebant</strong></span> <span class='ocrx_word' id='word_1_70' title='bbox 773 922 913 1001; x_wconf 76' lang='lat' dir='ltr'><strong>fragmina</strong></span> <span class='ocrx_word' id='word_1_71' title='bbox 926 924 1049 985; x_wconf 89' lang='lat' dir='ltr'><strong>telomm</strong></span> 
     </span>
     <span class='ocr_line' id='line_1_10' title="bbox 69 1005 1048 1083; baseline 0.008 -23"><span class='ocrx_word' id='word_1_72' title='bbox 69 1019 247 1082; x_wconf 87' lang='lat' dir='ltr'><strong>equorumque</strong></span> <span class='ocrx_word' id='word_1_73' title='bbox 263 1014 351 1083; x_wconf 89' lang='lat' dir='ltr'><strong>artus,</strong></span> <span class='ocrx_word' id='word_1_74' title='bbox 367 1005 450 1066; x_wconf 88' lang='lat' dir='ltr'><strong>simul</strong></span> <span class='ocrx_word' id='word_1_75' title='bbox 465 1008 574 1067; x_wconf 90' lang='lat' dir='ltr'><strong>truncis</strong></span> <span class='ocrx_word' id='word_1_76' title='bbox 590 1005 721 1068; x_wconf 90' lang='lat' dir='ltr'><strong>arborum</strong></span> <span class='ocrx_word' id='word_1_77' title='bbox 738 1007 861 1068; x_wconf 85' lang='lat' dir='ltr'><strong>antefixa</strong></span> <span class='ocrx_word' id='word_1_78' title='bbox 880 1025 940 1068; x_wconf 88' lang='lat' dir='ltr'><strong>ora.</strong></span> <span class='ocrx_word' id='word_1_79' title='bbox 975 1008 1048 1070; x_wconf 90' lang='lat' dir='ltr'><strong>lucis</strong></span> 
     </span>
     <span class='ocr_line' id='line_1_11' title="bbox 68 1086 1048 1172; baseline 0.01 -29"><span class='ocrx_word' id='word_1_80' title='bbox 68 1086 217 1166; x_wconf 78' lang='lat' dir='ltr'><strong>propinquis</strong></span> <span class='ocrx_word' id='word_1_81' title='bbox 233 1087 376 1150; x_wconf 89' lang='lat' dir='ltr'><strong>barbarae</strong></span> <span class='ocrx_word' id='word_1_82' title='bbox 399 1107 482 1166; x_wconf 87' lang='lat' dir='ltr'><strong>arae,</strong></span> <span class='ocrx_word' id='word_1_83' title='bbox 498 1091 574 1170; x_wconf 93' lang='lat' dir='ltr'><strong>apud</strong></span> <span class='ocrx_word' id='word_1_84' title='bbox 595 1107 665 1170; x_wconf 90' lang='lat' dir='ltr'><strong>quas</strong></span> <span class='ocrx_word' id='word_1_85' title='bbox 685 1090 815 1150; x_wconf 90' lang='lat' dir='ltr'><strong>tribunos</strong></span> <span class='ocrx_word' id='word_1_86' title='bbox 839 1110 873 1152; x_wconf 92' lang='lat' dir='ltr'><strong>ac</strong></span> <span class='ocrx_word' id='word_1_87' title='bbox 893 1092 1048 1172; x_wconf 92' lang='lat' dir='ltr'><strong>primorum</strong></span> 
     </span>
     <span class='ocr_line' id='line_1_12' title="bbox 68 1169 1046 1255; baseline 0.008 -27"><span class='ocrx_word' id='word_1_88' title='bbox 68 1169 178 1231; x_wconf 89' lang='lat' dir='ltr'><strong>ordinum</strong></span> <span class='ocrx_word' id='word_1_89' title='bbox 193 1173 379 1234; x_wconf 80' lang='lat' dir='ltr'><strong>centuriones</strong></span> <span class='ocrx_word' id='word_1_90' title='bbox 398 1182 603 1235; x_wconf 89' lang='lat' dir='ltr'><strong>mactaverant.</strong></span> <span class='ocrx_word' id='word_1_91' title='bbox 635 1183 664 1234; x_wconf 93' lang='lat' dir='ltr'><strong>et</strong></span> <span class='ocrx_word' id='word_1_92' title='bbox 679 1174 770 1236; x_wconf 89' lang='lat' dir='ltr'><strong>cladis</strong></span> <span class='ocrx_word' id='word_1_93' title='bbox 786 1176 848 1236; x_wconf 91' lang='lat' dir='ltr'><strong>eius</strong></span> <span class='ocrx_word' id='word_1_94' title='bbox 864 1177 1046 1255; x_wconf 84' lang='lat' dir='ltr'><strong>superstites,</strong></span> 
     </span>
     <span class='ocr_line' id='line_1_13' title="bbox 67 1257 1081 1340; baseline 0.004 -28"><span class='ocrx_word' id='word_1_95' title='bbox 67 1272 173 1332; x_wconf 83' lang='lat' dir='ltr'><strong>puguam</strong></span> <span class='ocrx_word' id='word_1_96' title='bbox 188 1266 235 1317; x_wconf 89' lang='lat' dir='ltr'><strong>aut</strong></span> <span class='ocrx_word' id='word_1_97' title='bbox 252 1258 367 1318; x_wconf 82' lang='lat' dir='ltr'><strong>vincula</strong></span> <span class='ocrx_word' id='word_1_98' title='bbox 383 1259 487 1336; x_wconf 86' lang='lat' dir='ltr'><strong>elapsi,</strong></span> <span class='ocrx_word' id='word_1_99' title='bbox 505 1258 674 1320; x_wconf 80' lang='lat' dir='ltr'><strong>referebant</strong></span> <span class='ocrx_word' id='word_1_100' title='bbox 686 1257 734 1318; x_wconf 91' lang='lat' dir='ltr'><strong>hic</strong></span> <span class='ocrx_word' id='word_1_101' title='bbox 757 1259 900 1320; x_wconf 90' lang='lat' dir='ltr'><strong>cecidisse</strong></span> <span class='ocrx_word' id='word_1_102' title='bbox 920 1260 1046 1340; x_wconf 90' lang='lat' dir='ltr'><strong>legatos,</strong></span> <span class='ocrx_word' id='word_1_103' title='bbox 1058 1275 1081 1317; x_wconf 88' lang='grc' dir='ltr'><strong>ιι</strong></span> 
     </span>
     <span class='ocr_line' id='line_1_14' title="bbox 67 1336 1047 1422; baseline 0.006 -25"><span class='ocrx_word' id='word_1_104' title='bbox 67 1336 115 1398; x_wconf 86' lang='lat' dir='ltr'><strong>ilic</strong></span> <span class='ocrx_word' id='word_1_105' title='bbox 127 1348 218 1419; x_wconf 87' lang='lat' dir='ltr'><strong>raptas</strong></span> <span class='ocrx_word' id='word_1_106' title='bbox 235 1341 363 1421; x_wconf 65' lang='lat' dir='ltr'><strong>aquilam</strong></span> <span class='ocrx_word' id='word_1_107' title='bbox 380 1343 505 1422; x_wconf 90' lang='lat' dir='ltr'><strong>primum·</strong></span> <span class='ocrx_word' id='word_1_108' title='bbox 515 1343 564 1403; x_wconf 93' lang='lat' dir='ltr'><strong>ubi</strong></span> <span class='ocrx_word' id='word_1_109' title='bbox 579 1343 681 1403; x_wconf 86' lang='lat' dir='ltr'><strong>vulnus</strong></span> <span class='ocrx_word' id='word_1_110' title='bbox 695 1343 774 1403; x_wconf 87' lang='lat' dir='ltr'><strong>Varo</strong></span> <span class='ocrx_word' id='word_1_111' title='bbox 788 1342 928 1422; x_wconf 89' lang='lat' dir='ltr'><strong>adactum,</strong></span> <span class='ocrx_word' id='word_1_112' title='bbox 944 1345 992 1405; x_wconf 94' lang='lat' dir='ltr'><strong>ubi</strong></span> <span class='ocrx_word' id='word_1_113' title='bbox 1008 1346 1047 1404; x_wconf 92' lang='lat' dir='ltr'><strong>in·</strong></span> 
     </span>
     <span class='ocr_line' id='line_1_15' title="bbox 69 1421 1166 1506; baseline 0.008 -26"><span class='ocrx_word' id='word_1_114' title='bbox 69 1421 131 1483; x_wconf 88' lang='lat' dir='ltr'><strong>ielici</strong></span> <span class='ocrx_word' id='word_1_115' title='bbox 145 1423 264 1486; x_wconf 78' lang='lat' dir='ltr'><strong>dextera</strong></span> <span class='ocrx_word' id='word_1_116' title='bbox 278 1433 308 1485; x_wconf 90' lang='lat' dir='ltr'><strong>et</strong></span> <span class='ocrx_word' id='word_1_117' title='bbox 319 1442 371 1486; x_wconf 91' lang='lat' dir='ltr'><strong>suo</strong></span> <span class='ocrx_word' id='word_1_118' title='bbox 382 1427 440 1487; x_wconf 92' lang='lat' dir='ltr'><strong>ictu</strong></span> <span class='ocrx_word' id='word_1_119' title='bbox 454 1435 576 1488; x_wconf 86' lang='lat' dir='ltr'><strong>mortem</strong></span> <span class='ocrx_word' id='word_1_120' title='bbox 588 1427 745 1498; x_wconf 79' lang='lat' dir='ltr'><strong>invenerit3</strong></span> <span class='ocrx_word' id='word_1_121' title='bbox 762 1442 819 1506; x_wconf 92' lang='lat' dir='ltr'><strong>quc</strong></span> <span class='ocrx_word' id='word_1_122' title='bbox 834 1427 967 1498; x_wconf 88' lang='lat' dir='ltr'><strong>tribunali</strong></span> <span class='ocrx_word' id='word_1_123' title='bbox 979 1445 1047 1488; x_wconf 90' lang='lat' dir='ltr'><strong>con·</strong></span> <span class='ocrx_word' id='word_1_124' title='bbox 1158 1428 1166 1434; x_wconf 86' lang='lat'>&#39;</span> 
     </span>
     <span class='ocr_line' id='line_1_16' title="bbox 71 1506 1046 1590; baseline 0.01 -28"><span class='ocrx_word' id='word_1_125' title='bbox 71 1506 169 1567; x_wconf 89' lang='lat' dir='ltr'><strong>tiunatus</strong></span> <span class='ocrx_word' id='word_1_126' title='bbox 187 1509 351 1586; x_wconf 77' lang='lat' dir='ltr'><strong>Arminius,</strong></span> <span class='ocrx_word' id='word_1_127' title='bbox 365 1519 438 1589; x_wconf 91' lang='lat' dir='ltr'><strong>quct</strong></span> <span class='ocrx_word' id='word_1_128' title='bbox 455 1509 584 1590; x_wconf 90' lang='lat' dir='ltr'><strong>patibula</strong></span> <span class='ocrx_word' id='word_1_129' title='bbox 600 1511 737 1590; x_wconf 87' lang='lat' dir='ltr'><strong>captivis,</strong></span> <span class='ocrx_word' id='word_1_130' title='bbox 759 1528 834 1590; x_wconf 89' lang='lat' dir='ltr'><strong>quae</strong></span> <span class='ocrx_word' id='word_1_131' title='bbox 848 1511 987 1590; x_wconf 90' lang='lat' dir='ltr'><strong>scrobes,</strong></span> <span class='ocrx_word' id='word_1_132' title='bbox 1004 1520 1046 1572; x_wconf 94' lang='lat' dir='ltr'><strong>ut·</strong></span> 
     </span>
     <span class='ocr_line' id='line_1_17' title="bbox 75 1592 779 1674; baseline 0.006 -24"><span class='ocrx_word' id='word_1_133' title='bbox 75 1605 116 1667; x_wconf 87' lang='lat' dir='ltr'><strong>que</strong></span> <span class='ocrx_word' id='word_1_134' title='bbox 126 1592 208 1671; x_wconf 84' lang='lat' dir='ltr'><strong>signis</strong></span> <span class='ocrx_word' id='word_1_135' title='bbox 226 1603 256 1654; x_wconf 89' lang='lat' dir='ltr'><strong>et</strong></span> <span class='ocrx_word' id='word_1_136' title='bbox 272 1593 376 1673; x_wconf 88' lang='lat' dir='ltr'><strong>aquilis</strong></span> <span class='ocrx_word' id='word_1_137' title='bbox 390 1612 445 1674; x_wconf 86' lang='lat' dir='ltr'><strong>per</strong></span> <span class='ocrx_word' id='word_1_138' title='bbox 459 1594 624 1673; x_wconf 85' lang='lat' dir='ltr'><strong>superbiam</strong></span> <span class='ocrx_word' id='word_1_139' title='bbox 639 1594 779 1655; x_wconf 87' lang='lat' dir='ltr'><strong>inluserit.</strong></span> 
     </span>
    </p>

    <p class='ocr_par' dir='ltr' id='par_1_3' title="bbox 66 1675 1048 2008">
     <span class='ocr_line' id='line_1_18' title="bbox 116 1675 1048 1758; baseline 0.003 -22"><span class='ocrx_word' id='word_1_140' title='bbox 116 1675 157 1736; x_wconf 78' lang='lat'><strong>62.</strong></span> <span class='ocrx_word' id='word_1_141' title='bbox 179 1675 273 1756; x_wconf 88' lang='lat' dir='ltr'><strong>igitur</strong></span> <span class='ocrx_word' id='word_1_142' title='bbox 290 1677 440 1744; x_wconf 51' lang='lat' dir='ltr'><strong>,Romanus</strong></span> <span class='ocrx_word' id='word_1_143' title='bbox 472 1680 519 1757; x_wconf 92' lang='lat' dir='ltr'><strong>qui</strong></span> <span class='ocrx_word' id='word_1_144' title='bbox 547 1679 647 1739; x_wconf 90' lang='lat' dir='ltr'><strong>aderat</strong></span> <span class='ocrx_word' id='word_1_145' title='bbox 668 1679 814 1739; x_wconf 80' lang='lat' dir='ltr'><strong>exercitus</strong></span> <span class='ocrx_word' id='word_1_146' title='bbox 840 1687 950 1740; x_wconf 84' lang='lat' dir='ltr'><strong>sextum</strong></span> <span class='ocrx_word' id='word_1_147' title='bbox 979 1689 1048 1758; x_wconf 92' lang='lat' dir='ltr'><strong>post</strong></span> 
     </span>
     <span class='ocr_line' id='line_1_19' title="bbox 69 1756 1045 1840; baseline 0.008 -25"><span class='ocrx_word' id='word_1_148' title='bbox 69 1756 140 1818; x_wconf 87' lang='lat' dir='ltr'><strong>cladis</strong></span> <span class='ocrx_word' id='word_1_149' title='bbox 152 1777 253 1822; x_wconf 90' lang='lat' dir='ltr'><strong>annum</strong></span> <span class='ocrx_word' id='word_1_150' title='bbox 268 1761 352 1822; x_wconf 88' lang='lat' dir='ltr'><strong>trium</strong></span> <span class='ocrx_word' id='word_1_151' title='bbox 367 1762 512 1840; x_wconf 87' lang='lat' dir='ltr'><strong>legionum</strong></span> <span class='ocrx_word' id='word_1_152' title='bbox 532 1779 610 1840; x_wconf 90' lang='lat' dir='ltr'><strong>ossa,</strong></span> <span class='ocrx_word' id='word_1_153' title='bbox 624 1763 703 1823; x_wconf 95' lang='lat' dir='ltr'><strong>nullo</strong></span> <span class='ocrx_word' id='word_1_154' title='bbox 719 1771 859 1822; x_wconf 88' lang='lat' dir='ltr'><strong>noscente</strong></span> <span class='ocrx_word' id='word_1_155' title='bbox 875 1762 985 1823; x_wconf 86' lang='lat' dir='ltr'><strong>alienas</strong></span> <span class='ocrx_word' id='word_1_156' title='bbox 1000 1781 1045 1823; x_wconf 86' lang='lat' dir='ltr'><strong>re·</strong></span> 
     </span>
     <span class='ocr_line' id='line_1_20' title="bbox 66 1838 1045 1924; baseline 0.01 -26"><span class='ocrx_word' id='word_1_157' title='bbox 66 1838 148 1919; x_wconf 92' lang='lat' dir='ltr'><strong>liquias</strong></span> <span class='ocrx_word' id='word_1_158' title='bbox 163 1864 197 1906; x_wconf 85' lang='lat' dir='ltr'><strong>au</strong></span> <span class='ocrx_word' id='word_1_159' title='bbox 212 1864 333 1906; x_wconf 88' lang='lat' dir='ltr'><strong>suorum</strong></span> <span class='ocrx_word' id='word_1_160' title='bbox 349 1845 433 1906; x_wconf 92' lang='lat' dir='ltr'><strong>humo</strong></span> <span class='ocrx_word' id='word_1_161' title='bbox 445 1854 571 1924; x_wconf 88' lang='lat' dir='ltr'><strong>tegeret,</strong></span> <span class='ocrx_word' id='word_1_162' title='bbox 588 1863 687 1907; x_wconf 91' lang='lat' dir='ltr'><strong>omues</strong></span> <span class='ocrx_word' id='word_1_163' title='bbox 699 1855 732 1908; x_wconf 89' lang='lat' dir='ltr'><strong>ut</strong></span> <span class='ocrx_word' id='word_1_164' title='bbox 741 1846 920 1923; x_wconf 89' lang='lat' dir='ltr'><strong>coniunctos,</strong></span> <span class='ocrx_word' id='word_1_165' title='bbox 936 1855 966 1906; x_wconf 91' lang='lat' dir='ltr'><strong>ut</strong></span> <span class='ocrx_word' id='word_1_166' title='bbox 978 1863 1045 1908; x_wconf 91' lang='lat' dir='ltr'><strong>oon·</strong></span> 
     </span>
     <span class='ocr_line' id='line_1_21' title="bbox 66 1928 1043 2008; baseline 0.009 -25"><span class='ocrx_word' id='word_1_167' title='bbox 66 1928 230 2008; x_wconf 86' lang='lat' dir='ltr'><strong>sanguineos,</strong></span> <span class='ocrx_word' id='word_1_168' title='bbox 247 1939 332 1991; x_wconf 91' lang='lat' dir='ltr'><strong>aucta</strong></span> <span class='ocrx_word' id='word_1_169' title='bbox 348 1931 376 1990; x_wconf 93' lang='lat' dir='ltr'><strong>in</strong></span> <span class='ocrx_word' id='word_1_170' title='bbox 393 1931 505 1991; x_wconf 89' lang='lat' dir='ltr'><strong>hostem</strong></span> <span class='ocrx_word' id='word_1_171' title='bbox 521 1931 572 2007; x_wconf 87' lang='lat' dir='ltr'><strong>ira,</strong></span> <span class='ocrx_word' id='word_1_172' title='bbox 589 1931 691 1991; x_wconf 87' lang='lat' dir='ltr'><strong>maesti</strong></span> <span class='ocrx_word' id='word_1_173' title='bbox 706 1931 788 1991; x_wconf 90' lang='lat' dir='ltr'><strong>simul</strong></span> <span class='ocrx_word' id='word_1_174' title='bbox 808 1941 836 1990; x_wconf 90' lang='lat' dir='ltr'><strong>et</strong></span> <span class='ocrx_word' id='word_1_175' title='bbox 849 1930 952 1990; x_wconf 80' lang='lat' dir='ltr'><strong>infensi</strong></span> <span class='ocrx_word' id='word_1_176' title='bbox 976 1949 1043 1992; x_wconf 90' lang='lat' dir='ltr'><strong>con·</strong></span> 
     </span>
    </p>

    <p class='ocr_par' dir='ltr' id='par_1_4' title="bbox 7 2007 1127 2591">
     <span class='ocr_line' id='line_1_22' title="bbox 7 2007 1071 2095; baseline 0.003 -23"><span class='ocrx_word' id='word_1_177' title='bbox 7 2063 8 2072; x_wconf 73' lang='grc'>,</span> <span class='ocrx_word' id='word_1_178' title='bbox 62 2007 159 2073; x_wconf 86' lang='lat' dir='ltr'><strong>debant.</strong></span> <span class='ocrx_word' id='word_1_179' title='bbox 189 2017 315 2094; x_wconf 87' lang='lat' dir='ltr'><strong>primum</strong></span> <span class='ocrx_word' id='word_1_180' title='bbox 334 2015 494 2076; x_wconf 86' lang='lat' dir='ltr'><strong>extruendo</strong></span> <span class='ocrx_word' id='word_1_181' title='bbox 512 2014 620 2075; x_wconf 92' lang='lat' dir='ltr'><strong>tumulo</strong></span> <span class='ocrx_word' id='word_1_182' title='bbox 639 2015 798 2093; x_wconf 84' lang='lat' dir='ltr'><strong>caespitem</strong></span> <span class='ocrx_word' id='word_1_183' title='bbox 812 2012 921 2076; x_wconf 82' lang='lat' dir='ltr'><strong>Caesar</strong></span> <span class='ocrx_word' id='word_1_184' title='bbox 937 2017 1071 2095; x_wconf 77' lang='lat' dir='ltr'><strong>posuit,t</strong></span> 
     </span>
     <span class='ocr_line' id='line_1_23' title="bbox 7 2075 1043 2180; baseline 0.007 -29"><span class='ocrx_word' id='word_1_185' title='bbox 7 2075 9 2180; x_wconf 60' lang='lat' dir='ltr'><strong>l</strong></span> <span class='ocrx_word' id='word_1_186' title='bbox 61 2096 205 2169; x_wconf 85' lang='lat' dir='ltr'><strong>gratissimo</strong></span> <span class='ocrx_word' id='word_1_187' title='bbox 219 2116 340 2159; x_wconf 90' lang='lat' dir='ltr'><strong>monere</strong></span> <span class='ocrx_word' id='word_1_188' title='bbox 351 2099 381 2158; x_wconf 89' lang='lat' dir='ltr'><strong>in</strong></span> <span class='ocrx_word' id='word_1_189' title='bbox 392 2099 544 2160; x_wconf 90' lang='lat' dir='ltr'><strong>deiunotos</strong></span> <span class='ocrx_word' id='word_1_190' title='bbox 560 2107 589 2158; x_wconf 92' lang='lat' dir='ltr'><strong>et</strong></span> <span class='ocrx_word' id='word_1_191' title='bbox 599 2098 801 2178; x_wconf 88' lang='lat' dir='ltr'><strong>praesentibus</strong></span> <span class='ocrx_word' id='word_1_192' title='bbox 814 2099 923 2160; x_wconf 89' lang='lat' dir='ltr'><strong>doloris</strong></span> <span class='ocrx_word' id='word_1_193' title='bbox 936 2100 1043 2160; x_wconf 88' lang='lat' dir='ltr'><strong>socius.</strong></span> 
     </span>
     <span class='ocr_line' id='line_1_24' title="bbox 59 2177 1044 2262; baseline 0.007 -26"><span class='ocrx_word' id='word_1_194' title='bbox 59 2177 125 2255; x_wconf 92' lang='lat' dir='ltr'><strong>quod</strong></span> <span class='ocrx_word' id='word_1_195' title='bbox 139 2178 257 2243; x_wconf 78' lang='lat' dir='ltr'><strong>Tiberio</strong></span> <span class='ocrx_word' id='word_1_196' title='bbox 271 2181 346 2244; x_wconf 92' lang='lat' dir='ltr'><strong>haud</strong></span> <span class='ocrx_word' id='word_1_197' title='bbox 363 2182 524 2262; x_wconf 87' lang='lat' dir='ltr'><strong>probatum,</strong></span> <span class='ocrx_word' id='word_1_198' title='bbox 544 2199 595 2242; x_wconf 92' lang='lat' dir='ltr'><strong>seu</strong></span> <span class='ocrx_word' id='word_1_199' title='bbox 613 2191 715 2244; x_wconf 88' lang='lat' dir='ltr'><strong>cuneta</strong></span> <span class='ocrx_word' id='word_1_200' title='bbox 730 2180 891 2244; x_wconf 80' lang='lat' dir='ltr'><strong>Gennanici</strong></span> <span class='ocrx_word' id='word_1_201' title='bbox 913 2183 941 2242; x_wconf 93' lang='lat' dir='ltr'><strong>in</strong></span> <span class='ocrx_word' id='word_1_202' title='bbox 964 2183 1044 2243; x_wconf 92' lang='lat' dir='ltr'><strong>dcte·</strong></span> 
     </span>
     <span class='ocr_line' id='line_1_25' title="bbox 56 2260 1044 2345; baseline 0.009 -27"><span class='ocrx_word' id='word_1_203' title='bbox 56 2260 108 2322; x_wconf 91' lang='lat' dir='ltr'><strong>rius</strong></span> <span class='ocrx_word' id='word_1_204' title='bbox 120 2265 251 2344; x_wconf 85' lang='lat' dir='ltr'><strong>trahenti,</strong></span> <span class='ocrx_word' id='word_1_205' title='bbox 273 2267 336 2328; x_wconf 87' lang='lat' dir='ltr'><strong>siue</strong></span> <span class='ocrx_word' id='word_1_206' title='bbox 352 2268 510 2328; x_wconf 81' lang='lat' dir='ltr'><strong>exercitum</strong></span> <span class='ocrx_word' id='word_1_207' title='bbox 522 2267 647 2344; x_wconf 86' lang='lat' dir='ltr'><strong>imagine</strong></span> <span class='ocrx_word' id='word_1_208' title='bbox 659 2284 811 2327; x_wconf 89' lang='lat' dir='ltr'><strong>caesorum</strong></span> <span class='ocrx_word' id='word_1_209' title='bbox 823 2266 1044 2345; x_wconf 90' lang='lat' dir='ltr'><strong>insepultorum·</strong></span> 
     </span>
     <span class='ocr_line' id='line_1_26' title="bbox 56 2349 1127 2430; baseline 0.006 -25"><span class='ocrx_word' id='word_1_210' title='bbox 56 2362 107 2424; x_wconf 90' lang='lat' dir='ltr'><strong>que</strong></span> <span class='ocrx_word' id='word_1_211' title='bbox 125 2350 264 2412; x_wconf 88' lang='lat' dir='ltr'><strong>tardatum</strong></span> <span class='ocrx_word' id='word_1_212' title='bbox 284 2351 319 2412; x_wconf 90' lang='lat' dir='ltr'><strong>ad</strong></span> <span class='ocrx_word' id='word_1_213' title='bbox 340 2350 453 2430; x_wconf 88' lang='lat' dir='ltr'><strong>proelia</strong></span> <span class='ocrx_word' id='word_1_214' title='bbox 474 2359 503 2411; x_wconf 90' lang='lat' dir='ltr'><strong>et</strong></span> <span class='ocrx_word' id='word_1_215' title='bbox 526 2349 789 2411; x_wconf 89' lang='lat' dir='ltr'><strong>iormidolosiorem</strong></span> <span class='ocrx_word' id='word_1_216' title='bbox 805 2349 928 2410; x_wconf 89' lang='lat' dir='ltr'><strong>hostium</strong></span> <span class='ocrx_word' id='word_1_217' title='bbox 943 2350 1044 2411; x_wconf 90' lang='lat' dir='ltr'><strong>crede·</strong></span> <span class='ocrx_word' id='word_1_218' title='bbox 1124 2361 1127 2366; x_wconf 85' lang='lat'>&#39;</span> 
     </span>
     <span class='ocr_line' id='line_1_27' title="bbox 7 2429 1079 2514; baseline 0.006 -26"><span class='ocrx_word' id='word_1_219' title='bbox 7 2499 9 2514; x_wconf 59' lang='lat'>‚</span> <span class='ocrx_word' id='word_1_220' title='bbox 54 2429 111 2502; x_wconf 83' lang='lat' dir='ltr'><strong>bat;</strong></span> <span class='ocrx_word' id='word_1_221' title='bbox 126 2451 220 2513; x_wconf 89' lang='lat' dir='ltr'><strong>neque</strong></span> <span class='ocrx_word' id='word_1_222' title='bbox 235 2437 441 2514; x_wconf 87' lang='lat' dir='ltr'><strong>imperatorem</strong></span> <span class='ocrx_word' id='word_1_223' title='bbox 456 2444 596 2512; x_wconf 90' lang='lat' dir='ltr'><strong>auguratu</strong></span> <span class='ocrx_word' id='word_1_224' title='bbox 610 2435 849 2495; x_wconf 88' lang='lat' dir='ltr'><strong>etvetustissimis</strong></span> <span class='ocrx_word' id='word_1_225' title='bbox 864 2434 1044 2495; x_wconf 88' lang='lat' dir='ltr'><strong>caerimoniis</strong></span> <span class='ocrx_word' id='word_1_226' title='bbox 1054 2439 1079 2484; x_wconf 81' lang='lat'><strong>¹⁰</strong></span> 
     </span>
     <span class='ocr_line' id='line_1_28' title="bbox 7 2515 947 2591; baseline 0.007 -17"><span class='ocrx_word' id='word_1_227' title='bbox 7 2519 8 2536; x_wconf 66' lang='lat'>¹</span> <span class='ocrx_word' id='word_1_228' title='bbox 54 2515 202 2591; x_wconf 89' lang='lat' dir='ltr'><strong>praeditum</strong></span> <span class='ocrx_word' id='word_1_229' title='bbox 217 2519 382 2580; x_wconf 87' lang='lat' dir='ltr'><strong>adtrectare</strong></span> <span class='ocrx_word' id='word_1_230' title='bbox 398 2518 500 2579; x_wconf 90' lang='lat' dir='ltr'><strong>ieralia</strong></span> <span class='ocrx_word' id='word_1_231' title='bbox 517 2517 664 2580; x_wconf 88' lang='lat' dir='ltr'><strong>debuisse.</strong></span> <span class='ocrx_word' id='word_1_232' title='bbox 944 2535 947 2541; x_wconf 87' lang='lat'>·</span> 
     </span>
    </p>

    <p class='ocr_par' dir='ltr' id='par_1_5' title="bbox 49 2601 1068 3186">
     <span class='ocr_line' id='line_1_29' title="bbox 107 2601 1043 2679; baseline -0.001 -16"><span class='ocrx_word' id='word_1_233' title='bbox 107 2601 156 2663; x_wconf 85' lang='grc'><strong>63.</strong></span> <span class='ocrx_word' id='word_1_234' title='bbox 179 2602 239 2663; x_wconf 86' lang='lat' dir='ltr'><strong>Sed</strong></span> <span class='ocrx_word' id='word_1_235' title='bbox 255 2601 439 2664; x_wconf 81' lang='lat' dir='ltr'><strong>Germanicus</strong></span> <span class='ocrx_word' id='word_1_236' title='bbox 457 2603 610 2664; x_wconf 86' lang='lat' dir='ltr'><strong>cedentem</strong></span> <span class='ocrx_word' id='word_1_237' title='bbox 627 2603 655 2664; x_wconf 91' lang='lat' dir='ltr'><strong>in</strong></span> <span class='ocrx_word' id='word_1_238' title='bbox 670 2603 733 2665; x_wconf 89' lang='lat' dir='ltr'><strong>avia</strong></span> <span class='ocrx_word' id='word_1_239' title='bbox 746 2601 900 2663; x_wconf 79' lang='lat' dir='ltr'><strong>Arminium</strong></span> <span class='ocrx_word' id='word_1_240' title='bbox 915 2610 1043 2679; x_wconf 89' lang='lat' dir='ltr'><strong>secutus,</strong></span> 
     </span>
     <span class='ocr_line' id='line_1_30' title="bbox 52 2681 1044 2766; baseline 0.006 -26"><span class='ocrx_word' id='word_1_241' title='bbox 52 2681 93 2742; x_wconf 89' lang='lat' dir='ltr'><strong>ubi</strong></span> <span class='ocrx_word' id='word_1_242' title='bbox 107 2686 227 2764; x_wconf 88' lang='lat' dir='ltr'><strong>primum</strong></span> <span class='ocrx_word' id='word_1_243' title='bbox 239 2688 323 2766; x_wconf 90' lang='lat' dir='ltr'><strong>copia</strong></span> <span class='ocrx_word' id='word_1_244' title='bbox 335 2687 398 2765; x_wconf 89' lang='lat' dir='ltr'><strong>luit,</strong></span> <span class='ocrx_word' id='word_1_245' title='bbox 413 2687 498 2748; x_wconf 84' lang='lat' dir='ltr'><strong>evehi</strong></span> <span class='ocrx_word' id='word_1_246' title='bbox 513 2687 626 2766; x_wconf 88' lang='lat' dir='ltr'><strong>equites</strong></span> <span class='ocrx_word' id='word_1_247' title='bbox 639 2703 837 2766; x_wconf 88' lang='lat' dir='ltr'><strong>campumque,</strong></span> <span class='ocrx_word' id='word_1_248' title='bbox 854 2703 937 2765; x_wconf 89' lang='lat' dir='ltr'><strong>quem</strong></span> <span class='ocrx_word' id='word_1_249' title='bbox 952 2685 1044 2746; x_wconf 86' lang='lat' dir='ltr'><strong>hostis</strong></span> 
     </span>
     <span class='ocr_line' id='line_1_31' title="bbox 50 2765 1044 2854; baseline 0.006 -30"><span class='ocrx_word' id='word_1_250' title='bbox 50 2765 204 2850; x_wconf 89' lang='lat' dir='ltr'><strong>insederat,</strong></span> <span class='ocrx_word' id='word_1_251' title='bbox 229 2771 305 2850; x_wconf 91' lang='lat' dir='ltr'><strong>eripi</strong></span> <span class='ocrx_word' id='word_1_252' title='bbox 316 2770 405 2832; x_wconf 91' lang='lat' dir='ltr'><strong>iubet.</strong></span> <span class='ocrx_word' id='word_1_253' title='bbox 443 2769 587 2854; x_wconf 79' lang='lat' dir='ltr'><strong>Arminius</strong></span> <span class='ocrx_word' id='word_1_254' title='bbox 601 2771 701 2850; x_wconf 89' lang='lat' dir='ltr'><strong>colligi</strong></span> <span class='ocrx_word' id='word_1_255' title='bbox 719 2789 787 2832; x_wconf 90' lang='lat' dir='ltr'><strong>suos</strong></span> <span class='ocrx_word' id='word_1_256' title='bbox 805 2779 834 2830; x_wconf 90' lang='lat' dir='ltr'><strong>et</strong></span> <span class='ocrx_word' id='word_1_257' title='bbox 848 2770 1044 2850; x_wconf 87' lang='lat' dir='ltr'><strong>propinquaie</strong></span> 
     </span>
     <span class='ocr_line' id='line_1_32' title="bbox 50 2851 1043 2935; baseline 0.006 -27"><span class='ocrx_word' id='word_1_258' title='bbox 50 2851 125 2911; x_wconf 88' lang='lat' dir='ltr'><strong>silvis</strong></span> <span class='ocrx_word' id='word_1_259' title='bbox 139 2855 265 2916; x_wconf 91' lang='lat' dir='ltr'><strong>monitos</strong></span> <span class='ocrx_word' id='word_1_260' title='bbox 281 2856 368 2916; x_wconf 86' lang='lat' dir='ltr'><strong>vertit</strong></span> <span class='ocrx_word' id='word_1_261' title='bbox 383 2865 520 2935; x_wconf 89' lang='lat' dir='ltr'><strong>repente:</strong></span> <span class='ocrx_word' id='word_1_262' title='bbox 537 2871 604 2915; x_wconf 85' lang='lat' dir='ltr'><strong>mox</strong></span> <span class='ocrx_word' id='word_1_263' title='bbox 619 2856 731 2934; x_wconf 86' lang='lat' dir='ltr'><strong>signum</strong></span> <span class='ocrx_word' id='word_1_264' title='bbox 749 2854 954 2935; x_wconf 92' lang='lat' dir='ltr'><strong>prorumpendi</strong></span> <span class='ocrx_word' id='word_1_265' title='bbox 966 2853 1043 2915; x_wconf 90' lang='lat' dir='ltr'><strong>dedit</strong></span> 
     </span>
     <span class='ocr_line' id='line_1_33' title="bbox 49 2934 1068 3023; baseline 0.006 -31"><span class='ocrx_word' id='word_1_266' title='bbox 49 2934 79 2994; x_wconf 91' lang='lat' dir='ltr'><strong>iis</strong></span> <span class='ocrx_word' id='word_1_267' title='bbox 100 2953 173 3016; x_wconf 90' lang='lat' dir='ltr'><strong>quos</strong></span> <span class='ocrx_word' id='word_1_268' title='bbox 194 2957 249 3018; x_wconf 90' lang='lat' dir='ltr'><strong>per</strong></span> <span class='ocrx_word' id='word_1_269' title='bbox 271 2938 361 3000; x_wconf 89' lang='lat' dir='ltr'><strong>saltos</strong></span> <span class='ocrx_word' id='word_1_270' title='bbox 383 2938 591 3001; x_wconf 83' lang='lat' dir='ltr'><strong>occultaverat.</strong></span> <span class='ocrx_word' id='word_1_271' title='bbox 631 2949 697 3023; x_wconf 86' lang='lat' dir='ltr'><strong>tuno</strong></span> <span class='ocrx_word' id='word_1_272' title='bbox 721 2955 796 3008; x_wconf 82' lang='lat' dir='ltr'><strong>aava</strong></span> <span class='ocrx_word' id='word_1_273' title='bbox 824 2938 887 2999; x_wconf 90' lang='lat' dir='ltr'><strong>acie</strong></span> <span class='ocrx_word' id='word_1_274' title='bbox 915 2937 1068 2999; x_wconf 84' lang='lat' dir='ltr'><strong>turbatuss</strong></span> 
     </span>
     <span class='ocr_line' id='line_1_34' title="bbox 49 3022 1044 3102; baseline 0.005 -25"><span class='ocrx_word' id='word_1_275' title='bbox 49 3035 146 3098; x_wconf 89' lang='lat' dir='ltr'><strong>eques,</strong></span> <span class='ocrx_word' id='word_1_276' title='bbox 164 3023 329 3102; x_wconf 86' lang='lat' dir='ltr'><strong>missaeque</strong></span> <span class='ocrx_word' id='word_1_277' title='bbox 345 3024 534 3085; x_wconf 85' lang='lat' dir='ltr'><strong>subsidiariae</strong></span> <span class='ocrx_word' id='word_1_278' title='bbox 550 3022 688 3084; x_wconf 90' lang='lat' dir='ltr'><strong>cohortes</strong></span> <span class='ocrx_word' id='word_1_279' title='bbox 705 3031 733 3083; x_wconf 93' lang='lat' dir='ltr'><strong>et</strong></span> <span class='ocrx_word' id='word_1_280' title='bbox 749 3023 917 3100; x_wconf 79' lang='lat' dir='ltr'><strong>fugientium</strong></span> <span class='ocrx_word' id='word_1_281' title='bbox 930 3023 1044 3100; x_wconf 88' lang='lat' dir='ltr'><strong>agmine</strong></span> 
     </span>
     <span class='ocr_line' id='line_1_35' title="bbox 49 3103 1042 3186; baseline 0.006 -26"><span class='ocrx_word' id='word_1_282' title='bbox 49 3103 186 3183; x_wconf 89' lang='lat' dir='ltr'><strong>impulsae</strong></span> <span class='ocrx_word' id='word_1_283' title='bbox 201 3115 342 3168; x_wconf 87' lang='lat' dir='ltr'><strong>auxerant</strong></span> <span class='ocrx_word' id='word_1_284' title='bbox 357 3108 633 3177; x_wconf 70' lang='lat' dir='ltr'><strong>consternationem</strong></span> <span class='ocrx_word' id='word_1_285' title='bbox 657 3106 903 3186; x_wconf 84' lang='lat' dir='ltr'><strong>trudebanturque</strong></span> <span class='ocrx_word' id='word_1_286' title='bbox 919 3108 947 3168; x_wconf 91' lang='lat' dir='ltr'><strong>in</strong></span> <span class='ocrx_word' id='word_1_287' title='bbox 962 3106 1042 3185; x_wconf 91' lang='lat' dir='ltr'><strong>palu·</strong></span> 
     </span>
    </p>
   </div>
   <div class='ocr_carea' id='block_1_3' title="bbox 45 3186 1115 3523">
    <p class='ocr_par' dir='ltr' id='par_1_6' title="bbox 45 3186 1115 3523">
     <span class='ocr_line' id='line_1_36' title="bbox 47 3186 1042 3272; baseline 0.002 -26"><span class='ocrx_word' id='word_1_288' title='bbox 47 3186 108 3247; x_wconf 90' lang='lat' dir='ltr'><strong>dem</strong></span> <span class='ocrx_word' id='word_1_289' title='bbox 123 3207 242 3267; x_wconf 88' lang='lat' dir='ltr'><strong>gnaram</strong></span> <span class='ocrx_word' id='word_1_290' title='bbox 257 3191 452 3268; x_wconf 88' lang='lat' dir='ltr'><strong>vincentibus,</strong></span> <span class='ocrx_word' id='word_1_291' title='bbox 477 3193 600 3272; x_wconf 89' lang='lat' dir='ltr'><strong>iniquam</strong></span> <span class='ocrx_word' id='word_1_292' title='bbox 616 3192 738 3268; x_wconf 89' lang='lat' dir='ltr'><strong>nesciis,</strong></span> <span class='ocrx_word' id='word_1_293' title='bbox 759 3191 789 3251; x_wconf 92' lang='lat' dir='ltr'><strong>ni</strong></span> <span class='ocrx_word' id='word_1_294' title='bbox 806 3188 914 3251; x_wconf 76' lang='lat' dir='ltr'><strong>Caesar</strong></span> <span class='ocrx_word' id='word_1_295' title='bbox 937 3189 1042 3268; x_wconf 93' lang='lat' dir='ltr'><strong>produ·</strong></span> 
     </span>
     <span class='ocr_line' id='line_1_37' title="bbox 47 3272 1115 3352; baseline 0.007 -24"><span class='ocrx_word' id='word_1_296' title='bbox 47 3279 107 3330; x_wconf 88' lang='lat' dir='ltr'><strong>ctas</strong></span> <span class='ocrx_word' id='word_1_297' title='bbox 117 3272 251 3352; x_wconf 85' lang='lat' dir='ltr'><strong>legiones</strong></span> <span class='ocrx_word' id='word_1_298' title='bbox 261 3277 463 3337; x_wconf 86' lang='lat' dir='ltr'><strong>instruxisset:</strong></span> <span class='ocrx_word' id='word_1_299' title='bbox 480 3276 545 3336; x_wconf 89' lang='lat' dir='ltr'><strong>inde</strong></span> <span class='ocrx_word' id='word_1_300' title='bbox 562 3275 692 3337; x_wconf 89' lang='lat' dir='ltr'><strong>hostibus</strong></span> <span class='ocrx_word' id='word_1_301' title='bbox 704 3284 811 3351; x_wconf 88' lang='lat' dir='ltr'><strong>terror,</strong></span> <span class='ocrx_word' id='word_1_302' title='bbox 828 3275 930 3334; x_wconf 89' lang='lat' dir='ltr'><strong>lidncia</strong></span> <span class='ocrx_word' id='word_1_303' title='bbox 946 3272 1040 3342; x_wconf 89' lang='lat' dir='ltr'><strong>militi;</strong></span> <span class='ocrx_word' id='word_1_304' title='bbox 1110 3327 1115 3336; x_wconf 88' lang='grc'><em>,</em></span> 
     </span>
     <span class='ocr_line' id='line_1_38' title="bbox 45 3355 1079 3439; baseline 0.002 -25"><span class='ocrx_word' id='word_1_305' title='bbox 45 3363 73 3415; x_wconf 89' lang='lat' dir='ltr'><strong>ct</strong></span> <span class='ocrx_word' id='word_1_306' title='bbox 96 3357 228 3419; x_wconf 89' lang='lat' dir='ltr'><strong>manibus</strong></span> <span class='ocrx_word' id='word_1_307' title='bbox 254 3360 354 3439; x_wconf 86' lang='lat' dir='ltr'><strong>aequis</strong></span> <span class='ocrx_word' id='word_1_308' title='bbox 382 3359 561 3422; x_wconf 89' lang='lat' dir='ltr'><strong>abscessum.</strong></span> <span class='ocrx_word' id='word_1_309' title='bbox 600 3375 668 3420; x_wconf 84' lang='lat' dir='ltr'><strong>mcx</strong></span> <span class='ocrx_word' id='word_1_310' title='bbox 693 3359 814 3420; x_wconf 88' lang='lat' dir='ltr'><strong>reducto</strong></span> <span class='ocrx_word' id='word_1_311' title='bbox 842 3357 877 3418; x_wconf 91' lang='lat' dir='ltr'><strong>ad</strong></span> <span class='ocrx_word' id='word_1_312' title='bbox 905 3355 1041 3416; x_wconf 89' lang='lat' dir='ltr'><strong>Amisiam</strong></span> <span class='ocrx_word' id='word_1_313' title='bbox 1052 3365 1079 3408; x_wconf 83' lang='lat'><strong>1⁰</strong></span> 
     </span>
     <span class='ocr_line' id='line_1_39' title="bbox 45 3437 1041 3523; baseline -0.005 -24"><span class='ocrx_word' id='word_1_314' title='bbox 45 3441 176 3503; x_wconf 84' lang='lat' dir='ltr'><strong>exercitu</strong></span> <span class='ocrx_word' id='word_1_315' title='bbox 194 3442 325 3522; x_wconf 87' lang='lat' dir='ltr'><strong>legiones</strong></span> <span class='ocrx_word' id='word_1_316' title='bbox 342 3443 453 3523; x_wconf 87' lang='lat' dir='ltr'><strong>classe,</strong></span> <span class='ocrx_word' id='word_1_317' title='bbox 472 3453 502 3506; x_wconf 91' lang='lat' dir='ltr'><strong>ut</strong></span> <span class='ocrx_word' id='word_1_318' title='bbox 518 3444 692 3520; x_wconf 78' lang='lat' dir='ltr'><strong>advexerat,</strong></span> <span class='ocrx_word' id='word_1_319' title='bbox 708 3450 852 3521; x_wconf 88' lang='lat' dir='ltr'><strong>reportat;</strong></span> <span class='ocrx_word' id='word_1_320' title='bbox 870 3457 937 3517; x_wconf 91' lang='lat' dir='ltr'><strong>pars</strong></span> <span class='ocrx_word' id='word_1_321' title='bbox 962 3437 1041 3515; x_wconf 90' lang='lat' dir='ltr'><strong>equi·</strong></span> 
     </span>
    </p>
   </div>
   <div class='ocr_carea' id='block_1_4' title="bbox 0 0 1224 3886">
    <p class='ocr_par' dir='ltr' id='par_1_7' title="bbox 0 0 1224 3886">
     <span class='ocr_line' id='line_1_40' title="bbox 0 0 1224 3886; baseline 0 7"><span class='ocrx_word' id='word_1_322' title='bbox 0 0 1224 3886; x_wconf 95' lang='lat' dir='ltr'><strong> </strong></span> 
     </span>
    </p>
   </div>
  </div>
 </body>
</html>
