2536 3870
174 135 235 198 1⁷2
398 145 564 196 coeuuuu
579 146 952 196 uscmruusaonuusuu

173 301 262 362 duces
279 301 529 383 imperatoresque
544 301 666 362 Romani
683 300 761 362 nulla
780 302 932 382 cupidine,
950 301 1002 365 sed
1020 303 1181 364 maioribus

171 379 281 446 vestris
296 385 514 464 invocantibus,
538 403 612 465 quos
632 385 798 447 discordiae
818 403 911 466 usque
927 384 963 447 ad
977 388 1094 447 exitium
1111 387 1182 448 iati-

137 483 162 524 ao
171 468 295 546 gabant,
318 479 347 530 et
362 470 447 533 acciti
471 468 579 530 auxilio
595 468 728 530 Germani
750 470 841 530 sociis
854 470 964 548 pariter
983 479 1069 548 atque
1087 470 1184 531 hosti·-

170 551 225 612 bus
240 553 409 614 servitutem
423 555 621 634 inposuerant.
661 562 732 632 quot
747 553 868 632 proeliis
884 553 1025 621 adversus
1042 551 1186 614 Gimbros

170 636 398 717 Teutonosque,
414 639 528 717 quentis
541 638 720 698 exercituum
734 645 899 697 nostrorum
913 637 1062 699 laboribus
1078 655 1185 718 quove

170 719 276 780 eventu
288 720 458 790 Germanice
472 719 552 781 bella
563 723 798 796 tractaverimus,
811 721 881 781 satis
896 720 1013 784 clarum.
1037 741 1093 782 nec
1107 721 1184 782 ideo

169 803 301 868 Rhenum
325 805 497 881 insedimus,
516 813 546 864 ut
565 803 676 865 ltaliam
698 813 862 882 tueremur,
884 804 996 866 sedne
1018 805 1183 885 quisalius

135 901 161 941 ae
170 887 336 948 Ariovistus
351 905 444 966 reguo
462 887 617 949 Galliarum
631 897 792 968 poteretur.
823 906 859 949 an
875 906 929 949 ros
944 891 1075 950 cariores
1091 888 1186 950 Civili

168 971 344 1051 Batavisque
365 981 395 1031 et
417 971 636 1032 transrhenanis
657 971 794 1049 gentibus
819 971 937 1032 creditis
958 989 1043 1051 quam
1058 973 1181 1034 maiori-

168 1052 223 1114 bus
238 1073 338 1114 eorum
352 1063 451 1133 patres
466 1057 571 1134 avique
584 1058 677 1116 vestri
689 1054 826 1116 fuerunt?
839 1056 942 1117 eadem
956 1073 1076 1137 semper
1090 1075 1182 1118 causa
1245 1087 1246 1090 ¹

170 1137 319 1199 Germanis
339 1137 564 1201 transcendendi
588 1139 618 1198 in
641 1138 767 1215 Gallias,
788 1139 878 1200 libido
902 1149 987 1220 atque
1009 1142 1132 1202 avaritia
1151 1150 1182 1201 et

169 1220 321 1282 mutandae
339 1221 418 1280 sedis
440 1238 537 1299 amor,
562 1231 592 1282 ut
611 1223 723 1283 relictis
744 1223 897 1302 paludibus
923 1233 952 1284 et
972 1223 1180 1286 solitudinibus

133 1305 231 1366 nocuis
258 1305 493 1366 fecundissimum
516 1305 574 1366 lroc
599 1306 693 1368 solum
720 1324 832 1386 vosque
864 1310 947 1387 ipsos
973 1309 1174 1390 possiderent:

171 1398 300 1450 ceterum
316 1388 436 1450 libertus
452 1398 481 1449 et
503 1391 642 1469 speciosa
657 1392 771 1451 uomina
788 1399 1011 1470 praetereuntem
1026 1411 1083 1454 nec
1100 1395 1177 1472 quis

170 1491 255 1552 quam
270 1473 394 1533 alienum
412 1475 560 1534 servitium
576 1483 606 1534 et
629 1473 851 1535 dominationem
867 1475 923 1536 sibi
945 1478 1131 1556 concupivit,
1148 1487 1180 1538 ut

169 1574 227 1617 uon
244 1555 344 1617 eadem
358 1558 414 1617 ista
430 1556 576 1618 voeabula
592 1566 754 1638 usurparet.

229 1642 280 1700 74.
300 1639 403 1717 Regna
425 1639 561 1719 bellaque
579 1659 634 1720 per
657 1640 766 1704 Gallias
782 1659 899 1721 semper
913 1643 1011 1721 fuere,
1034 1645 1131 1706 donec
1151 1649 1178 1707 in

170 1731 300 1782 nostrum
321 1724 366 1782 ius
386 1723 601 1784 concederetis.
631 1741 699 1800 nos,
723 1743 893 1804 quemquem
913 1729 1019 1802 totiens
1033 1729 1178 1808 lacessiti,

121 1881 125 1887 .
169 1808 232 1866 iure
243 1806 385 1865 victoriae
396 1806 425 1866 id
440 1806 534 1866 solum
546 1806 630 1868 vobis
642 1807 812 1885 addidimus,
830 1825 887 1890 quo
900 1827 1002 1889 pacem
1013 1820 1178 1886 tueremur;

170 1907 235 1948 nam
252 1906 347 1966 neque
364 1890 446 1968 quies
464 1892 592 1967 gentium
606 1893 669 1951 sine
685 1893 770 1952 armis
785 1911 881 1972 neque
897 1911 975 1954 arma
989 1896 1053 1956 siue
1066 1898 1178 1978 stipen-

146 1971 225 2034 sdiis
246 1989 341 2050 neque
362 1973 506 2053 stipendia
526 1975 588 2035 sine
609 1974 723 2036 tributis
742 1975 844 2037 heberi
865 1988 1001 2056 queuntz-
1027 1990 1124 2042 cetera
1148 1984 1178 2043 in

171 2058 313 2116 communi
330 2057 474 2118 sitasuut.
510 2059 568 2138 ipsi
593 2059 763 2140 plerumque
780 2061 947 2138 legionibus
965 2066 1072 2124 nostris
1090 2083 1176 2145 prae·

169 2139 288 2215 uidetis,
313 2141 370 2218 ipsi
383 2141 436 2202 lras
450 2141 582 2221 aliasque
599 2144 766 2221 provincias
785 2145 902 2222 regitis3
925 2145 993 2206 nihil
1010 2159 1177 2227 separatum

170 2225 347 2284 clausumve.
380 2234 410 2285 et
432 2225 612 2287 laudatorum
631 2229 793 2306 principum
807 2247 876 2289 usus
899 2249 938 2290 ex
959 2249 1055 2311 aequo
1076 2251 1175 2313 quem-

169 2308 214 2366 vis
228 2307 332 2385 procul
354 2308 524 2386 agentibus:
562 2312 644 2370 saevi
668 2312 808 2390 proximis
827 2315 972 2391 ingruunt.
1010 2335 1067 2396 quo
1088 2318 1175 2379 mode

134 2408 160 2448 ao
170 2391 352 2452 sterilitatem
368 2401 416 2453 aut
429 2394 531 2454 nimios
546 2393 654 2454 imbres
669 2404 699 2455 et
718 2405 817 2458 cetere
831 2406 952 2460 naturae
964 2400 1057 2478 mala,
1075 2403 1115 2462 ita
1130 2403 1173 2464 lu·

168 2493 236 2534 xum
252 2475 300 2535 vel
316 2477 464 2537 avaritiam
484 2476 687 2538 dominantium
709 2480 843 2541 tolerate.
873 2483 942 2544 vitis
963 2493 1062 2562 eruut,
1079 2486 1176 2548 donec

140 2572 141 2575 ’
169 2559 318 2636 homines,
346 2559 399 2619 sed
418 2579 513 2641 neque
536 2561 610 2622 lraec
631 2565 765 2625 contiuua
790 2574 820 2624 et
839 2566 995 2628 meliorum,
1010 2569 1174 2633 interventu

169 2651 342 2720 pensantur:
374 2645 429 2704 nisi
451 2645 528 2706 forte
544 2645 652 2707 'lutere
676 2656 705 2707 et
721 2645 853 2710 Classico
870 2651 1059 2728 regnantibus
1074 2656 1173 2716 mode·

167 2726 256 2786 retius
279 2727 430 2804 imperium
451 2731 595 2808 speretis,
621 2740 670 2791 aut
691 2732 849 2793 minorihus
865 2753 950 2814 quam
967 2741 1043 2796 uunc
1060 2739 1173 2802 tributis

135 2825 160 2870 ao
170 2807 346 2886 parabuntur
364 2813 511 2872 exereitus
530 2814 633 2894 quibus
649 2815 783 2878 Germani
800 2817 985 2900 Britannique
1007 2833 1171 2887 arceantur.

168 2910 232 2952 nam
252 2892 362 2970 pulsis,
385 2896 461 2974 quod
484 2896 512 2957 di
533 2899 722 2982 prohibeant,
742 2901 882 2966 Romanis
903 2903 972 2988 quid
994 2904 1071 2970 eliud
1087 2925 1172 2989 quam

167 2974 245 3036 bella
264 2979 386 3039 omnium
408 2983 483 3042 inter
503 3002 536 3044 se
556 2988 684 3064 gentium
704 2989 851 3052 existent?
873 2993 1107 3074 octingentorum
1123 3015 1169 3063 du·

167 3078 269 3122 uorum
293 3063 410 3127 fortuna
436 3066 648 3152 disciplinaque
670 3091 829 3154 compages
856 3077 930 3141 baec
951 3082 1072 3161 coaluit,
1096 3104 1171 3166 quae

77 3157 80 3161 ’
168 3148 296 3208 convelli
312 3151 375 3212 sine
390 3153 479 3214 exitio
492 3156 717 3220 convellentium
732 3177 790 3220 non
802 3171 915 3241 potest:
943 3164 998 3226 sed
1011 3167 1097 3230 vobis
1112 3189 1169 3231 mu-

48 3292 50 3296 ,
131 3234 273 3292 mximum
293 3234 460 3317 discrimen,
487 3256 579 3318 penes
605 3259 679 3321 quos
702 3261 800 3305 aurum
827 3255 857 3306 et
876 3265 964 3327 opes,
990 3255 1169 3333 praecipuae

143 3392 147 3395 .
168 3314 311 3376 bellorum
326 3337 442 3381 causae.
468 3323 592 3401 proinde
606 3342 708 3404 pacem
723 3337 753 3388 et
766 3327 883 3407 urbem,
897 3350 980 3413 quem
995 3337 1063 3396 victi
1078 3338 1168 3399 victo·

165 3414 273 3476 resque
295 3401 398 3462 eodem
420 3406 482 3465 iure
505 3405 683 3491 obtinemus,
707 3423 800 3474 amate
823 3416 926 3478 colite:
964 3431 1099 3482 moneant
1113 3441 1167 3484 vos
