2536 3870
512 175 585 229 car.
608 149 688 230 35⁶-
696 175 739 230 ss.
1065 163 1125 228 tot

23 411 24 414 Ἴ
122 335 237 396 culum:
256 334 354 414 sequi,
372 332 542 410 vulnerare,
561 349 683 411 capere,
700 341 788 410 atque
805 331 923 392 eosdem
939 331 1046 393 oblatis
1062 333 1160 396 aliisae

118 415 278 479 trucidare.
308 420 364 479 iam
378 416 522 492 bostium,
545 425 633 496 prout
648 417 753 494 cuique
773 415 919 493 ingenium
935 425 1012 492 erat,
1035 425 1129 476 cater-

118 521 176 562 vae
193 511 366 582 armatorum
380 499 570 580 paucioribus
585 507 670 578 terga
685 507 854 579 praestare,
872 499 986 578 quidam
1003 501 1130 559 inermes

1 661 2 664 Ἴ
119 585 200 646 ultro
222 602 308 646 ruere
329 603 364 646 ac
378 603 413 646 se
428 585 514 644 morti
536 584 653 645 odorra.
683 587 792 663 passim
811 600 889 644 arma
908 593 937 644 et
957 600 1083 662 corpora
1099 591 1130 643 et

119 669 211 730 laceri
231 679 311 730 artus
333 680 363 730 et
384 677 504 730 cruenta
519 667 636 738 hamum
659 677 690 728 et
704 667 858 746 aliquando
878 669 964 728 etiam
979 669 1066 728 victis
1085 669 1128 726 ira

118 755 279 833 virtusque.
317 761 473 834 postquam
495 750 577 813 silrls
597 751 924 831 appropinquaverunt,
946 753 1049 822 †item
1070 751 1167 830 pri-rs

1 829 3 840 ’
116 855 182 897 mos
204 839 388 916 sequentium
409 836 542 896 incautos
560 835 682 896 collecti
702 842 732 895 et
753 834 886 896 locorum
906 836 990 914 gnari
1006 837 1129 898 circnm-

1 919 2 922 ’
68 913 70 923 ’
115 919 284 981 veniebant.
329 919 461 1000 quodni
487 918 627 998 frequens
658 919 767 998 ultique
791 919 935 997 Agricola
962 918 1073 980 validas
1099 928 1131 978 et

1 1059 2 1062 ,
117 1002 276 1082 expeditas
295 1002 435 1064 cohortes
456 1002 600 1080 indaginis
621 1003 726 1080 modo,
748 1011 777 1063 et
796 1003 890 1064 sicubi
911 1004 1019 1065 artiora
1036 1012 1131 1082 erant,

1 1847 2 1918 j
118 1839 233 1903 inlatus.

117 1095 232 1166 partem
256 1089 383 1168 equitum
405 1087 531 1148 dimissis
555 1088 656 1165 cquis,
682 1087 766 1148 simul
785 1089 913 1149 rariores
934 1088 1025 1168 siluas
1048 1087 1129 1167 cqui-

116 1181 176 1230 tcm
199 1173 364 1250 persultare
386 1172 539 1247 iussisset,
566 1180 720 1250 acceptum
742 1171 859 1256 aliquod
881 1173 983 1232 ruluus
1011 1190 1064 1252 per
1086 1171 1169 1234 niae

116 1256 202 1315 miam
218 1256 351 1317 fiduciam
368 1256 455 1316 foret.
493 1263 623 1315 ceterum
645 1255 694 1314 ubi
716 1257 896 1334 compositos
912 1257 1001 1316 firmis
1022 1255 1131 1319 ordini·

117 1339 172 1398 bus
189 1343 273 1418 sequi
292 1357 393 1399 rursus
408 1339 529 1415 videre,
550 1339 579 1398 in
595 1338 692 1416 fugam
709 1340 805 1415 versi,
829 1357 887 1398 non
904 1338 1081 1416 agminibus,
1097 1347 1133 1398 ut

117 1423 218 1499 prius,
239 1440 296 1483 neo
318 1422 393 1482 alius
407 1423 493 1482 alium
511 1430 733 1500 respectantes,
754 1423 813 1482 rari
828 1430 858 1482 et
873 1421 1019 1482 vitabundi
1038 1423 1067 1480 in
1087 1423 1130 1482 vi-

118 1521 183 1564 cem
205 1506 364 1585 longinqua
388 1514 476 1585 atque
499 1505 565 1564 aria
594 1505 718 1584 petiere.
763 1505 827 1564 linis
847 1506 988 1584 sequendi
1013 1522 1073 1566 nox
1100 1513 1132 1564 et

117 1589 239 1650 satietas
268 1590 331 1651 fuit.
379 1607 466 1650 caesa
493 1587 621 1648 hostium
649 1587 686 1648 ad
710 1588 813 1650 decem
836 1589 928 1650 milia:
963 1599 1166 1650 nostrorumst

117 1675 244 1734 trecenti
274 1674 425 1752 sexaginta
453 1671 608 1751 cecidere,
639 1672 668 1732 in
696 1673 761 1753 quis
786 1672 880 1733 Aulus
906 1673 1020 1734 Atticus
1045 1691 1130 1753 prae-

1 1823 3 1844 ,
117 1756 215 1818 fectus
245 1757 392 1836 cohortis,
422 1755 543 1817 iuvenili
572 1756 680 1818 ardore
710 1765 750 1828 et¹
764 1757 876 1818 ferocia
903 1758 971 1837 equi
995 1755 1132 1818 hostibus

183 1926 234 1990 38.
257 1927 296 1988 Et
317 1944 377 1987 nox
395 1926 510 2004 qttideru
532 1925 639 2002 gaudio
661 1925 830 2005 praedaque
852 1925 929 1986 laeta
951 1924 1129 1985 victoribus:

119 2011 245 2074 Britanni
260 2011 393 2089 palantes
408 2011 557 2089 mixtoque
572 2011 698 2070 virorum
716 2010 927 2088 mulierumque
943 2009 1059 2086 ploratu
1073 2017 1131 2068 tra·

1 2158 3 2171 ,
117 2098 190 2157 ltere
216 2093 400 2169 vulneratos,
426 2107 536 2151 vocare
557 2093 712 2170 integros,
733 2093 874 2153 deserere
895 2092 996 2152 domos
1019 2108 1054 2152 ac
1076 2109 1133 2170 per

120 2183 193 2240 iram
213 2178 290 2238 ultro
309 2176 485 2251 incendere,
505 2173 617 2252 eligere
638 2175 767 2236 latebras
782 2185 812 2236 et
831 2176 926 2236 statim
946 2172 1131 2254 relinquere;

119 2263 247 2325 miscere
261 2260 290 2319 in
304 2261 400 2319 ricem
417 2258 538 2320 consilia
548 2257 680 2338 [aliqua],
689 2257 958 2338 deindescparare;
973 2257 1156 2338 aliquandcs

1 2355 2 2428 ζ
119 2347 216 2424 frangi
241 2351 363 2424 aspectu
383 2343 539 2422 pignorum
558 2359 692 2420 suorum,
718 2344 837 2421 saepius
859 2342 1009 2404 concitari.
1040 2343 1132 2404 satis·
1188 2341 1196 2352 '

121 2449 181 2512 que
198 2428 351 2490 constabat
367 2427 499 2486 saevisse
515 2425 654 2504 quosdam
670 2427 699 2486 in
713 2427 856 2505 coniuges
871 2443 907 2486 ac
921 2425 1044 2503 liberos,
1060 2435 1132 2486 tam-

120 2533 206 2596 quam
230 2515 448 2574 misererentur.
486 2511 637 2590 proximus
658 2504 722 2571 dies
746 2510 851 2571 faciem
875 2510 1019 2570 victoriae
1044 2509 1133 2570 latius

1 2605 2 2637 ³
120 2599 249 2680 aperuit:
275 2604 388 2656 rastum
411 2593 518 2672 ubique
538 2593 699 2674 silentium,
724 2593 833 2655 deserti
856 2593 967 2670 colles,
994 2592 1132 2654 fumantia
1221 2643 1226 2652 .

120 2683 225 2766 procul
243 2690 337 2757 tecta,
355 2695 441 2739 uerno
458 2677 694 2758 exploratoribus
710 2678 824 2740 obrius.
854 2677 958 2758 quibus
973 2678 1001 2737 in
1017 2691 1167 2738 omncmto

120 2776 235 2848 partem
257 2763 400 2842 dimissis,
427 2759 476 2822 nbi
499 2764 611 2823 incerta
631 2764 721 2841 fugae
746 2764 871 2841 vestigia
894 2780 990 2842 neque
1010 2779 1131 2840 usquam

121 2849 296 2932 conglobari
316 2848 419 2910 hostes
439 2847 677 2926 compertum(et
694 2857 797 2910 exacta
821 2849 876 2908 iarn
898 2855 1011 2908 aestate
1031 2845 1133 2924 spargi

119 2938 230 2999 ballum
245 2933 412 3015 nequibat),
423 2933 452 2993 iu
468 2933 532 2993 linis
549 2930 738 2994 Borestorum
761 2933 919 2994 exercitum
936 2930 1061 2992 deducit.
1090 2928 1132 2989 ibi

122 3021 258 3099 acceptis
279 3017 444 3096 obsidibus,
464 3016 618 3096 praefecto
635 3017 739 3078 classis
759 3015 935 3077 circumvehi
954 3013 1132 3076 Britanniam

122 3100 276 3182 praecipit.
309 3101 394 3162 datae
416 3098 452 3160 ad
474 3099 504 3159 id
525 3102 618 3178 vires,
645 3110 675 3160 et
697 3108 904 3181 praecesserat
924 3109 1030 3158 terror.
1063 3097 1170 3176 ipssa

123 3186 252 3265 peditem
270 3194 356 3262 atque
380 3184 494 3262 equites
516 3182 596 3244 leuto
618 3186 740 3261 itinere,
765 3202 824 3264 quo
846 3201 985 3243 novarum
1002 3181 1132 3259 gentium

123 3270 209 3329 animi
224 3270 287 3348 ipsa
303 3268 440 3328 transitus
454 3283 535 3326 mora
550 3275 744 3345 terrerentur,
760 3269 789 3328 in
806 3267 935 3328 bibernis
953 3266 1072 3326 locarit.
1102 3273 1133 3322 et

123 3352 208 3414 sbnul
224 3352 326 3414 classis
339 3349 464 3412 secunda
476 3359 651 3430 tempestate
661 3350 1004 3414 acfama'frucculensem
1015 3354 1134 3426 portum

123 3438 232 3521 tenuit,
247 3437 322 3498 unde
338 3435 472 3515 proximo
487 3433 650 3499 Britanniae
664 3438 757 3498 latere
773 3434 852 3495 lecto
870 3431 946 3494 omni
964 3431 1103 3491 redierat,
