2546 3872
331 145 338 157 ‘
395 151 502 198 uranu
516 151 539 200 1.
561 149 793 218 camos-41,
816 162 818 164 ·
1045 142 1085 201 33
1123 192 1125 196 .

90 303 226 366 Caecina
240 303 453 366 animadvertit:
479 315 596 367 ceteros
620 307 723 368 veniae
746 306 793 365 rel
814 306 953 366 saevitiae
975 306 1087 366 Vitellii
1132 350 1137 355 ,

89 387 215 467 reliquit.

134 471 202 532 ,69.
234 471 316 534 Haud
341 471 429 534 iacile
456 471 533 534 dictu
560 482 619 550 est,
650 473 740 551 legati
764 473 963 536 Helvetiorum
995 475 1088 552 minus

88 554 264 636 placabilem
278 559 483 636 imperatorem
502 575 538 618 an
553 557 672 616 militem
683 559 853 617 invenerint.
873 558 996 617 civitatis
1007 558 1086 636 euci-¹

89 641 162 700 dium
179 651 319 718 poscunt,
341 639 399 700 tela
415 658 449 700 ac
464 658 564 700 manus
578 642 607 699 in
622 657 673 700 ora
686 641 852 717 legatorum
868 643 1016 716 intentant.
1050 659 1087 700 ne

88 723 224 786 Vitellius
246 724 361 802 quidem
383 722 481 783 verbis
500 743 534 784 uc
550 725 632 783 minis
649 724 847 802 temperabat,
873 742 936 784 cum
950 723 1087 785 Claudius

89 803 214 888 Cossus,
230 825 302 868 unus
318 827 355 868 err
370 807 491 884 legatis,
510 817 597 868 notae
612 807 782 883 facundiae,
799 808 852 869 sed
867 807 982 869 dicendi
997 817 1113 872 artems

88 900 156 972 apta
170 888 365 969 trepidatione
380 891 531 953 occultans
547 899 633 969 atque
651 908 688 950 eo
703 892 836 970 validior,
851 891 950 951 militis
966 895 1087 951 animum

87 975 236 1051 mitigavit.
247 982 279 1034 ut
291 980 337 1033 est
348 969 535 1048 mos,volgus
548 965 687 1032 mutabile
701 973 805 1032 subitis
818 981 848 1032 et
861 981 916 1032 tam
925 991 1047 1050 pronum
1059 976 1088 1034 in

89 1057 316 1122 misericordiam
332 1075 417 1136 quam
431 1056 612 1116 immodicum
628 1057 748 1116 saevitia
765 1056 868 1118 iuerat
889 1057 989 1116 effusis
1002 1057 1088 1118 lacri-

90 1142 145 1202 mis
159 1149 188 1200 et
204 1141 323 1214 meliora
339 1141 516 1200 coustantius
528 1139 720 1218 postulando
712 1141 897 1273 inpunitatem
910 1140 1114 1219 salutemque

91 1224 197 1285 civitati
212 1226 407 1303 inpetrarere.
1095 1245 1121 1288 m

152 1311 202 1370 70.
227 1307 353 1369 Caecina
369 1323 480 1389 paucos
496 1307 524 1365 in
537 1299 681 1367 Heluetiis
696 1317 824 1368 moratus
844 1309 929 1387 dies,
940 1309 1004 1369 dum
1023 1327 1087 1369 sen·

7 1395 8 1398 ’
87 1393 195 1453 tentiae
210 1391 321 1460 Vitellii
334 1390 559 1468 certiori'seret,
576 1391 659 1450 simul
674 1394 822 1452 transitum
838 1391 955 1472 Alpium
970 1410 1088 1472 parans,

88 1476 195 1536 laetum
217 1494 254 1535 ex
272 1471 357 1536 ltalia
380 1474 506 1536 nuntium
520 1476 629 1554 ancipit
644 1473 718 1536 alam
736 1475 914 1536 Silianam
888 1495 966 1554 circa
981 1476 1088 1536 Padum

87 1569 223 1640 agentem
241 1568 424 1620 sacramento
445 1555 558 1618 Vitellii
578 1557 765 1626 accessisse.-
778 1565 833 1639 pro
859 1561 980 1639 consule
995 1560 1087 1620 Vitel-

86 1643 156 1704 lium
172 1643 301 1729 Siliani
293 1662 322 1703 m
331 1637 440 1704 Africa
460 1639 632 1712 habuerant;
654 1659 724 1706 mer
746 1641 914 1722 uNerone,
935 1645 992 1721 ut
984 1662 1012 1702 m
1029 1644 1088 1703 Ae·
1076 1668 1110 1710 ι

87 1732 208 1826 gyptum
233 1711 503 1810 praemitterentur,
528 1726 616 1786 exciti
633 1733 662 1786 et
676 1725 715 1785 ob
731 1726 839 1789 bellum
854 1689 986 1789 Vindicis
1002 1745 1087 1788 revo-

7 1823 8 1834 ‘
86 1811 150 1873 cati
169 1828 204 1875 ac
223 1819 282 1870 tum
304 1813 333 1871 in
352 1805 439 1872 ltalia
454 1817 620 1888 manentes,
652 1811 788 1870 instinctu
812 1811 1013 1888 decurionum,
1040 1811 1089 1889 qui

7 1929 9 1936 ν
86 1892 230 1956 Othonis
222 1893 326 1972 ignari,
340 1893 461 1955 Vitellio
474 1893 605 1955 obstricti
620 1881 930 1956 roburadrentantium
941 1896 1089 1974 legionum

85 1990 114 2041 et
129 1979 237 2040 famam
250 1976 412 2039 Germanioi
427 1978 574 2047 exercitus
587 1977 777 2057 attollebant,
793 1981 958 2050 transiere'
950 1996 978 2038 m
991 1983 1088 2058 partes

84 2075 114 2126 et
142 2072 175 2122 ut
195 2062 300 2142 donum
308 2059 440 2162 aliquod
461 2078 539 2122 novo
559 2061 709 2142 principi
699 2062 862 2124 firmissima
876 2063 1124 2142 transpadanorum

83 2147 221 2230 regionis
240 2147 395 2226 municipia
414 2143 606 2208 Mediolanum
627 2162 663 2205 ac
682 2142 841 2207 Novariam
864 2156 894 2207 et
911 2145 1088 2225 Eporediam
1135 2145 1140 2154 '
1210 2182 1213 2189 ·

83 2244 113 2296 et
129 2231 290 2294 Vercellas
311 2230 478 2292 adiunxere.
509 2229 538 2290 id
555 2229 699 2290 Caecinae
721 2245 775 2308 por
796 2230 878 2308 ipsos
900 2239 1088 2310 compertum.

84 2329 115 2379 et
149 2317 216 2396 quia
237 2315 384 2416 praesidiq
406 2315 471 2376 alae
497 2316 579 2376 unius
601 2311 740 2374 latissima
761 2311 863 2374 ltaliae
885 2333 952 2394 pars
972 2313 1091 2383 delendi

83 2399 248 2482 nequibat,
273 2399 442 2482 praemissis
460 2397 607 2477 Gallorum
621 2397 879 2476 Lusitanorumque
894 2402 923 2458 et
939 2397 1088 2458 Britanno-

81 2505 149 2548 rum
167 2483 335 2545 cohortibus
347 2492 376 2544 ot
388 2469 593 2548 Germanorum
605 2482 722 2542 vexillis
734 2481 855 2542 cumula
865 2481 1034 2560 Petriana,
1025 2498 1089 2561 rpse
1100 2497 1125 2540 ιι

81 2568 205 2652 paulum
219 2576 368 2644 cunctatus
382 2577 443 2646 est,
459 2581 525 2627 num
534 2566 686 2628 Raeticis
677 2567 754 2642 rugis
767 2568 796 2627 in
806 2564 945 2627 Noricum
951 2565 1091 2641 flecteret

80 2655 229 2717 adversus
239 2637 405 2714 Petronium
415 2651 553 2714 Urbicum
565 2659 803 2730 procuratorem,
812 2651 860 2729 qui
874 2651 997 2712 concitis
1012 2650 1089 2722 auxi-

82 2741 131 2800 liis
159 2744 189 2796 et
210 2737 378 2816 interruptis
399 2735 541 2796 iluminum
562 2733 699 2814 pontibus
716 2735 790 2808 lidus
806 2733 1089 2816 Othonitpatabatur.

82 2822 141 2884 sed
151 2813 282 2882 metune
294 2821 437 2880 amitteret
448 2820 624 2899 praemissas
637 2819 692 2878 iam
708 2818 847 2880 cohortes
862 2819 992 2900 alasque,
1007 2819 1090 2880 simul

82 2909 228 2982 reputans
256 2902 322 2980 plus
348 2901 462 2976 gloriae
489 2909 603 2960 retenta
657 2901 754 2980 Italia,
781 2911 811 2963 ct
832 2902 1126 2984 ubicunquecer-so

82 2997 176 3050 tatum
200 2986 294 3062 iuret,
316 2984 473 3047 Noricos'
464 3006 493 3047 m
515 2997 613 3049 cetera
633 2987 777 3046 victoriae
795 2989 923 3067 praemia
944 3005 1090 3065 cessuros,

82 3070 219 3132 Poenino
252 3070 372 3130 itinere
389 3071 593 3148 subsignanum
621 3069 746 3131 militem
771 3079 800 3130 ct
825 3089 916 3184 grave
943 3073 1091 3151 legionum

83 3173 218 3236 agmen
208 3153 338 3215 bibernis
352 3154 446 3216 adhuc
460 3154 583 3234 Alpibus
599 3153 803 3215 transduxit·

155 3239 205 3296 'ii
217 3231 328 3315 0tlnq
320 3240 431 3299 mterim
448 3248 548 3300 contra
564 3256 649 3318 spem
662 3239 786 3314 omnium
799 3255 857 3313 non
870 3239 982 3312 deliciis
995 3255 1089 3318 neque

72 3319 201 3382 'desidia
224 3329 413 3401 torpescere:
442 3322 547 3390 dilatae
575 3323 755 3401 voluptates,
782 3309 958 3394 dissimulata
977 3323 1090 3382 luxuria

84 3415 118 3466 et
142 3414 246 3465 cuncta
269 3405 304 3466 ad
319 3405 481 3468 decorem
472 3409 585 3500 imperii
602 3405 780 3484 compusita;
802 3422 897 3482 eoque
912 3406 978 3486 plus
992 3404 1091 3465 lormi-

131 3509 220 3548 nauum
235 3495 305 3548 rins
320 3496 352 3550 ll.
