2596 3872
196 157 260 222 306
456 167 946 218 connsnrrrscrrraaunnron

198 323 235 385 de
250 341 307 403 quo
322 341 408 402 supra
423 321 536 398 rettuli,
559 329 702 384 vetustate
718 321 848 383 obtusum
869 322 1042 402 increpans,
1063 321 1189 400 asperari
1270 325 1271 380 ᾖ

200 427 271 468 saxo
284 416 313 467 et
328 410 355 467 in
373 423 538 466 mucronem
556 406 711 468 ardescere
731 407 813 466 iussit
831 423 952 484 eamque
971 425 1066 466 curam
1088 406 1189 464 liberto

197 491 317 554 Milicho
345 490 511 570 mandavit„
534 490 615 564 simul
642 489 811 550 adilueutius
836 488 923 549 solito
955 492 1116 550 conuiuium
1141 491 1188 548 ini·

200 585 273 650 ιιιιιι,
297 591 448 636 servorum
463 575 604 634 carissimi
620 574 754 634 libertate
769 582 799 634 et
814 572 860 634 alii
876 575 1000 652 pecunia
1011 575 1119 636 donati.
1151 583 1189 632 at·

162 681 191 723 ιι
201 678 256 738 que
278 659 341 738 ipse
366 667 492 726 maestus
520 667 549 718 et
571 675 692 735 magnae
722 658 907 735 cogitationis
932 658 1099 721 manifestus
1120 665 1190 734 erat,

200 744 328 822 quamvis
343 741 478 803 laetitiam
491 743 572 818 vagis
587 741 767 805 sermonibus
778 741 951 803 simularet.
971 753 1117 820 postremo
1130 740 1189 800 vol·

200 826 316 886 neribus
336 825 489 902 ligamenta
510 826 672 923 quibusque
694 826 801 886 sistitur
814 827 933 902 sanguis
949 843 1052 902 parare
1072 825 1190 884 eundem

198 909 342 972 Milichum
362 918 475 985 monet,
497 910 560 970 sive
580 927 700 986 gnarum
725 910 928 970 coniurationis
951 920 980 969 et
1006 910 1084 982 illuc
1102 926 1191 986 usque
1270 913 1271 944 ³

199 993 298 1069 lidum,
325 1012 376 1052 seo
395 993 524 1055 nesciam
546 1002 579 1058 ιι
599 1003 665 1054 tunc
687 993 807 1072 primunr
827 994 952 1072 arreptis
965 992 1190 1073 suspicionibus,

162 1096 189 1139 ιι
199 1087 230 1138 ut
251 1077 383 1154 plerique
403 1057 546 1148 tradidere
586 1076 623 1138 de
644 1076 897 1154 consequentibns.
928 1094 991 1138 nam
1013 1095 1077 1150 oum
1094 1093 1190 1138 secum

199 1160 313 1220 servilis
328 1161 437 1220 animus
456 1161 581 1236 praemia
594 1159 732 1238 perfidiae
747 1163 893 1258 reputavit
906 1159 1073 1239 simulque
1064 1177 1191 1222 inmensa

199 1243 321 1322 pecunia
343 1251 372 1302 et
395 1243 523 1320 potentia
548 1243 792 1322 obversabantur,
817 1245 906 1304 cessit
930 1243 974 1304 ias
1000 1253 1029 1303 et
1047 1246 1128 1318 salus
1144 1261 1190 1322 pa·

198 1329 273 1388 troni
295 1335 323 1386 et
347 1335 488 1404 acceptae
508 1326 649 1389 libertatis
666 1329 813 1389 memoria.
840 1327 944 1390 etenim
962 1329 1061 1395 uxoris
1077 1345 1192 1407 quoque

200 1411 350 1472 consilium
366 1410 567 1490 adsumpserat
588 1411 728 1471 muliebre
752 1429 787 1472 ac
816 1410 957 1474 deterius:
987 1412 1096 1492 quippe
1118 1413 1191 1470 ultro

163 1505 302 1556 minctum
323 1493 496 1571 intentabat,
522 1495 685 1573 mubosque
710 1495 854 1556 adstitisse
876 1493 1056 1566 libertasse
1080 1513 1190 1570 servos,

200 1598 246 1659 qur
240 1579 361 1640 'eadem
372 1577 510 1646 uiderint;
527 1578 595 1638 nihil
609 1580 785 1676 profuturum
796 1579 877 1641 unius
889 1578 1049 1649 silentium
1068 1588 1097 1640 at
1110 1597 1190 1658 prae·

198 1663 253 1723 mia
270 1679 361 1738 penes
375 1680 459 1720 unum
474 1661 555 1738 iore,
571 1681 618 1740 qur
611 1662 739 1721 indicio
755 1663 965 1741 praeuenisset.

262 1748 312 1804 55.
330 1744 422 1820 lgitur
437 1754 541 1821 coepta
556 1744 621 1807 lucc
635 1744 766 1808 Milichus
780 1746 809 1804 in
820 1745 922 1806 hortos
932 1745 1112 1806 Servilianos
1127 1764 1192 1824 per·
1270 1757 1271 1854 p

199 1831 255 1906 git3
276 1836 306 1888 et
323 1845 386 1886 cum
401 1827 511 1899 loribus
528 1839 685 1904 arceretur,
701 1846 804 1906 magua
819 1824 972 1890 statrocia
981 1827 1100 1896 adferre
1113 1829 1190 1891 dicti

198 1921 261 1972 tans
281 1889 477 1988 deductusque
497 1911 535 1970 ab
561 1911 728 1972 ianitoribus
754 1911 791 1974 ad
815 1911 948 1975 libertum
970 1911 1097 1977 Neronis
1117 1913 1191 1992 Epa·

197 1993 369 2091 pbrcditmn,
382 2010 452 2054 mon
468 1993 503 2055 ab
521 2011 556 2057 cc
575 1993 610 2054 ad
623 1993 784 2072 Neronem,
803 2015 930 2094 urgueqs
941 1997 1112 2076 periculum,
1126 2015 1191 2074 gra·
1270 2049 1271 2064 ,

174 2097 251 2142 sves
279 2077 443 2139 coniuratus
465 2087 493 2138 et
522 2086 621 2150 cetera
646 2097 720 2156 quae
746 2040 875 2149 audierat
899 2087 956 2140 aut
978 2080 1193 2141 coniectaverat

197 2159 293 2223 docet.
324 2161 412 2221 telum
435 2178 550 2239 quoque
572 2162 601 2222 in
622 2179 725 2222 necem
747 2163 809 2232 eius
827 2172 956 2242 paratum
969 2163 1098 2227 ostendit
1118 2162 1191 2224 acci

196 2247 279 2324 rique
300 2263 381 2306 reum
401 2244 493 2307 iussit.
522 2245 547 2304 is
569 2253 669 2325 raptus
692 2264 745 2325 per
763 2245 868 2309 milites
882 2256 913 2308 et
930 2245 1131 2316 defensionem
1147 2263 1191 2308 or·

197 2349 262 2406 sus,
287 2329 411 2406 ferrum,
434 2329 514 2388 cuins
530 2338 714 2406 argueretur,
738 2329 806 2390 olim
820 2329 1070 2412 religiouopatria
1089 2331 1192 2392 cultum

132 2451 135 2458 ·
196 2415 268 2474 etin
285 2411 418 2482 cubiculo
436 2411 561 2472 habitum
578 2431 613 2472 au
627 2413 728 2472 irande
741 2413 836 2475 liberti
848 2414 1015 2493 subreptum
1030 2413 1191 2494 respoudit,

160 2518 187 2562 ao
197 2494 308 2558 tabulas
327 2497 489 2570 testamenti
507 2496 624 2575 saepius
644 2513 662 2556 a
677 2515 709 2558 se
727 2505 756 2556 et
772 2496 944 2558 incustodita
960 2497 1070 2560 dierum
1092 2498 1207 2572 obser—⁸

198 2583 311 2642 vatione
333 2578 485 2657 signatas(
503 2581 640 2659 pecunias
664 2589 692 2640 et
706 2579 857 2640 libertates
874 2582 967 2646 servis
986 2591 1016 2641 et
1032 2591 1101 2654 ante
1114 2581 1190 2644 dono
1270 2627 1271 2640 ι

196 2665 287 2739 datas,
304 2663 356 2726 sed
370 2663 437 2724 ideo
454 2672 521 2740 tuac
535 2663 655 2741 largius,
668 2663 734 2741 quia
751 2665 829 2724 terrui
843 2664 899 2727 iam
912 2683 946 2724 re
960 2665 1094 2727 familiari
1107 2676 1136 2724 et
1151 2665 1189 2722 ia·
1270 2649 1271 2732 l

196 2747 337 2809 stantibus
352 2747 544 2822 creditoribus
558 2756 730 2810 testamento
743 2745 896 2808 diiiideret.
927 2750 1075 2824 enimvero
1087 2748 1188 2809 libera·
1270 2741 1271 2756 ¹

195 2833 241 2894 les
262 2848 378 2910 semper
400 2829 503 2908 epulas
520 2831 678 2908 struxisse,
701 2832 788 2892 vitam
820 2849 969 2892 amoenam
999 2840 1029 2893 et
1058 2832 1136 2902 duris
1151 2831 1188 2890 iu·

161 2941 187 2984 ιι
197 2914 306 2976 dicibus
310 2931 416 3014 parum
430 2913 588 2992 probatam
615 2914 743 2976 iumenta
754 2913 922 2979 volneribus
936 2915 1039 2984 nulla
1028 2934 1110 2994 iussn
1126 2930 1186 2988 suo,

196 2997 248 3059 sed
270 3000 335 3076 quia
357 3005 456 3058 cetera
479 2997 572 3076 palam
594 3015 667 3058 vana
687 2995 862 3076 obiecisset,
892 2999 1052 3098 adiungere
1073 3002 1184 3072 ιιιιιιιι,

197 3084 276 3144 cuius
312 3097 347 3142 se
381 3081 493 3158 pariter
524 3080 646 3147 indicem
664 3089 694 3142 et
715 3089 818 3148 testem
840 3043 962 3145 faceret
992 3082 1086 3150 adicit
1106 3079 1190 3142 dictis
1270 3087 1271 3148 j

197 3167 396 3232 constantiam:
411 3162 811 3238 incusatultroiutestabilem
824 3167 1188 3244 etecusceloratum,tanta
1270 3163 1271 3198 r

198 3253 279 3310 ιοιιι
292 3267 329 3309 ac
343 3247 438 3309 vultus
453 3249 623 3326 securitate,
638 3256 668 3308 ut
683 3247 796 3312 labaret
812 3247 1189 3328 iudicium,nis1lliliobun1

89 3358 91 3361 ·
146 3351 187 3392 'aa
198 3350 270 3392 uxor
285 3332 480 3394 admonuisset
495 3330 648 3408 Antonium
663 3329 796 3398 Natalem
809 3333 896 3397 maba
913 3351 977 3400 cum
992 3330 1136 3406 Scaevino
1152 3343 1187 3388 ac

197 3424 312 3476 secreta
328 3415 510 3521 conlocatum
522 3425 553 3476 et
568 3433 635 3514 csse
647 3424 791 3496 utrosque
807 3415 840 3478 G
855 3416 990 3516 Pisorq’s‘
982 3419 1105 3495 autimas
