2570 3878
405 185 511 233 urusn
525 185 571 232 ιιι.
598 185 673 234 cru.
690 183 809 240 ua—ttt.
1047 179 1105 240 191

101 341 174 419 lege
189 339 295 400 Saenia
311 337 482 416 sublapsum
500 339 633 420 laetaque
649 339 764 403 baec'in
779 359 840 401 rem
857 339 1000 420 publicam
1014 345 1147 406 muniano

102 424 194 485 multo
218 423 325 502 gaudio
347 423 478 484 censoris
504 423 654 485 inibantur.
683 427 812 486 famosos
839 425 956 503 probris
983 444 1107 505 quonam

101 507 191 570 modo
214 516 315 568 senatu
338 506 502 607 depelleret
525 510 642 587 anxius,
663 511 759 574 mitem
780 519 809 570 et
831 527 936 570 recens
959 521 1107 591 repertam

102 610 189 674 quam
204 611 242 652 ex
258 593 416 652 severitate
430 593 527 672 prisca
541 595 682 654 rationem
698 589 834 671 adhibuit,
849 593 993 654 monendo
1007 613 1106 656 secum

103 679 227 758 quisque
247 674 284 737 da
310 693 344 736 se
367 677 545 738 consultaret
566 687 737 758 peteretque
766 679 810 738 ius
832 677 957 738 exuendi
980 679 1122 740 ordinis:

100 760 263 822 lacilem'
237 778 298 820 erus
313 761 357 820 rei
373 762 495 822 veniam.
525 769 554 822 et
567 771 662 823 motos
679 772 779 823 senatu
794 769 1009 841 excusatosque
1022 764 1104 824 simul
1114 784 1144 826 ιι

4 891 6 916 ,
101 844 336 926 propositurum,
359 854 390 905 ut
405 845 539 905 iudicium
554 862 707 908 censorum
721 865 755 908 ac
771 846 864 926 pudor
879 853 983 925 sponte
1000 848 1104 909 ceden-

99 929 326 1010 tiumpermixta
338 928 522 1006 ignominiam
537 930 693 992 mollirent.
726 931 763 992 ob
779 949 813 990 ea
830 932 987 1009 Vipstanus
1003 932 1123 993 consul·

99 1013 213 1074 rettulit
228 1021 339 1091 patrem
360 1021 477 1074 senatus
499 1013 703 1094 appellandum
724 1031 790 1076 esse
812 1013 975 1076 Claudium:
995 1017 1104 1095 quippe
1150 1026 1154 1036 ’

99 1097 278 1180 promiscum
294 1098 383 1176 patris
402 1099 512 1176 patriae
529 1109 765 1176 cognomentum
788 1099 916 1176 novaviu
934 1117 995 1159 rem
1011 1099 1103 1178 publi-

102 1199 166 1242 cam
180 1181 282 1241 merita
297 1197 354 1241 non
369 1182 481 1262 usitaqis
497 1182 647 1244 vocabulis
660 1182 841 1244 bonor'anda:
868 1183 920 1244 sed
941 1185 1006 1262 ipsc
1023 1183 1101 1244 cobi-
1112 1207 1142 1248 oo

100 1265 163 1326 buit
183 1263 334 1326 consulem
348 1273 378 1324 ut
399 1267 515 1326 nimium
531 1265 738 1329 adsentantcm.
769 1266 955 1346 condiditque
973 1267 1104 1344 lustrum,

95 1365 256 1428 quocensa
265 1351 442 1410 suntcirium
456 1353 668 1430 quinquagiens
682 1354 804 1412 noviens
819 1355 1099 1429 centenaoctoginta

99 1433 513 1522 quattuormiliascptuaginta
527 1435 593 1497 duo.
611 1436 745 1513 isqueilli
759 1435 1099 1536 linisinscitiaeergado-
1197 1468 1200 1474 ‚

100 1538 177 1581 mum
200 1535 280 1578 suam
294 1517 361 1580 luit:
385 1519 459 1580 baud
476 1520 564 1580 multo
588 1530 656 1599 post
678 1521 787 1600 flagitia
808 1522 906 1581 uxoris
928 1523 1053 1604 noscere
1066 1538 1102 1580 ac

100 1606 205 1684 punire
219 1602 348 1679 adactus,
365 1613 395 1663 ut
411 1603 515 1665 deinde
531 1603 724 1666 ardesceret
716 1625 745 1666 rn
763 1606 877 1685 nuptias
893 1607 1030 1666 incestas.
1111 1630 1140 1672 ιι

165 1687 217 1749 26.
245 1685 305 1746 lam
327 1687 483 1749 Messalina
511 1688 654 1750 facilitate
676 1690 914 1751 adulteriorum
905 1708 935 1750 m
959 1688 1103 1750 dastidium

99 1789 189 1832 versa
204 1769 242 1831 ad
262 1771 426 1849 incognitas
441 1771 576 1834 libidines
591 1775 771 1852 profluebat,
795 1772 1004 1874 cumabmmpi
1020 1771 1101 1833 dissi·

99 1855 288 1916 mulationem
299 1856 384 1915 etiam
396 1856 536 1934 Silius,
512 1875 574 1918 srve
589 1857 669 1918 iatali
683 1857 840 1920 vaecordia
852 1875 888 1918 an
899 1859 1103 1918 imminentium

99 1935 298 2026 periculorum
312 1939 495 2000 remedium
486 1958 550 2020 rpsa
566 1942 697 2020 pericula
713 1950 803 2020 ratus,
819 1940 977 2038 urguebat:
993 1942 1101 2020 quippe

100 2041 159 2084 non
175 2039 212 2083 eo
228 2032 361 2100 ventum,
385 2034 415 2084 ut
435 2033 582 2086 senectam
599 2027 740 2106 principis
753 2025 969 2106 opperirentur.
983 2027 1102 2085 insonti·
1115 2041 1131 2080 s

47 2141 53 2152 ·
101 2107 180 2168 bus
171 2109 288 2168 rnnoria
304 2108 436 2186 consilia,
453 2109 570 2186 flagitiis
582 2110 743 2170 manifestis
758 2109 915 2171 subsidium
930 2109 966 2169 ab
981 2109 1101 2169 audacia

100 2190 267 2272 petendum.
300 2191 406 2252 adesse
429 2194 565 2253 conscios
585 2194 665 2272 paria
685 2201 856 2254 metuentes.
890 2211 924 2252 se
948 2191 1101 2266 caelibem,

101 2276 220 2351 orbum,
244 2277 351 2355 nuptiis
368 2286 399 2336 et
414 2276 578 2355 adoptando
592 2276 757 2342 Britannico
773 2286 912 2356 paratum.
940 2293 1103 2336 mansuram

101 2360 223 2420 eandem
244 2359 426 2421 blessalinae‘
438 2357 610 2440 potentiam,
637 2360 731 2422 addita
744 2363 918 2435 securitate,
939 2362 965 2421 si
981 2377 1101 2438 praeve·

100 2445 197 2505 nirent
219 2441 386 2520 Claudium,
412 2453 443 2506 ut
463 2444 574 2506 insidiis
600 2447 759 2522 incautum,
788 2447 827 2506 ita
847 2445 910 2505 uae
932 2460 1100 2523 properum.
1113 2460 1136 2502 ιι

100 2529 234 2606 aequiter
248 2545 301 2589 eae
315 2545 406 2588 voces
420 2538 578 2609 acceptae,
599 2547 658 2590 non
675 2547 773 2591 amore
789 2530 819 2589 in
833 2529 978 2607 maritum,
998 2527 1051 2588 sed
1066 2545 1103 2587 ne

101 2611 189 2674 Silius
205 2629 313 2673 summa
325 2613 445 2691 adeptus
459 2622 612 2693 sperneret
626 2613 789 2676 adulteram
799 2613 956 2690 scelusque
966 2613 1101 2672 inter-au-

103 2697 201 2775 cipitia
218 2695 370 2775 probatum
383 2698 462 2758 veris
478 2713 546 2758 mox
563 2699 664 2773 pretiis
679 2698 855 2759 aestimaret.
883 2713 989 2756 nomen
1008 2704 1103 2756 tamen

100 2780 272 2842 matrimonii
290 2782 456 2861 concupivit
472 2780 510 2842 ob
525 2782 749 2858 magnitudinem
762 2781 913 2858 infamiae,
930 2781 1010 2840 cuius
1026 2777 1102 2858 apud

100 2864 244 2944 prodigos
258 2867 415 2928 novissima
430 2866 565 2944 voluptas
580 2875 633 2926 est.
663 2883 719 2927 nec
737 2865 811 2926 ultra
828 2872 1001 2944 exspectato
1017 2881 1101 2944 quam
1112 2887 1138 2929 ιι

100 2947 167 3008 dum
181 2949 318 3011 sacrificii
332 2951 426 3028 gratia
443 2949 579 3011 claudius
594 2949 702 3012 Ostiam
722 2949 975 3029 proficisceretur,
999 2956 1103 3010 cuncta

5 3063 14 3088 ι
97 3035 262 3114 nuptiarum
278 3033 428 3096 sollemnia
444 3034 584 3096 celebrat.

163 3117 214 3180 27.
239 3117 321 3180 llaud
342 3136 404 3179 sum
419 3119 539 3197 ignarus
559 3117 722 3181 fabulosum
736 3120 827 3180 risum
849 3120 884 3180 iri
906 3127 1013 3180 tantum
1034 3117 1102 3176 ullis

98 3203 264 3264 mortalium
279 3203 443 3264 securitatis
459 3203 575 3264 inisse
565 3223 595 3264 ιιι
611 3205 727 3266 civitate
743 3206 868 3265 omniurn
883 3219 974 3280 gnara
986 3208 1015 3261 et
1030 3199 1102 3259 nibil

99 3287 254 3365 reticente,
269 3287 373 3348 nedum
391 3287 541 3350 consulem
560 3286 740 3366 designatum
762 3307 826 3350 curn
843 3304 935 3348 uxore
950 3281 1100 3363 piincipis‚

99 3371 252 3450 praedicta
264 3371 321 3450 die,
337 3371 470 3433 adhibitis
485 3389 532 3452 qur
526 3371 745 3451 'obsignaram
761 3368 841 3433 velut
852 3363 1101 3445 suscipiendorum

100 3453 260 3517 liberorum
280 3474 366 3519 causa
391 3459 581 3536 convenisse,
610 3465 696 3537 atque
715 3455 794 3516 illam
814 3453 930 3516 audisse
953 3446 1125 3523 auspicums
