2596 3872
196 196 259 260 322
450 206 944 258 conuunrrracrrrsunsururr

196 364 309 440 bellos,
331 363 434 443 quibus
454 362 518 424 dies
533 361 669 441 genitalis
689 363 751 423 eius
772 371 802 423 et
816 373 955 424 euentura
979 368 1103 427 secretis
1117 367 1191 429 Pam·

195 448 287 508 menis
310 446 548 523 occultabantur,
577 445 660 507 simul
684 447 812 528 repertis
839 466 914 528 quae
934 449 970 509 de
991 459 1056 510 ortu
1079 451 1194 532 vitaque

164 557 188 597 ιι
198 531 305 593 Ostorii
317 532 463 612 Scapulae
476 533 639 612 composita
651 540 742 609 erant,
761 531 909 592 soribitad
918 533 1081 614 principem
1093 553 1195 614 magna

197 635 232 678 se
252 625 282 676 et
306 633 380 694 qnae
399 615 588 677 incolumitati
601 615 665 676 elus
681 615 878 680 conducerent
894 616 1067 694 adlaturum,
1088 620 1114 677 si
1130 619 1195 680 bre·

196 718 263 762 rem
281 699 360 760 exilii
373 702 488 762 reniam
502 700 726 781 impetravisset:
743 701 852 781 quippe
862 699 995 761 Anteium
1010 710 1040 762 at
1051 700 1196 763 Ostorium

196 785 335 844 inminere
354 783 443 845 rebus
464 792 495 845 ot
514 801 565 845 sua
586 782 780 864 Caesarisque
801 785 1007 846 lata-scrutari.
1037 787 1114 846 enim
1130 787 1195 847 mis·

196 886 248 929 sae
266 867 427 935 liburnicae
453 868 662 947 advehiturque
684 885 813 948 propere
830 868 980 929 Sosianus.
1024 886 1059 930 ac
1074 870 1194 949 vulgato

162 952 260 1012 socius
283 951 389 1013 iudicio
411 953 487 1014 inter
510 952 660 1013 damnatos
680 953 773 1029 magis
793 969 877 1031 quam
898 953 973 1012 inter
990 970 1060 1015 reos
1074 953 1195 1016 Anteius

197 1034 389 1114 Ostoriusque
408 1035 601 1114 habebantur,
629 1034 704 1095 adeo
726 1043 757 1095 nt
774 1044 982 1097 tastamentum
1002 1035 1090 1098 Antei
1111 1057 1194 1099 nemo

197 1119 381 1197 obsignaret,
406 1120 462 1180 nisi
482 1118 643 1197 Tigellinus
670 1128 770 1180 auctor
790 1119 950 1199 extitisset,
976 1123 1095 1184 monito
1117 1124 1195 1202 prius

196 1203 303 1263 Anteio
325 1221 363 1264 ne
382 1220 534 1282 supremas
555 1202 668 1264 tabulas
688 1211 860 1266 moraretur.
900 1212 986 1283 atque
1014 1203 1065 1266 ille
1091 1205 1194 1266 hausto

197 1305 326 1365 veneno,
347 1285 507 1348 tarditatem
528 1289 591 1347 eius
604 1303 730 1366 perosus
750 1288 895 1348 intercisis
910 1288 992 1348 venis
1009 1285 1130 1349 mo'rtem
1144 1290 1195 1350 ad-

162 1379 465 1515 ²⁶pm{deivida-torius
482 1455 648 1534 longinquis
670 1457 699 1514 iu
720 1457 799 1533 agris
820 1456 896 1536 apud
911 1457 997 1516 lineo
1009 1456 1144 1534 ligurum
1166 1457 1195 1516 id

194 1540 335 1620 temporis
350 1547 422 1599 erat.
451 1556 488 1600 eo
503 1542 606 1600 missus
623 1541 770 1619 canturio,
792 1541 841 1619 qui
859 1539 978 1601 caedem
996 1541 1059 1601 eius
1073 1551 1194 1601 matura·

194 1633 249 1684 ret.
279 1640 366 1684 censa
379 1622 540 1684 destinandi
563 1641 601 1684 ex
619 1641 655 1685 eo
677 1623 839 1703 oriebatur,
865 1623 943 1703 qnod
959 1622 1092 1685 Ostorius
1108 1625 1194 1685 multa

194 1707 308 1768 militari
327 1706 404 1767 lama
425 1715 454 1767 et
475 1707 595 1768 civicam
619 1725 756 1768 coronam
777 1706 853 1788 apud
871 1707 1045 1768 Britanniam
1064 1710 1193 1786 meritus,

74 1821 76 1826 ·
172 1792 302 1868 tingensi
321 1790 355 1851 oi
375 1791 511 1870 corporis
525 1807 725 1870 armorumque
739 1791 860 1852 scientia
872 1801 977 1852 metum
990 1790 1100 1852 Neroni
1114 1792 1193 1852 lece·

193 1882 245 1950 rat,
267 1891 304 1934 ne
320 1873 470 1936 inuaderet
483 1875 617 1954 pavidum
633 1892 751 1955 semper
767 1883 796 1935 et
811 1884 932 1956 reperta
952 1892 1045 1954 nuper
1063 1875 1192 1936 coniura-

193 1959 272 2018 tione
299 1959 391 2035 maqis
417 1960 594 2020 exterritum.
621 1959 709 2037 igitur
734 1959 881 2037 centurio,
907 1959 956 2019 ubi
977 1959 1085 2037 effugia
1107 1957 1193 2019 villae

194 2041 305 2118 clausit,
319 2042 396 2100 iussa
407 2042 581 2120 inperatoris
594 2042 711 2103 Ostorio
723 2043 827 2120 aperit.
858 2044 883 2102 is
894 2041 1090 2103 lortitudiuem
1101 2060 1193 2119 saepe

193 2123 347 2184 advorsum
360 2123 462 2186 hostes
476 2133 638 2204 spectatam
651 2125 681 2184 iu
695 2142 729 2185 se
742 2126 843 2184 vertit:
860 2132 890 2184 et
906 2124 972 2202 quia
987 2142 1081 2186 venae
1097 2141 1192 2202 quam·

158 2223 183 2268 so
193 2226 278 2289 quarn
289 2209 467 2287 interruptae
479 2226 579 2288 parum
590 2209 737 2287 sanguinis
750 2206 943 2284 effundebant,
959 2205 1098 2270 hactenus
1109 2225 1192 2268 mano

193 2293 370 2368 servimus,
392 2301 424 2353 ut
438 2293 575 2353 inmotum
593 2293 749 2374 pugionem
767 2291 942 2369 extolleret,
962 2291 1108 2372 adpressit
1124 2291 1191 2354 dex·

192 2375 697 2522 tramlppnsssppp'qquqedpacqqqrerpqa
713 2467 742 2520 et
757 2459 851 2520 obitas
867 2476 970 2539 prore
986 2458 1102 2538 publica
1117 2476 1192 2520 mor·

192 2555 237 2606 tes
257 2552 335 2605 tanta
354 2561 471 2604 casuum
487 2543 671 2605 similitudine
685 2561 890 2621 memorarem,
912 2561 1017 2622 meque
1038 2544 1130 2621 ipsum
1147 2560 1192 2602 aa·

191 2629 246 2688 tias
268 2627 399 2707 cepisset
417 2627 599 2708 aliorumque
613 2627 739 2689 taedium
752 2635 974 2707 exspectarem,
997 2626 1126 2706 quamvis
1138 2625 1191 2684 bo-

192 2718 294 2771 nestos
314 2711 419 2772 civium
442 2712 555 2790 exitus,
578 2713 679 2773 tristes
700 2719 795 2772 minen
815 2719 845 2772 et
859 2713 1012 2773 continuos
1034 2727 1191 2790 aspernan-

168 2793 275 2852 stlom:
304 2801 333 2852 at
355 2812 431 2853 auae
450 2795 587 2874 patientia
614 2795 729 2856 servilis
750 2803 917 2875 tantamque
941 2794 1090 2872 sanguinis
1115 2791 1192 2852 domi

192 2875 334 2956 porditum
361 2875 485 2955 iungam
511 2879 634 2940 animam
661 2889 690 2940 et
713 2880 855 2941 mentitis
879 2878 1065 2956 restringunt.
1094 2892 1192 2953 neque

191 2960 275 3021 aliam
290 2960 497 3021 defensionem
521 2960 557 3022 ab
578 2963 613 3022 iis
636 2963 740 3041 quibos
762 2965 817 3025 ista
845 2970 1002 3025 noscentur
1029 2958 1192 3037 exegerim,

191 3062 276 3124 qaam
289 3062 327 3105 ne
342 3043 452 3105 oderim
466 3054 523 3106 mm
539 3046 670 3123 segniter
686 3054 854 3124 pereuntes.
884 3048 927 3106 ira
940 3044 990 3105 illa
1003 3044 1147 3103 numinum
1162 3045 1193 3102 iu

191 3147 240 3190 res
259 3129 404 3191 Romanas
420 3130 492 3208 luit,
513 3147 598 3208 quam
614 3146 688 3207 non,
712 3138 741 3189 ut
762 3130 791 3190 in
806 3127 936 3190 cladibus
949 3128 1127 3188 exercituum
1144 3137 1194 3189 aut

160 3227 183 3266 10
194 3213 360 3290 captivitate
376 3213 501 3292 urbium,
522 3213 614 3274 semel
631 3213 709 3273 edito
729 3212 852 3274 transire
867 3212 946 3274 licet.
979 3210 1062 3272 detur
1078 3211 1137 3272 boc
1151 3213 1193 3271 iu·

192 3295 322 3358 lustrium
342 3297 469 3358 virorum
484 3298 664 3378 posteritati,
688 3305 719 3356 ut
733 3315 790 3376 quo
808 3294 896 3358 ruodo
917 3295 1065 3375 exsequiis
1085 3313 1103 3356 a
1125 3313 1194 3373 pro·

192 3381 282 3440 misce
308 3381 457 3460 sepultura
484 3389 672 3460 separantur,
698 3380 737 3441 ita
763 3381 792 3440 in
813 3379 969 3442 uaditloue
991 3395 1193 3460 supremorum

193 3461 336 3542 accipiant
352 3463 533 3550 habeantque
548 3465 696 3546 propriam
708 3463 883 3526 memoriam.
1270 3471 1271 3476 ’
