2546 3872
403 202 545 252 nrsnur.
568 201 778 256 casso—45.
1039 191 1078 254 tt

71 373 131 416 seu
149 354 230 416 linxit
243 353 396 421 formidine
410 374 463 418 seu
478 359 684 418 conscientiam
705 359 911 420 coniurationis
927 358 1079 421 confessus

71 449 139 514 est,
156 439 212 498 huc
228 437 325 516 potius
339 438 401 500 eius
417 441 475 502 rita
489 440 623 520 ianuaque
638 442 772 520 inclinat,
787 451 818 503 ut
832 443 967 504 conscius
982 443 1099 507 secie-s

72 527 116 584 ris
130 522 221 582 fuerit
234 522 316 581 cuins
333 539 421 584 cansa
436 533 507 586 erat.
539 535 605 586 ante
622 526 725 586 aedem
736 525 795 588 diri
805 525 869 586 iulii
886 527 974 588 iacuit
985 529 1077 606 primo

73 609 134 667 ictu
163 607 193 668 in
218 605 375 684 poplitem,
401 623 469 668 mox
493 614 527 669 ab
549 608 622 670 lulio
644 607 721 670 Garo
748 609 912 687 legionario
937 611 1027 672 milite
1051 613 1078 670 in

73 700 227 769 utrumque
246 689 320 749 latus
334 690 594 753 transverberatus.

136 773 188 835 43.
209 772 355 850 Insignem
375 773 426 836 illa
447 775 494 835 die
514 777 606 836 virum
627 777 829 855 Sempronium
848 777 977 838 Densum
997 787 1078 840 aetas

71 867 177 918 nostra
191 855 271 917 vidit.
303 859 433 918 centurio
447 860 473 919 is
487 861 653 938 praetoriae
667 860 812 937 cohortis,
834 879 851 922 a
867 861 958 924 Galba
981 871 1077 926 custo·
1193 875 1196 880 ’

72 938 393 1014 diaePisonisadditus‚
405 943 506 1003 stricto
521 945 649 1021 pugione
664 961 824 1006 occurrens
838 947 953 1005 armatis
969 955 1000 1007 et
1014 963 1077 1006 sce·

73 1027 123 1085 lus
135 1024 317 1102 exprobrans
328 1040 363 1085 ac
374 1025 461 1086 modo
475 1044 559 1087 manu
570 1028 658 1088 modo
673 1045 749 1088 voce
760 1029 902 1090 vertendo
915 1031 944 1088 in
960 1047 993 1089 se
1010 1048 1077 1109 per-

76 1122 216 1168 cussores
238 1110 582 1188 quamquam-vulnerato
597 1111 694 1172 Pisoni
720 1113 857 1190 effugium
882 1112 969 1174 dedit.
1007 1112 1098 1175 l’isos

76 1195 104 1252 in
121 1189 222 1252 aedem
235 1194 346 1254 Vestae
361 1194 504 1274 pervasit,
527 1205 727 1275 exceptusque
745 1197 946 1259 misericordia
971 1196 1077 1276 publici

73 1276 156 1336 servi
173 1285 203 1335 et
217 1275 408 1339 contubernio
418 1279 485 1338 eius
501 1277 614 1340 abditus
628 1297 686 1340 non
703 1280 847 1359 religione
861 1299 918 1341 nec
935 1283 1076 1343 caerimo-

73 1361 130 1420 niis
153 1359 206 1420 scd
228 1361 339 1420 latebra
358 1361 499 1422 inminens
521 1364 638 1424 exitium
653 1363 822 1441 differebat,
848 1383 911 1426 cum
931 1363 1077 1424 advenere

73 1445 164 1504 missu
194 1442 316 1504 Othonis
342 1446 507 1506 nominatim
535 1447 566 1506 in
594 1447 713 1508 caedem
738 1449 801 1508 eius
824 1447 954 1511 ardentis
981 1447 1077 1527 Sulpi-

74 1529 139 1588 cius
156 1525 261 1587 Florus
280 1547 296 1587 e
313 1527 485 1589 Britannicis
503 1530 688 1608 cohortibus,
709 1549 801 1610 nuper
816 1548 838 1592 a
853 1530 945 1593 Galba
961 1531 1112 1594 civilatem

74 1613 217 1687 donatus,
243 1621 273 1670 et
287 1613 394 1673 Statius
409 1613 527 1674 blurcus
548 1613 733 1692 speculator,
755 1633 771 1674 a
794 1614 898 1693 quibus
912 1623 1078 1692 protractus

74 1695 146 1754 Piso
161 1696 189 1753 in
204 1695 316 1755 loribus
333 1697 433 1775 templi
449 1698 608 1760 trucidatus
624 1705 678 1758 est.

136 1780 188 1839 44.
210 1777 325 1839 Nullam
343 1780 462 1842 caedem
478 1780 553 1841 Otho
568 1783 679 1842 maiore
693 1782 802 1844 laetitia
819 1785 994 1860 excepisse,
1016 1783 1076 1844 nul·

71 1862 132 1923 lum
155 1871 242 1940 caput
261 1871 319 1922 tam
334 1864 544 1928 insatiabilibus
559 1865 653 1926 oculis
672 1865 867 1944 perlustrasse
883 1866 1003 1944 dicitur,
1025 1885 1078 1926 seu

72 1958 133 2007 tum
156 1947 276 2024 primum
299 1947 396 2008 levata
419 1950 497 2009 omni
516 1949 711 2010 sollicitudine
735 1966 817 2010 mens
841 1967 948 2011 vacare
969 1950 1077 2028 gaudio

72 2038 234 2108 coeperat,
258 2049 310 2091 seu
333 2031 498 2094 recordatio
520 2032 678 2093 maiestatis
699 2033 728 2092 in
750 2032 858 2108 Galba,
886 2034 1028 2096 amicitiae
1048 2037 1078 2094 in

71 2116 140 2175 Tito
156 2115 242 2175 Vinio
266 2117 397 2194 quamvis
421 2117 547 2176 inmitem
567 2116 689 2175 animum
704 2116 829 2193 imagine
845 2117 919 2176 tristi
939 2117 1098 2178 occlude-a

71 2208 131 2258 rat:
147 2197 262 2258 Pisonis
278 2209 308 2258 ut
325 2199 430 2259 inimici
446 2208 475 2260 et
492 2198 596 2260 aemuli
609 2198 700 2259 caede
716 2199 818 2260 laetari
834 2200 878 2259 ius
893 2198 997 2278 fasque
1015 2218 1077 2260 cre·

73 2282 173 2342 debat.
211 2281 340 2361 praelixa
371 2284 465 2343 contis
493 2284 588 2363 capita
614 2282 803 2358 gestabantur
828 2284 1007 2360 intersigna
1029 2299 1077 2344 co-

71 2367 198 2425 hortium
212 2367 289 2426 iuxla
306 2367 430 2446 aquilam
446 2367 583 2444 legionis,
600 2367 730 2426 certatim
748 2366 960 2426 ostentantibus
976 2385 1077 2428 cruen-

72 2459 119 2510 tas
132 2467 232 2509 manus
247 2453 296 2528 qui
309 2451 492 2526 occiderant,
510 2453 558 2528 qui
572 2451 775 2526 interfuerant,
792 2451 924 2528 quivere
939 2451 987 2530 qui
1001 2450 1077 2512 laiso

73 2543 105 2592 ut
119 2532 271 2611 pulchrum
295 2543 324 2594 et
346 2533 534 2594 memorabile
554 2535 668 2595 facinus
687 2533 842 2595 iactabant.
871 2532 971 2612 plures
992 2552 1078 2614 quant
1086 2543 1112 2586 1⁰

11 2635 16 2640 ·
73 2626 190 2676 centum
208 2619 309 2694 viginti
331 2617 449 2678 libellos
469 2620 626 2697 praemium
649 2620 869 2697 exposcentium
893 2617 931 2678 oh
954 2618 1077 2697 aliquam

71 2699 233 2761 notabilem
255 2701 304 2761 illa
326 2702 373 2762 die
393 2719 513 2780 operam
532 2700 669 2763 Vitellius
691 2712 795 2780 postea
815 2703 939 2778 invenit,
963 2719 1077 2764 omnes·

72 2803 132 2863 que
151 2786 283 2865 conquiri
301 2795 331 2846 et
343 2787 467 2846 interiici
481 2787 581 2863 iussit,
603 2802 661 2846 non
675 2785 787 2846 honore
804 2785 930 2864 Galbae,
953 2786 1006 2846 sed
1020 2795 1077 2845 tra·

71 2869 135 2929 dito
153 2869 333 2949 principibus
347 2887 429 2932 more
444 2872 647 2930 munimentum
661 2870 697 2930 ad
713 2886 864 2948 praesens,
884 2871 912 2928 in
927 2879 1077 2950 posterum

70 2953 222 3014 ultionem.
1087 2964 1111 3004 ¹⁶

137 3037 190 3098 45.
211 3035 308 3098 Alium
323 3036 463 3098 crederes
478 3046 618 3114 senatum,
635 3037 720 3098 alium
738 3037 892 3116 populum:
908 3056 994 3099 ruere
1009 3056 1077 3097 cua·

71 3123 113 3182 cti
128 3122 158 3180 in
174 3129 277 3198 castra,
294 3123 405 3181 anteire
419 3123 586 3200 proximos,
602 3131 717 3181 certare
733 3139 796 3180 cum
809 3119 1076 3200 praecurrentibus,

70 3208 228 3283 increpare
241 3202 371 3280 Galbam,
387 3203 506 3266 laudare
520 3205 638 3266 militnm
652 3205 795 3281 iudicium,
813 3205 978 3265 exosculari
990 3201 1077 3264 Otho·

71 3290 119 3349 nis
136 3307 264 3359 mannan
290 3297 457 3368 quantoque
473 3290 566 3366 magis
581 3289 655 3349 ialsa
671 3297 753 3348 erant
768 3306 842 3367 qnae
855 3287 977 3362 flebant,
998 3295 1077 3348 tanto

72 3373 158 3452 plural
183 3372 295 3434 iacere.
326 3391 382 3434 nee
403 3372 612 3452 aspernabatur
638 3371 770 3448 singulos
792 3371 884 3447 Otho,
912 3370 1024 3430 auidum
1048 3378 1100 3430 eti

72 3459 216 3536 minacem
230 3456 349 3517 militurn
365 3458 487 3518 animum
501 3473 578 3516 voce
591 3455 730 3534 voltuque
753 3462 928 3533 temperans.
958 3451 1079 3512 hiarium
