2568 3870
177 151 238 212 136
406 163 571 211 connexu
586 164 702 211 rscrrr
719 164 960 213 nrsuorrrsnmu

176 319 277 380 consul
307 319 474 397 designatus
505 320 632 378 censuit:
671 320 762 379 ceteri
792 319 873 379 uoltu
897 337 1057 399 manuque,
1083 324 1187 400 pauci,

175 403 278 483 quibus
294 405 454 482 conspicua
466 402 592 480 dignitas
604 411 652 463 aut
666 403 811 480 ingenium
826 402 990 464 adulatione
1007 405 1186 484 axamitum,

140 511 164 550 ιι
176 488 345 568 compositis
357 487 536 548 orationibus
553 486 797 548 adsentiebantur.
818 486 867 546 ubi
883 486 919 547 ad
936 485 1100 548 Helvidium
1118 489 1187 549 Pri-

174 589 254 632 scum
270 579 437 651 praetorem
452 571 633 648 designatum
648 579 780 646 ventum,
797 573 941 650 prompsit
957 573 1133 634 senteutiam
1152 583 1188 633 ut

149 663 154 670 ⁴
173 655 362 738 honorificam
381 657 409 715 in
422 672 527 715 novum
545 656 724 735 principem,
740 657 780 698 *i
791 655 867 716 ialsa
876 655 1015 731 aberant,
1030 664 1060 715 et
1074 658 1188 718 studiis

173 749 291 802 senatus
316 738 513 801 attollebatur.
550 741 634 820 isque
656 741 834 820 praecipuus
854 739 896 798 illi
916 739 1118 818 diesmaguae
1135 743 1185 801 oi-

174 824 275 886 iensue
289 824 399 885 initium
417 833 446 885 et
465 841 588 902 magnae
606 825 720 902 gloriae
733 822 795 883 luit.

234 909 263 969 5.
284 907 344 968 lies
366 924 492 988 poscere
515 907 645 984 videtur,
666 907 800 986 quoniam
823 909 925 968 iterum
952 909 981 968 in
1002 907 1191 969 mentionem

174 991 323 1052 incidimus
346 993 401 1052 viri
417 991 535 1071 saepius
556 990 748 1068 memorandi,
767 1001 799 1052 ut
816 993 903 1053 ritum
928 992 1078 1071 studiaque
1101 992 1181 1066 eius,

174 1087 203 1135 et
219 1075 297 1156 quali
312 1075 427 1136 fortuna
441 1077 478 1135 sit
491 1094 578 1152 usus,
593 1075 694 1154 paucis
717 1084 857 1154 repetam.
893 1075 1045 1137 Heluidius
1059 1075 1184 1136 Priscus

177 1160 293 1235 origine
308 1158 409 1227 ltalica
426 1176 442 1217 e
460 1154 618 1218 Gamciuae
642 1159 797 1238 municipio
814 1158 939 1238 Cluuiis,
952 1168 1051 1239 patre,
1068 1161 1117 1239 qui
1131 1177 1182 1220 or-

154 1243 269 1303 sdincm
283 1242 367 1320 primi
383 1242 433 1323 pili
451 1242 597 1321 duxisset,
613 1245 758 1321 ingenium
771 1243 891 1304 inlustro
907 1243 1057 1304 altioribus
1073 1245 1181 1306 studiis

173 1326 286 1386 iuuenis
302 1325 453 1387 admodum
471 1325 568 1403 dedit,
591 1338 665 1404 non,
687 1337 719 1387 ut
732 1327 884 1406 plerique,
906 1345 966 1408 quo
981 1328 1098 1388 nornine
1116 1346 1176 1388 rua-

173 1411 280 1491 gnilico
304 1429 397 1490 segne
417 1413 505 1470 otium
526 1411 651 1488 velaret,
674 1411 726 1471 sed
747 1429 806 1489 quo
828 1412 936 1472 lirmior
958 1410 1099 1472 adsersus
1116 1413 1179 1473 lor·

173 1497 243 1556 tuita
257 1496 318 1555 ren'r
341 1494 486 1574 publicam
503 1505 683 1573 capesseret.
716 1495 856 1556 doctores
878 1497 1041 1576 sapientiae
1055 1506 1182 1556 secutus

175 1587 237 1657 est,
262 1579 310 1657 qui
333 1578 396 1639 solu
412 1578 487 1638 bona
510 1595 584 1656 quae
599 1578 738 1653 honesta,
760 1577 836 1638 mala
852 1586 1051 1656 tantum'quac
1069 1581 1179 1659 turpia,

140 1663 332 1741 inpotentiam
349 1661 527 1722 nobilitatem
549 1670 707 1740 ceteraque
730 1669 812 1722 extra
833 1663 954 1722 animum
973 1678 1068 1741 neque
1090 1661 1180 1722 bonis

173 1763 268 1825 neque
282 1745 366 1804 malis
381 1744 576 1805 adnumerant.
605 1745 787 1824 quaestorius
802 1745 896 1805 adbuc
911 1744 1029 1805 aPaeto
1046 1745 1179 1806 Thrasea

173 1845 268 1905 gener
294 1827 425 1888 delectus
448 1846 464 1886 e
490 1826 618 1888 morrbus
641 1831 737 1888 soceri
758 1828 828 1888 nihil
850 1845 944 1906 aeque
960 1846 995 1889 ac
1011 1828 1178 1890 libertatern

173 1910 283 1987 lrausit,
300 1911 390 1987 civis,
407 1920 542 1987 senator,
559 1911 693 1990 maritus,
707 1915 816 1990 gener,
836 1913 960 1988 anricus,
974 1913 1084 1972 cunctis
1098 1915 1178 1974 ritae

175 1993 281 2055 ciliciis
297 1995 476 2074 aequabilis,
502 2011 588 2074 opum
607 2005 808 2074 contemptor,
831 1996 906 2055 recti
928 1998 1087 2076 peruicax,
1105 2015 1176 2058 coo·

140 2085 254 2139 assuas
268 2078 409 2140 adversus
426 2088 530 2140 metus.
699 2089 701 2094 “
745 2090 746 2094 ’

237 2162 265 2224 6.
286 2161 377 2223 lirant
404 2163 508 2240 quibus
535 2163 720 2242 adpetentior
746 2164 840 2224 lamae
866 2163 1031 2242 uideretur,
1060 2167 1176 2243 quando

173 2248 259 2307 etiam
276 2247 454 2325 sapientibus
469 2247 573 2327 cupido
589 2247 704 2325 gloriae
716 2247 873 2308 novissima
889 2249 1012 2308 exuitur.
1030 2251 1113 2310 ruina
1127 2267 1176 2310 so-

174 2331 235 2391 ceri
249 2331 278 2390 in
294 2331 411 2392 exilium
422 2331 541 2410 pulsus,
558 2340 587 2393 ut
598 2328 707 2392 Galbae
721 2331 883 2410 principatu
898 2331 992 2407 rediit,
1004 2329 1176 2393 llarcellunr

173 2412 311 2494 Eprium,
326 2413 486 2476 delatorem
502 2415 660 2494 Thraseae,
676 2432 816 2476 accusare
838 2414 1014 2492 adgreditur.
1041 2433 1077 2477 ca
1092 2417 1176 2494 ultio,

151 2499 313 2559 uincertum
328 2499 420 2559 maior
434 2517 470 2558 an
485 2500 604 2576 iustior,
621 2507 750 2560 senatum
767 2499 795 2557 iu
811 2498 905 2560 studia
922 2499 1088 2560 diduxerat:
1106 2519 1175 2562 nam

174 2582 199 2640 si
211 2580 504 2658 caderetllarcellus,
517 2600 620 2661 agrncn
632 2601 749 2643 reorum
762 2581 953 2642 sternebatur.
974 2585 1066 2662 primo
1079 2583 1175 2645 minax

175 2673 322 2726 certamen
345 2674 374 2724 et
396 2667 527 2744 egregiis
552 2668 700 2746 utriusque
723 2666 899 2727 orationibus
933 2672 1069 2726 testatum
1106 2684 1174 2740 mox

174 2747 260 2808 dubia
285 2749 433 2810 voluntate
462 2749 587 2827 Galbae,
615 2751 710 2811 multis
741 2759 906 2810 senatorum
938 2749 1173 2830 deprecantibus,

175 2832 270 2892 omisit
286 2833 420 2911 Priscus,
437 2836 543 2910 variis,
558 2844 590 2895 ut
604 2843 669 2894 sunt
685 2835 828 2895 hominum
843 2835 976 2912 ingenia,
992 2835 1174 2897 sermonibus

143 2915 404 2977 somoderationern
420 2918 594 2980 laudantium
610 2928 658 2980 aut
674 2920 862 2980 constantiam
875 2919 1093 2998 requirentium.
1177 2935 1182 2952 ¹

258 2997 394 3062 (laterum
408 3019 444 3062 eo
457 3011 574 3064 senatus
588 3003 652 3081 die,
666 3021 725 3088 quo
735 3001 771 3062 de
783 3003 906 3082 imperio
918 3001 1091 3081 Vespasiani
1106 3021 1172 3063 een·

175 3083 291 3163 sebant,
303 3084 455 3164 placuerat
468 3087 540 3148 mitti
556 3087 590 3147 ad
607 3088 769 3166 principem
784 3086 912 3164 legatos.
936 3085 1003 3146 binc
1017 3087 1092 3147 inter
1104 3086 1173 3147 liel-

173 3167 279 3228 vidium
295 3177 324 3228 et
338 3167 459 3249 Eprium
481 3187 550 3231 acre
574 3172 710 3248 iurgium:
748 3169 865 3231 Priscus
886 3169 957 3248 eligi
973 3170 1139 3230 nominatim
1156 3189 1172 3232 a

173 3250 387 3328 magistratibus
401 3255 518 3330 iuratis,
534 3253 691 3315 Marcellus
704 3271 803 3314 urnam
816 3253 995 3333 postulabat,
1010 3268 1085 3332 quae
1101 3272 1169 3315 con·

141 3345 165 3385 ιι
176 3331 247 3392 sulis
261 3335 404 3411 designati
419 3339 561 3397 sententia
576 3338 681 3398 luerat.
1260 3407 1261 3420 χ

240 3417 268 3474 7.
291 3417 349 3476 Sed
361 3417 493 3479 lilarcclli
506 3420 626 3480 studium
637 3423 774 3500 proprius
786 3421 876 3482 rubor
886 3421 1046 3497 excitabat,
1059 3436 1095 3478 ue
1106 3417 1170 3478 aliis
1260 3421 1261 3470 l
