2510 3864
209 131 274 194 238
441 142 559 190 naorrr
581 141 983 192 ornn.nnoasron1nna

208 308 311 360 censet,
334 300 437 364 quinam
456 305 568 348 oratores
585 297 691 346 vocandi
707 297 757 347 sint
772 285 884 360 antiqui:
907 307 991 348 utrum
1012 297 1109 349 Ulixes
1128 295 1238 352 tautum

209 376 234 420 ei
248 369 340 420 Nestor
356 377 380 417 et
392 366 524 416 Menenius
535 367 664 432 Agrippa,
682 380 714 414 an
727 377 751 416 et
763 368 813 415 iam
829 365 1011 417 Demosthenes
1027 375 1052 416 et
1062 367 1238 432 Hyperides,

208 440 275 490 iuter
290 451 396 500 quorum
411 446 436 484 et
450 434 498 485 hoo
509 449 599 483 aevum
612 449 662 483 nou
681 435 854 500 multoplures
871 450 947 498 quam
963 434 1043 486 CCCC
1058 437 1129 484 anni
1148 437 1238 486 inter-1

208 509 274 569 siut,
296 512 339 554 ent
356 505 457 562 Cicero,
472 502 579 562 Caesar,
596 503 710 562 Caelius,
727 503 833 564 Calvus,
855 503 963 564 Brutus,
986 505 1100 554 Asinius
1118 513 1148 553 et
1165 505 1238 553 Mes«

209 577 282 637 salla,
298 575 340 638 qui
355 575 401 623 rix-
413 572 487 622 uniua
500 569 608 621 hominis
624 581 705 621 aetate
721 573 772 620 sint
783 573 892 637 priores.
924 571 965 624 18.
983 572 1083 622 ior-maa
1099 581 1192 622 autem
1209 585 1238 621 et

209 660 306 713 genera
324 642 425 692 dicendi
441 641 668 705 cumtemporibns
684 654 714 689 ac
730 641 876 690 diversitate
897 642 996 690 aurium
1012 643 1113 690 mutari
1128 651 1238 699 monet,

209 721 235 765 et
249 713 310 764 vitio
325 709 490 776 malignitatis
507 707 631 758 humanae
643 723 743 774 semper
756 708 853 758 laudari
869 717 963 770 vetera,
978 710 1133 775 praesentia
1154 709 1238 758 iasti-¹

209 782 268 832 diri.
306 779 347 832 19.
367 779 409 830 20.
427 777 543 828 Cassium
558 775 678 826 Severum
695 792 710 825 a
725 777 811 826 multis
824 777 893 827 reiut
905 778 1042 828 terminum
1058 778 1238 842 antiquitatis

209 849 328 901 constitui
343 847 503 916 primumque
519 846 622 896 ilexisse
637 847 668 894 ab
684 846 727 895 iila
740 852 824 894 vetere
841 856 918 910 atque
933 847 1029 896 directa
1046 847 1159 896 dicendi
1176 848 1238 903 via,

210 932 261 970 nou
277 916 422 970 inilrmitate
434 914 532 979 ingenii
543 929 590 963 neo
601 913 701 964 inscitia
712 915 854 974 literarum,
871 915 917 964 aed
929 915 1022 965 iudicio
1038 925 1063 964 et
1078 915 1238 978 intellectu.

209 988 270 1038 oiim
291 987 317 1034 iu
333 984 429 1034 honore
444 981 525 1034 luisse
541 983 619 1048 ionga
633 983 757 1048 principia
771 990 796 1032 et
812 984 982 1044 narrationes,
1000 983 1168 1033 divisionum
1192 985 1238 1038 ar&

210 1061 440 1122 gumentorunrque
460 1050 597 1100 multorum
614 1052 809 1101 ostentationem
828 1057 853 1099 et
871 1050 1026 1118 philosopha
1045 1051 1167 1102 orationi
1194 1053 1238 1100 in<

210 1133 292 1178 serta:
309 1121 417 1170 nuncab
428 1127 528 1170 oratore
538 1118 657 1168 laetitiam
670 1127 694 1168 et
709 1117 921 1185 pulchritudinem
937 1119 1061 1168 orationis
1077 1121 1238 1184 poeticum-t

210 1206 260 1256 qus
276 1191 393 1240 decorem
407 1188 485 1254 exigi.
522 1188 565 1238 21.
583 1189 625 1238 22.
645 1186 716 1238 calvi
734 1201 852 1251 quoqne,
867 1187 959 1247 Caelii,
976 1187 1115 1249 Caesaris,
1130 1189 1238 1248 Asinii}

210 1258 312 1312 corvini
326 1258 459 1324 ipsiusque
475 1255 604 1306 Ciceronis
624 1256 651 1304 in
668 1255 824 1306 orationibus
838 1255 916 1304 muita
933 1254 1096 1322 deprehendi
1113 1259 1227 1322 antiqui·

210 1328 269 1378 tatis
286 1328 361 1385 vitia,
385 1326 474 1376 sordes
497 1324 644 1384 verborum,
665 1323 777 1374 hiantem
797 1323 1005 1390 compositionem
1025 1333 1053 1373 et
1069 1340 1174 1376 sensus
1191 1329 1226 1376 iu·

209 1397 337 1456 conditos,
355 1410 418 1458 quae
435 1407 518 1444 tamen
531 1393 587 1443 sola
602 1393 724 1443 mirentur
738 1393 852 1458 perversi
868 1393 1014 1448 imitatores.
1053 1392 1101 1446 23.
1120 1395 1221 1460 iniquos
1237 1380 1238 1410 ¹

210 1467 290 1532 igitur
303 1464 400 1514 iudices
415 1478 480 1521 esee,
497 1463 540 1524 qui
552 1462 654 1526 antiqua
669 1469 766 1512 tantum
782 1461 888 1511 silerent
903 1461 1021 1510 laudibus
1036 1461 1219 1526 rhetorumque
1237 1467 1238 1520 t

210 1534 380 1586 recentiorum
391 1531 586 1583 commentarios
596 1529 736 1584 fastidient.
751 1539 878 1596 postremo
892 1529 1024 1598 Messallae
1038 1539 1064 1580 et
1072 1531 1188 1583 Materni
1196 1542 1214 1578 et
1237 1525 1238 1588 i

210 1601 321 1654 Swuudi
345 1601 449 1651 nnuma
467 1599 597 1666 praedicat
618 1614 713 1664 eoaque
732 1599 766 1649 ad
783 1599 961 1650 illustrandum
986 1595 1126 1650 saeculism
1151 1613 1205 1652 nnn

183 1667 186 1672 ’
211 1670 379 1738 pulcherrimo
399 1667 500 1719 dicendi
516 1684 611 1734 genere
631 1667 790 1729 exhortatur,
812 1683 869 1717 cnm
884 1668 968 1717 videat
991 1681 1050 1729 eos,
1075 1684 1149 1732 quae
1165 1681 1205 1718 serr

210 1741 243 1790 sit
258 1738 417 1802 eloquentiae
432 1753 490 1797 ars,
508 1737 647 1788 laetissima
662 1751 777 1802 quaeque
792 1738 953 1801 antiquorum
971 1736 1067 1786 imitari
1086 1753 1120 1787 ac
1136 1738 1211 1804 gran·

210 1809 254 1857 tati
270 1820 392 1856 sensuum
407 1807 515 1856 nitorem
529 1805 673 1869 cultumque
691 1806 825 1855 verborum
838 1805 953 1855 miscere.

278 1891 321 1938 24.
340 1888 403 1938 Tum
419 1887 548 1938 Maternus
563 1889 681 1940 admonet
693 1888 837 1940 Messallam
853 1897 880 1938 nt
891 1889 970 1940 missa
981 1890 1144 1952 antiquorum
1162 1891 1217 1939 inu·

210 1959 327 2018 datione,
343 1957 387 2020 qni
401 1972 432 2006 ea
448 1970 499 2006 uon
511 1957 655 2024 indigeant,
672 1971 768 2006 memor
781 1958 867 2022 potins
882 1958 1002 2023 promissi
1017 1972 1108 2006 causas
1123 1972 1217 2024 expro-
1237 1963 1238 1968 ’

210 2033 275 2086 met,
297 2041 342 2075 cnr
363 2028 503 2076 intantum
524 2026 556 2076 ab
578 2027 720 2090 eloquentia
735 2039 823 2075 eorum
842 2027 975 2076 recesserit
996 2034 1067 2076 aetas
1081 2028 1216 2077 recentior.
1237 2029 1238 2056 ³

209 2097 253 2148 25.
271 2095 312 2144 hic
327 2096 436 2160 primum
453 2095 540 2155 docet,
561 2097 664 2159 quinam
679 2095 775 2159 antiqui
789 2096 841 2145 siut
855 2094 1016 2160 appellandi}
1036 2093 1125 2159 plnres
1140 2097 1214 2144 etiam

210 2164 311 2216 dicendi
326 2163 421 2212 formas
435 2163 523 2212 isdem
533 2164 641 2214 saeculis
655 2163 735 2213 inisse
750 2171 775 2212 et
793 2162 938 2229 singulares
951 2163 1036 2224 Calvi,
1053 2162 1137 2213 Asinii
1151 2165 1212 2213 aiic-

211 2248 317 2298 rumque
330 2232 451 2282 virtmes:
467 2232 536 2294 quod
553 2247 611 2282 vero
627 2231 777 2282 seinvicem
794 2233 996 2292 obtrectaveriut,
1013 2245 1065 2282 non
1083 2246 1140 2282 esse
1156 2247 1210 2282 ura·

210 2313 293 2354 torum
307 2300 409 2362 vitium,
427 2301 473 2351 sed
487 2300 630 2350 hominum:
660 2300 702 2350 26.
719 2301 869 2366 gravitatem
884 2301 993 2364 denique
1009 2309 1033 2350 et
1048 2299 1142 2351 cultum
1157 2316 1209 2351 ors·
1237 2314 1238 2372 ζ

211 2371 302 2420 toriurn
317 2370 488 2434 impetumque
510 2378 623 2419 veterum
639 2369 715 2435 longe
730 2368 927 2435 praeterendum
949 2383 1006 2420 esse
1026 2369 1160 2420 verborum
1176 2371 1206 2416 is·
1237 2373 1238 2428 t

211 2439 318 2500 ednas,
332 2437 429 2487 levitati
442 2438 624 2488 sententiarum
637 2445 660 2488 et
669 2437 860 2504 compositionis
872 2437 1000 2499 licentiae,
1017 2438 1044 2486 iu
1061 2438 1150 2502 quibus
1164 2437 1202 2486 sibi

211 2507 327 2572 placeant
345 2507 506 2556 recentiores.

279 2588 391 2638 27-29.
408 2588 521 2638 Materno
537 2590 626 2638 iterum
642 2597 748 2655 rogante
764 2588 883 2640 Messalla
893 2589 983 2638 transit
998 2587 1030 2636 ad
1048 2588 1200 2654 explicandas
1237 2579 1238 2650 i

211 2671 302 2708 causas
317 2665 450 2722 corruptae
468 2657 640 2720 eloquentiae,
658 2658 754 2723 primas
772 2672 833 2708 vero
851 2666 875 2707 et
891 2658 1042 2722 praecipuas
1059 2664 1131 2722 putat
1144 2657 1189 2706 desi
1237 2655 1238 2716 i

36 2714 38 2717 ¹
134 2787 136 2793 Ι
211 2726 278 2777 Mam
294 2725 431 2774 iuventutis
448 2731 472 2773 et
488 2725 676 2791 neglegentiam
690 2735 824 2794 parentatu
840 2735 865 2775 et
881 2725 1041 2774 inscientiam
1056 2726 1238 2791 praecipient

211 2796 273 2844 tium
291 2803 315 2843 et
336 2793 414 2843 moria
431 2795 529 2859 antiqui
545 2793 706 2844 oblivionem.
736 2795 829 2845 liberos
850 2795 918 2843 enim
934 2808 985 2844 uon
1001 2795 1051 2843 iam
1070 2794 1164 2844 educari
1179 2793 1199 2840 io

210 2862 308 2929 gremIo
320 2876 349 2911 ac
363 2862 421 2910 sinu
437 2871 521 2912 caetae
537 2861 623 2911 matris
639 2869 683 2911 ant
698 2877 712 2911 a
727 2864 870 2928 propinqua
883 2863 978 2911 maiore
991 2871 1060 2920 natu,
1077 2863 1121 2913 sed
1133 2861 1199 2912 Grae·

211 2931 282 2981 aulae
298 2929 403 2979 anciliae
419 2929 533 2996 delegari
548 2937 573 2979 et
589 2931 683 2992 servis,
704 2945 719 2978 a
735 2931 826 2994 quibua
842 2931 922 2980 teneri
937 2945 1025 2980 eorum
1045 2931 1119 2980 animi
1135 2931 1198 2980 iabu-

211 3001 256 3062 iis,
272 2997 400 3050 erroribus
415 2998 534 3062 vitiisque
545 2999 698 3049 imbuantur.
725 2998 838 3050 30-33.
855 2999 993 3049 eorundem
1005 3001 1132 3064 ingenium
1147 3013 1199 3057 nou,

212 3077 239 3119 nt
255 3067 398 3132 quondam,
419 3082 509 3118 severa
524 3068 660 3134 disciplina
674 3076 698 3118 et
716 3067 813 3118 infinito
829 3069 916 3118 labore
930 3075 956 3117 et
971 3068 1114 3131 quotidiana
1127 3067 1198 3116 medi-

211 3137 305 3188 tatione
324 3145 349 3186 et
369 3136 481 3187 inomni
501 3151 595 3202 genere
613 3136 755 3188 studiorum
771 3135 993 3186 erereitationibua
1014 3135 1115 3186 formari
1131 3145 1198 3198 atque
1237 3117 1238 3176 l

210 3205 310 3271 subigi,
326 3205 372 3254 aed
393 3207 419 3256 in
440 3206 549 3272 pueritia
564 3212 589 3254 et
610 3206 740 3254 iuventute
759 3203 821 3255 uiitii
836 3204 914 3267 disci,
938 3205 1006 3268 qnod
1020 3218 1094 3254 nsum
1107 3203 1187 3254 haheat
1237 3203 1238 3266 Ῐ

210 3271 270 3321 hinc
288 3273 418 3337 enhqnarn
440 3274 609 3337 eloquentiam
629 3289 662 3323 ex
682 3274 796 3324 omnium
815 3288 900 3324 rerum
921 3273 1026 3324 scienda
1046 3273 1192 3339 pluribusque
1237 3279 1238 3334 q

211 3340 308 3390 artibus
321 3343 465 3392 arnume
481 3350 506 3392 et
521 3350 645 3392 oratorem
659 3343 773 3408 potuisse
785 3343 817 3392 de
827 3343 896 3392 omni
908 3343 1056 3407 quaestione
1071 3340 1163 3407 pulchre
1173 3349 1192 3386 ct
1237 3337 1238 3414 i

210 3416 298 3456 ornate
314 3417 338 3458 et
353 3411 421 3459 varie
438 3410 509 3459 etad
525 3411 729 3474 persuadendum
745 3418 803 3477 apte
819 3412 917 3471 dicem
931 3410 1021 3462 horum
1036 3423 1093 3459 vero
1108 3418 1188 3473 ternpo-
1237 3429 1238 3450 t
