2596 3872
399 159 503 207 ursas
524 146 582 208 xv.
605 160 681 209 ean.
703 159 836 214 tt-ts.
1061 152 1121 215 tot

112 320 191 385 solis
205 336 319 399 vapore
335 324 606 396 perrumperentur:
627 307 663 376 at'
670 333 746 378 nnnc
764 316 889 398 patulam
902 305 1079 380 latitudinem
1094 328 1125 380 et

113 405 196 468 nulla
214 403 314 464 umbra
328 399 478 461 defensam
493 401 631 478 graviore
644 408 727 461 aestu
747 402 914 465 ardescere.

177 488 234 550 44.
266 485 306 548 itt
330 485 406 545 haec
432 483 547 562 quidem
572 484 702 546 humanis
730 486 859 547 consiliis
886 487 1122 566 providebantur.

114 591 187 635 mox
206 571 298 651 petita
334 569 384 650 dis
426 567 541 648 piacula
560 568 687 648 aditique
707 570 837 632 Sibullae
853 571 937 649 libri,
961 572 1122 652 exquibus

116 655 313 737 supplicatum
328 652 463 714 Volcano
481 661 510 713 et
522 651 626 713 Cereri
637 653 901 734 Proserpinaeque,
916 659 1122 737 repropitiata

112 743 186 804 luno
213 757 268 820 per
288 745 450 813 matronas,
473 737 593 817 primum
607 739 636 796 in
650 736 815 817 capitolio,
837 739 941 814 deinde
957 739 1032 819 apud
1054 758 1120 818 pro·

113 828 223 888 ximum
237 840 333 898 mare,
354 819 430 882 unde
443 820 545 881 hausta
560 839 635 900 aqna
649 823 786 901 templum
803 832 832 883 et
847 823 1028 884 simulacrum
1045 823 1144 892 deser

114 925 305 990 perspersum
322 914 381 975 est;
403 914 433 965 et
447 905 622 981 sellisternia
643 924 679 966 ac
693 907 848 986 pervigilia
864 904 1055 969 celebravere
1077 907 1120 968 ie·

93 993 210 1056 'minae
226 991 330 1072 quibus
345 991 437 1051 mariti
454 999 545 1051 erant.
575 989 627 1050 sed
645 1007 704 1051 non
722 1008 779 1071 ope
794 991 931 1069 humana,
955 1008 1012 1053 non
1032 991 1121 1068 largi·

113 1076 243 1141 tionibus
266 1074 406 1157 principis
427 1081 476 1135 aut
498 1072 582 1135 deum
601 1074 790 1155 placamentis
810 1075 972 1138 decedebat
992 1076 1120 1152 infamia,
1205 1145 1212 1156 ,

114 1165 184 1243 quin
208 1164 316 1221 iussum
339 1157 502 1220 incendium
527 1158 704 1220 crederetur.
746 1178 820 1238 ergo
843 1158 989 1222 abolendo
1012 1159 1120 1220 rumori

112 1245 194 1308 Nero
210 1242 337 1306 subdidit
354 1239 423 1304 r'eos
438 1249 468 1303 et
482 1243 701 1323 quaesitissimis
720 1247 823 1325 poenis
839 1243 956 1322 adiecit,
976 1261 1050 1325 quos
1065 1261 1154 1323 perte

115 1331 226 1408 llagitia
248 1328 359 1389 inrisos
380 1327 487 1405 vulgus
502 1324 684 1389 Christianos
706 1328 882 1410 appellabat.
911 1338 1014 1391 auctor
1028 1329 1119 1391 nomi·

117 1415 162 1474 nis
178 1417 239 1474 eius
250 1410 386 1473 'christus
402 1410 520 1472 Tiberio
540 1412 724 1492 imperitante
741 1430 795 1493 per
810 1423 1030 1493 procuratorem
1045 1413 1119 1474 Pon·

115 1499 185 1559 tium
196 1497 317 1559 Pilatum
328 1495 474 1575 supplicio
487 1495 619 1557 adiectus
630 1506 707 1568 erat;
726 1515 924 1576 repressaque
936 1500 964 1558 in
977 1513 1119 1577 praesens

113 1581 272 1644 exitiabilis
291 1581 458 1662 superstitio
481 1598 594 1642 rursum
614 1579 795 1661 erumpebat,
818 1600 876 1642 non
897 1581 982 1642 modo
1004 1599 1059 1662 per
1073 1579 1119 1640 ln·

114 1667 236 1744 daeam,
247 1665 390 1743 originem
405 1665 467 1725 eius
481 1664 557 1742 mali,
574 1665 627 1726 sed
646 1683 700 1746 per
717 1665 816 1726 urbem
831 1667 926 1746 etiam,
945 1681 1003 1746 qno
1015 1673 1154 1727 cunctare

114 1750 241 1829 undique
257 1750 367 1811 atrocia
383 1757 431 1810 aut
445 1747 578 1830 pudenda
595 1750 741 1810 conluunt
756 1749 1007 1830 celebranturque.
1032 1749 1120 1827 igitur

115 1836 236 1916 primum
254 1832 384 1911 correpti
401 1833 451 1912 qui
464 1833 645 1909 fatebantur,
655 1909 659 1914 1
669 1833 773 1895 deinde
788 1833 895 1894 indicio
913 1851 1012 1894 eorum
1026 1832 1119 1893 multi·

114 1919 184 1979 tudo
204 1919 309 1995 ingens
328 1915 403 1976 haud
419 1915 539 1995 perinde
560 1919 723 1979 incrimine
743 1918 869 1978 incendii
885 1936 968 1997 quam
984 1917 1051 1977 odio
1068 1918 1119 1976 hn-

7 1999 8 2016 ¹
115 2001 190 2063 manl
211 2001 330 2079 generis
353 1999 480 2061 convicti
500 2008 573 2061 sunt.
606 2009 635 2062 et
659 2001 845 2081 pereuntibus
867 2000 961 2062 addita
983 2001 1118 2076 ludibria,

117 2092 150 2144 ut
173 2084 298 2147 ierarum
323 2086 416 2161 tergis
443 2085 570 2144 contecti
594 2085 701 2145 laniatu
723 2103 823 2144 canum
846 2085 1015 2159 interirent,
1038 2083 1120 2144 multi
1134 2101 1160 2142 ac

116 2168 252 2230 crucibus
269 2167 355 2230 adlixi
371 2175 420 2228 aut
435 2165 546 2230 damma
563 2168 637 2244 usti,
658 2167 784 2246 aliique,
802 2168 850 2228 nbi
867 2165 1027 2227 deiecisset
1041 2166 1117 2245 dies,

116 2256 147 2312 in
158 2271 240 2313 usum
252 2251 385 2314 nocturni
398 2251 513 2312 luminis
523 2261 688 2314 urerentur.
710 2252 814 2312 hortos
825 2268 895 2312 snos
907 2251 935 2311 ei
948 2251 1117 2330 spectaculo

114 2337 197 2401 llero
212 2337 361 2399 obtulerat
376 2345 406 2398 et
422 2338 555 2398 circense
575 2336 715 2398 ludicrum
730 2335 852 2414 edehat,
877 2335 976 2398 habitu
1001 2334 1122 2413 aurigae

116 2422 277 2504 permixtus
293 2420 374 2501 plebi
388 2421 437 2483 vel
453 2420 597 2482 curriculo
613 2420 759 2482 insistens.
793 2419 869 2480 unde
885 2436 1056 2500 quemqnam
1072 2418 1121 2480 ad·

114 2523 220 2568 versus
243 2515 345 2567 sontes
367 2514 398 2568 et
417 2506 574 2567 norissima
594 2502 729 2585 exempla
743 2506 862 2565 meritos
881 2505 1028 2565 miseratio
1045 2503 1157 2564 orie-ae

114 2591 215 2668 batur,
239 2599 382 2668 tamquam
403 2607 463 2652 non
483 2588 605 2650 utilitate
619 2587 735 2668 publica
750 2586 803 2648 sed
818 2588 846 2647 in
868 2588 1017 2651 saevitiam
1038 2589 1147 2661 nnius-

113 2674 345 2738 ahsumerentur.
871 2743 873 2748 ,

179 2760 231 2821 45.
253 2757 369 2820 lnterea
387 2757 573 2820 conferendis
592 2758 723 2839 pecuniis
738 2767 906 2839 pervastata
928 2757 1029 2834 ltalia,
1052 2759 1128 2836 pro-'

115 2843 231 2904 vinciae
259 2860 382 2904 eversae
409 2842 543 2921 sociique
570 2842 672 2922 populi
694 2850 724 2904 et
745 2860 820 2923 quae
842 2842 993 2905 civitatum·
1008 2842 1120 2903 liberae

114 2935 268 2988 vocantur.
299 2927 387 3005 inque
403 2945 467 2988 eam
481 2924 620 3006 praedam
638 2927 722 2988 etiam
741 2925 922 3006 dicessere,
942 2926 1076 3007 spoliatis
1091 2928 1121 2986 in

115 3011 188 3074 urbe
212 3011 329 3090 templis
350 3019 514 3090 egestoque
535 3027 623 3087 auro,
647 3009 726 3090 qnod
745 3010 912 3090 triumphis,
940 3009 1018 3091 quod
1043 3012 1119 3070 votis

116 3096 209 3158 omnis
226 3094 328 3175 populi
341 3093 463 3156 Romani
480 3104 561 3155 aetas
578 3110 723 3173 prospere
739 3105 786 3156 aut
804 3097 833 3156 in
848 3102 925 3156 metu
939 3102 1144 3158 sacraveratr

114 3181 266 3241 enimvero
287 3196 343 3257 per
362 3177 461 3241 Asiam
484 3186 570 3258 atque
592 3175 731 3241 Achaiam
757 3197 816 3241 non
839 3179 914 3242 dona
940 3187 1045 3241 tantum
1068 3177 1120 3238 sed

116 3263 269 3326 simulacra
291 3263 435 3323 numinum
456 3260 689 3342 abripiebantur,
713 3264 809 3324 missis
828 3266 856 3325 in
879 3281 930 3323 eas
953 3263 1119 3341 provincias

116 3345 227 3409 Acrato
239 3365 275 3409 ac
290 3347 427 3408 Secundo
447 3343 591 3408 (larinate.
620 3346 670 3407 ille
683 3348 805 3408 libertus
824 3347 994 3424 cuicumque
1009 3345 1119 3421 flagitio

116 3439 283 3512 promptus,
306 3430 352 3492 hic
368 3429 480 3493 Graeca
504 3427 638 3491 doctrina
657 3448 709 3491 ore
723 3440 809 3492 tenus
830 3429 976 3490 exercitus
997 3431 1122 3489 animum
