2536 3870
170 183 227 242 142
394 137 559 241 connssun
574 194 691 242 rnorrr
708 195 948 242 ursroarnnuu

167 369 220 411 nes
234 351 366 410 dominos
379 351 509 428 cepisse;
526 351 617 428 prima
633 349 697 408 anie
712 349 805 408 iusum
820 349 985 428 victumque
1000 350 1171 410 Romanum.

168 432 260 514 quid?
292 435 317 494 si
335 433 446 494 Galliae
464 434 561 511 iugum
577 441 700 508 exuant,
716 435 893 511 quantumin
908 433 991 494 ltalia
1007 431 1172 511 reliquum?

168 520 381 600 provinciarum
402 519 543 596 sauguine
563 517 729 594 provincias
751 518 837 576 uinci.
872 535 908 577 ne
925 516 1055 578 Vindicis
1077 517 1173 577 aciem

133 603 348 680 recogitarent:
378 601 486 662 Batavo
502 603 599 681 equite
621 601 759 679 protritos
782 600 920 661 Haeduos
944 601 1173 679 Arvernosqnc;

168 687 257 746 inisse
278 689 354 746 inter
377 685 509 763 Verginii
537 685 644 745 auxilia
670 684 796 762 Belgas,
818 703 949 764 vereque
971 684 1174 764 reputantibus

168 770 276 832 Gallias
291 772 410 830 suismet
420 768 530 828 uiribus
546 768 720 830 concidisse.
744 786 820 828 nuno
836 769 954 829 easdem
968 769 1091 828 omnium
1103 787 1172 849 par·
1251 799 1256 840 ·,

167 865 228 930 tes,
255 854 369 930 addito,
386 856 409 912 si
427 853 509 936 quid
509 852 639 912 militaris
665 852 866 931 disciplinae
857 871 886 912 ιιι
907 855 1009 913 castris
1025 853 1173 913 llomano-

166 957 228 998 rum
242 939 383 1016 viguerit:
405 955 473 997 esse
491 954 589 996 secum
609 945 762 997 veteranas
779 937 933 1012 coh·,ortes
958 934 1061 1014 quibus
1076 954 1174 1014 nuper

131 1021 290 1082 2⁰0thonis
312 1022 446 1098 legiones
466 1019 686 1120 procubuerint.
719 1023 869 1081 servirent
883 1021 965 1080 Suria
988 1021 1117 1099 Asiaque
1143 1030 1174 1080 et

168 1114 266 1165 suetus
289 1104 407 1182 regibus
429 1105 541 1164 oricus:
571 1104 676 1164 multos
702 1103 823 1165 adhuc
815 1124 842 1164 ιιι
864 1105 964 1165 Galliis
981 1107 1081 1164 rivere
1103 1113 1175 1165 ante
1252 1093 1256 1150 ⁴·

168 1188 272 1248 tributa
289 1190 413 1266 genitos.
438 1189 555 1268 {nuper}
566 1197 647 1248 certe
666 1207 755 1250 caeso
772 1188 910 1264 Quintilio
927 1190 1007 1248 Varo
1024 1188 1139 1267 pulsam
1156 1207 1173 1248 e
1255 1203 1256 1242 3

168 1273 320 1333 Germania
335 1273 516 1349 servitutem,
534 1290 591 1332 neo
602 1273 751 1334 Vitellium
768 1273 927 1354 principem
943 1272 996 1332 sed
1012 1270 1188 1334 Gaesarem.¹

167 1358 327 1435 Augustum
346 1356 426 1417 bello
451 1366 651 1435 provocatum.
687 1358 849 1419 libertatem
869 1366 969 1417 natura
986 1357 1071 1416 etiam
1086 1359 1170 1416 mutis

132 1441 335 1502 carlmannus
351 1441 459 1516 datam,
483 1441 615 1500 virtutem
630 1443 779 1520 proprium
800 1440 942 1501 hominum
960 1440 1080 1509 bonum;
1098 1441 1172 1501 deos

167 1525 335 1586 fortioribus
350 1525 470 1586 adesse:
508 1525 630 1604 proinde
648 1527 813 1604 arriperent
833 1527 918 1584 vacui
936 1533 1114 1603 occupatos,
1130 1527 1172 1584 in·

167 1611 243 1686 tegri
263 1609 370 1669 iessos.
403 1608 468 1668 dum
490 1608 537 1668 alii
560 1609 772 1687 Vespasianum
794 1608 842 1668 alii
863 1606 1011 1708 Vitellium
1038 1609 1173 1684 foveant,

167 1701 269 1772 patere
283 1692 378 1752 locum
392 1691 533 1752 adversus
548 1701 709 1770 utrumque.
1255 1691 1256 1698 ’

233 1776 280 1836 18.
301 1775 351 1832 Sic
371 1775 399 1832 in
421 1774 530 1835 Gallias
558 1775 784 1854 Germaniasque
807 1776 948 1852 inienuus,
967 1775 1004 1852 si
1025 1775 1173 1836 destinata

169 1857 387 1938 provenissent,
398 1856 636 1918 validissimarum
648 1859 908 1938 ditissimarumque
916 1860 1062 1920 nationum
1074 1876 1173 1936 regno

168 1940 340 2002 imminebat.
383 1953 410 2001 at
433 1941 557 2002 Flaccus
577 1942 762 2003 Hordeonius
790 1944 900 2021 primos
922 1941 1023 2004 Civilis
1049 1951 1172 2002 conatus

167 2045 220 2105 per
235 2025 489 2086 dissimulationem
505 2025 589 2087 aluit:
617 2026 666 2086 ubi
681 2036 846 2106 expugnata
862 2037 972 2104 castra,
990 2027 1103 2087 deletas
1120 2045 1172 2086 co·

144 2112 281 2187 chortes,
302 2109 414 2188 pulsum
437 2109 609 2171 Batavorum
638 2110 730 2171 insula
752 2111 911 2171 homanum
931 2129 1038 2171 nomen
1062 2112 1172 2190 trepidi

168 2197 255 2255 nuntii
270 2193 455 2271 adferebant,
472 2194 595 2254 bluuium
610 2195 770 2274 lupercum
786 2195 912 2272 legatum
933 2197 975 2275 (is
996 2195 1113 2255 duarum
1126 2193 1172 2256 le·

167 2281 284 2356 gionum
301 2277 429 2338 hibernis
446 2279 597 2357 praeerat)
611 2279 712 2357 egredi
725 2278 864 2340 adversus
876 2279 990 2340 hostem
1005 2279 1093 2339 iubet.
1114 2277 1172 2338 Ln-

168 2379 274 2442 percus
290 2361 468 2440 legionarios
483 2381 499 2423 c
512 2362 726 2443 praesentibus,
746 2361 839 2424 Ubios
855 2382 872 2422 e
889 2365 1046 2441 proximis,
1059 2361 1172 2423 Treve-

166 2464 264 2506 rorum
282 2447 395 2524 equites
416 2445 491 2508 haud
510 2447 600 2526 longe
620 2448 734 2525 agentis
757 2449 860 2526 raptim
876 2449 1048 2523 transmisit,
1072 2445 1171 2508 addita

134 2530 337 2591 roliatarorum
359 2531 418 2608 ala,
441 2549 515 2610 quae
535 2531 718 2610 iampridem
740 2541 875 2612 corrupta
898 2532 982 2592 iidem
1004 2531 1171 2604 simulabat,

98 2653 104 2663 ·
166 2624 196 2675 ut
210 2615 331 2692 proditis
345 2614 373 2674 in
387 2617 451 2694 ipsa
465 2618 530 2675 acie
544 2616 682 2677 Romanis
695 2617 805 2676 maiore
823 2618 916 2694 pretio
933 2616 1059 2693 lugeret.
1091 2614 1171 2676 Civi-
1253 2635 1254 2662 ι

166 2699 202 2758 lis
217 2706 363 2776 captarum
381 2697 540 2760 cohortium
561 2701 653 2778 signis
675 2699 881 2775 circumdatus,
901 2709 932 2760 ut
953 2717 1007 2762 suo
1023 2698 1105 2760 militi
1121 2719 1171 2759 re-

167 2800 237 2842 cens
248 2781 342 2859 gloria
356 2791 423 2842 ante
436 2783 550 2862 ocrrlos,
565 2793 594 2844 et
606 2782 706 2844 hostes
718 2785 856 2843 memoria
872 2783 963 2844 eladis
977 2793 1170 2859 terrerentur,

165 2875 284 2926 matrem
300 2883 379 2926 auam
395 2883 590 2945 sororesque,
607 2867 688 2928 simul
706 2869 828 2927 omnium
843 2871 984 2945 coniuges
999 2885 1170 2947 parvosque
1252 2899 1253 2902 ι

133 2966 155 3006 ιι
165 2949 276 3011 liberos
298 2951 460 3012 consistere
485 2969 502 3011 a
527 2961 613 3030 tergo
635 2951 727 3029 iubet,
753 2950 932 3011 hortamenta
954 2953 1097 3012 victoriae
1119 2953 1169 3010 vel
1252 3013 1253 3022 ,

167 3033 258 3113 pulsis
272 3035 422 3114 pudorem.
446 3043 476 3095 ut
495 3038 621 3096 virorum
637 3044 738 3113 cantu,
759 3035 925 3096 feminarum
942 3035 1051 3096 ululatu
1071 3037 1171 3095 sonuit

166 3117 245 3178 acies
253 3137 462 3198 ,nequaqnam
485 3138 538 3222 per
558 3138 573 3180 a
596 3120 763 3196 legionibus
784 3118 1014 3198 cohortibusque
1037 3119 1169 3180 redditur

166 3201 284 3261 clamor.
303 3203 460 3265 nudaverat
469 3205 612 3264 shusnum
626 3221 715 3265 cornu
727 3203 899 3265 Batavorum
911 3203 956 3264 ala
969 3204 1170 3280 transfugiens

166 3287 346 3364 statimque
338 3307 365 3348 rn
388 3305 440 3348 nos
462 3307 558 3348 versa
593 3287 646 3348 sed
673 3288 851 3368 legionarius
871 3288 955 3348 miles
964 3304 1167 3367 ,quamquam

132 3367 404 3449 rorcbustrepidis‚
426 3391 503 3432 arma
524 3372 699 3450 ordinesque
716 3372 867 3435 retinebat.
899 3371 1038 3434 Ubiorum
1054 3371 1166 3432 Trere-
1251 3409 1252 3412 κ

166 3465 320 3528 rarumque
342 3455 464 3546 auxilia,
485 3455 573 3572 foeda
594 3458 662 3532 iuga
685 3458 834 3534 dispersa,
857 3454 1163 3536 totisoampispalan
1251 3493 1252 3537 p
