2536 3870
189 136 250 198 156
394 149 561 200 connects
576 149 695 198 nsosru
709 148 950 200 nnsnomsennt

157 337 172 378 5
186 315 215 366 et
230 314 373 384 tamquam
387 314 516 382 rogarat.
544 313 642 385 patres
656 314 819 383 coeptatam
832 304 1012 380 libertatem,
1031 316 1188 386 postquam

185 388 298 450 obviam
314 391 390 467 itum,
406 391 543 450 omisere.
572 388 730 466 blnclanus,
745 406 782 449 ne
797 391 896 468 sperni
912 399 1028 450 sanatus
1049 390 1190 452 iudicium

184 483 213 534 et
239 476 349 534 cunctis
377 474 429 532 sub
455 473 576 534 Nerone
601 472 733 532 admissis
760 471 825 532 data
849 473 1190 554 superscandentes,

183 557 332 617 Octavium
354 559 492 634 Sagittam
515 566 544 616 et
559 555 711 616 Antistium
732 558 883 616 Sosianum
907 558 1047 618 senatorii
1072 558 1189 621 ordinis

182 658 322 719 egressos
342 642 459 701 axilium
482 641 510 698 in
536 639 652 700 easdem
668 639 778 700 insulas
792 639 919 717 redegit.
952 639 1090 702 Octauius
1108 641 1189 702 Pon·

146 725 248 788 notiam
263 723 447 800 Postumiam,
464 733 565 803 stupro
582 726 727 802 cognitam
742 732 772 783 et
786 725 899 802 nuptias
915 741 983 786 suas
996 723 1189 804 abnuentem,

181 809 316 888 inpotens
330 810 436 870 amoris
451 807 652 877 interiecerat;
670 808 810 867 Sosianum
825 809 967 886 pravitate
981 823 1093 874 moram
1112 811 1187 876 mul·

180 893 216 951 tis
234 893 384 952 exitiosus.
414 891 499 951 ambo
516 893 599 968 gravi
617 900 733 951 senatus
752 891 885 951 consalta
898 890 1022 952 dumeti
1035 892 1186 972 pulsique,

179 978 309 1054 quamvis
328 993 472 1036 concesso
494 975 559 1034 aliis
574 974 678 1050 reditu,
700 976 728 1034 in
744 974 846 1034 eadem
863 992 960 1053 poena
978 977 1084 1036 retenti
1106 987 1184 1036 sunt.

177 1077 233 1118 neo
250 1059 317 1118 ideo
337 1058 425 1119 lenita
445 1076 517 1134 erga
532 1057 694 1119 bincianum
711 1058 831 1119 insidia:
852 1060 962 1136 quippe
981 1057 1124 1120 Sosianus
1148 1080 1185 1120 aa

143 1168 168 1208 η
179 1143 291 1219 Sagitta
309 1141 397 1218 siles,
414 1144 498 1202 etiam
516 1143 541 1200 si
557 1150 788 1202 reverterentur:
805 1150 1007 1202 accusatorum
1018 1143 1138 1220 ingenia
1155 1153 1185 1204 et

177 1243 252 1304 opes
267 1234 297 1285 et
312 1226 441 1285 exercita
456 1225 540 1285 malis
559 1225 668 1286 artibus
684 1227 814 1304 potentia
829 1225 1010 1286 timebantur.

238 1309 289 1370 45.
310 1308 524 1371 Reconciliavit
539 1308 686 1389 paulisper
697 1309 789 1370 studia
805 1318 918 1386 patrum
931 1307 1026 1370 habita
1042 1310 1176 1372 insecatu

177 1393 306 1470 cognitio
322 1392 479 1454 secundnm
496 1402 627 1454 veterem
641 1410 760 1453 morem.
790 1391 912 1454 blanllns
934 1391 1078 1455 Patruitus
1095 1411 1179 1456 sena·

174 1485 222 1537 tor
236 1476 378 1555 pulsatum
390 1495 424 1536 sc
437 1478 466 1536 in
479 1476 594 1538 colonia
601 1477 735 1536 Seniensi
751 1487 838 1537 coetu
852 1474 1037 1536 multitudinis
1056 1485 1088 1536 et
1101 1479 1181 1538 iussn

174 1562 389 1638 magistratuum
411 1560 603 1638 querebatur;
635 1577 692 1621 neo
711 1560 797 1620 inem
825 1561 945 1620 iniuriae
970 1557 1019 1619 bic
1041 1564 1179 1622 stetisse:
1250 1595 1251 1612 ι

148 1642 318 1721 aplanotnm
334 1653 363 1703 at
377 1644 500 1703 lamenta
516 1653 545 1704 et
559 1659 759 1722 supremorum
776 1645 930 1720 imaginem
952 1644 1102 1721 praesenti
1123 1642 1181 1704 sibi

174 1726 346 1786 circumdata
364 1743 428 1786 oum
445 1727 626 1786 contumeliis
639 1745 676 1786 ac
692 1725 819 1806 probris,
835 1745 909 1804 quaa
923 1726 952 1786 in
967 1736 1098 1788 senatum
1118 1730 1180 1788 uni-

172 1825 289 1868 versnm
304 1810 480 1874 iacerentur.
509 1812 605 1871 vocati
620 1812 669 1890 qui
684 1809 889 1886 arguebantur,
906 1818 936 1870 ct
954 1811 1072 1885 cognita
1089 1829 1179 1872 causa

172 1893 200 1950 in
218 1894 370 1952 convictos
383 1892 574 1970 uindicatum,
593 1894 774 1971 additumque
796 1903 912 1954 senatus
933 1893 1096 1956 consultum
1118 1913 1178 1972 quo

172 1975 353 2035 Seniensium
381 1975 486 2056 plebes
512 1977 674 2037 modestiae
701 1977 912 2038 admoneretur.
954 1975 1046 2036 isdem
1073 1977 1177 2038 diebus

137 2071 163 2111 so
174 2057 316 2119 Antonius
330 2058 457 2121 Flamma
478 2059 700 2123 comantibus
714 2058 929 2135 Cyrenensibus
942 2058 1091 2123 damnatur
1106 2062 1176 2138 lege

170 2143 423 2221 repentundarnm‚
440 2153 470 2204 et
485 2144 574 2204 exilio
590 2144 628 2204 ob
643 2145 800 2204 saevitiam.

233 2227 283 2287 46.
305 2226 385 2287 Inter
399 2245 474 2306 quae
489 2227 620 2288 militaris
635 2227 739 2288 seditio
754 2246 849 2307 prope
863 2230 981 2291 exarsit.
1012 2231 1175 2306 praetoria-

169 2325 234 2368 nam
257 2311 385 2371 militiam
408 2311 581 2391 repetebant
600 2331 617 2371 a
637 2311 758 2372 Vitellio
779 2311 905 2388 dimissi,
920 2329 973 2391 pro
989 2311 1175 2390 Vespasiano

170 2397 356 2472 congregatl;
374 2405 402 2454 et
418 2395 511 2455 lectus
525 2397 554 2454 in
571 2395 691 2455 eandem
704 2413 786 2474 spem
800 2413 816 2454 e
828 2395 993 2472 legionibus
1007 2395 1091 2458 miles
1104 2413 1173 2474 pro·

168 2478 255 2536 missa
276 2479 419 2556 stipendia
443 2478 603 2556 flagitabat.
643 2497 679 2538 ne
698 2479 848 2540 Vitelliani
868 2481 984 2558 quidem
1005 2480 1069 2544 sine
1083 2479 1174 2542 multa

144 2559 259 2621 scaade
282 2563 352 2640 pelli
374 2572 524 2641 poterant:
560 2564 613 2622 sed
633 2564 761 2622 inmensa
784 2566 908 2641 pecuma
927 2572 1005 2623 tanta
1021 2563 1065 2624 als
1080 2563 1172 2622 bomi-

168 2661 232 2701 num
248 2647 396 2706 retinenda
413 2655 485 2706 erat.
515 2648 666 2723 ingressus
682 2655 777 2707 castra
791 2647 956 2720 Mucianus,
983 2665 1042 2726 quo
1059 2649 1172 2707 rectius

167 2728 309 2804 stipendia
325 2730 504 2806 singulorum
519 2739 680 2809 spectaret,
697 2731 757 2789 suis
770 2748 835 2791 eum
847 2731 1009 2809 insignibus
1024 2733 1171 2810 armisque

166 2810 296 2870 victores
318 2815 479 2892 constituit,
501 2813 623 2873 modicis
644 2817 718 2873 inter
740 2833 772 2874 se
793 2817 896 2895 spatiis
920 2815 1075 2876 discretos.
1112 2824 1169 2874 tum

166 2893 332 2972 Vitelliani,
347 2913 422 2974 quos
438 2897 515 2976 apud
526 2897 654 2957 Bovillas
676 2898 704 2957 in
719 2897 894 2958 deditionem
907 2908 1047 2978 acceptos
1061 2916 1170 2958 memo·

130 2993 156 3036 so
166 2978 305 3055 ravimus,
325 2982 474 3058 ceterique
494 2999 549 3058 per
572 2979 674 3040 urbem
689 2991 719 3040 et
737 2981 801 3041 urbi
822 2984 916 3042 vicina
929 2983 1083 3060 conqubiti
1099 2999 1168 3060 pro-

165 3061 306 3122 ducuntur
327 3081 421 3142 prope
441 3065 550 3125 intecto
573 3081 710 3142 corpore.
748 3083 801 3126 eos
825 3067 974 3128 bluoieuns
999 3065 1112 3140 diduci,
1138 3075 1170 3125 et

165 3145 364 3206 Germanicum
378 3147 628 3228 Britannicumque
644 3149 773 3226 militen,
788 3168 824 3209 ac
841 3151 928 3228 siqui
944 3149 1066 3211 aliorum
1082 3166 1167 3209 sner-
1247 3169 1248 3228 ζ

165 3228 284 3304 citunm,
310 3233 467 3308 separatim
488 3231 632 3292 adsistere
653 3233 741 3293 iubet.
779 3233 847 3294 illos
869 3236 977 3311 primus
991 3233 1086 3294 esaum
1117 3233 1167 3293 ad·

163 3320 282 3386 spectus
305 3313 559 3392 obstupefecerat,
584 3334 648 3376 ctum
664 3335 702 3376 en
719 3317 836 3378 diverso
856 3318 932 3378 velut
948 3318 1039 3378 aciem
1055 3316 1122 3378 telis
1137 3326 1168 3377 et

126 3393 247 3450 anarnris
268 3403 394 3473 trucem,
416 3408 510 3458 semet
530 3399 645 3460 clausos
667 3402 817 3480 nudosque
842 3412 871 3462 et
892 3402 997 3462 inluuie
1017 3401 1167 3462 deformes
