2510 3864
186 171 250 236 258
422 182 540 228 uacuus
560 179 656 227 oran.
675 179 722 226 nu
741 176 960 226 onuuoausus

186 361 226 404 ne
240 339 334 400 virilis
351 337 465 416 quidem
481 333 574 395 cultus
587 339 650 410 est,
666 349 724 411 quo
740 331 876 412 plerique
892 339 1057 410 temporum
1071 339 1198 394 nostro

188 443 250 486 rum
283 430 399 480 actores
430 421 471 480 ita
490 426 625 493 utuntur,
646 424 677 474 ut
696 415 816 476 lascivia
836 414 994 475 verborum
1014 422 1044 474 et
1065 413 1203 476 levitate

187 507 396 568 sententiarum
425 511 455 562 et
477 502 594 561 licentia
619 499 842 578 compositionis
870 497 1059 558 luistriouales
1084 499 1203 558 modos

153 616 178 659 ιι
188 592 358 670 exprimant.
390 585 526 666 quodque
546 585 597 643 vix
619 583 716 643 auditu
735 584 779 644 ias
802 599 871 642 essa
893 580 1016 658 debeat,
1038 580 1143 641 laudis
1170 595 1204 642 et

186 675 300 752 gloriae
323 680 353 731 et
373 670 484 748 ingenii
507 666 576 728 loco
604 666 739 745 plerique
766 667 873 726 iactant
895 665 1004 724 cantari
1027 663 1204 744 saltarique

186 755 409 818 commentarios
430 770 509 813 suas.
544 751 618 810 uude
642 750 734 810 oritur
755 749 805 809 illa
822 747 909 817 foeda
931 755 962 808 et
980 757 1204 826 praepostera,

186 840 240 902 sed
262 849 357 898 tamen
381 837 520 915 frequens
550 836 718 916 quibusdam
751 834 940 906 exclamatio,
970 841 1003 893 ut
1051 840 1202 893 oratores

187 923 281 983 nostri
308 930 413 982 tenere
442 921 559 994 dicere,
589 918 749 978 histriones
775 919 885 976 diserte
913 909 1021 974 saltare
1047 915 1192 976 dicautur

155 1007 325 1085 sequidem
354 1022 413 1065 non
440 1003 612 1080 negaverim
638 998 769 1061 Gessium
796 999 954 1074 Severum,
982 1015 1071 1076 wem
1096 999 1201 1059 solum

188 1091 271 1168 Aper
290 1095 394 1148 noster
414 1088 563 1147 nominare
585 1102 671 1145 ausos
692 1091 755 1162 est,
776 1085 801 1144 si
818 1083 855 1142 iis
870 1090 1058 1160 comparetur
1074 1084 1127 1160 qui
1144 1102 1197 1161 pc·

187 1181 252 1232 stea
271 1170 406 1248 luerunt,
426 1187 521 1250 posse
543 1177 690 1229 oratorem
710 1167 826 1244 vocari,
846 1179 1015 1244 quamquam
1035 1167 1068 1225 in
1089 1183 1193 1243 magua

187 1251 419 1334 partelibrorum
431 1268 548 1311 suorum
560 1249 624 1328 plus
636 1249 731 1308 caruis
745 1247 849 1305 babeat
861 1263 944 1324 qoam
958 1247 1118 1320 sanguinis.
1128 1249 1180 1324 pri-

186 1357 249 1398 mus
271 1339 346 1397 euim
362 1343 529 1413 contempto
548 1333 650 1394 urdine
668 1351 781 1410 uerum,
803 1333 909 1392 omissa
927 1333 1075 1391 modestia
1093 1346 1173 1408 aepu-

151 1422 262 1486 aadore
283 1421 457 1497 verborum,
480 1419 553 1496 ipsis
574 1418 660 1478 etiam
680 1414 784 1494 quibus
801 1418 892 1474 utitur
907 1415 992 1474 aruis
1012 1415 1177 1493 incomposi-

189 1513 234 1563 tus
256 1512 287 1564 et
310 1503 405 1563 studio
421 1500 545 1563 ierieudi
568 1501 738 1578 plerumque
757 1499 904 1574 deiectus,
929 1515 987 1557 nou
1006 1507 1122 1576 pugnat
1141 1496 1185 1558 sed

187 1588 307 1647 rixatur.
339 1594 485 1662 ceterum,
507 1592 538 1643 ut
552 1584 629 1660 dixi,
646 1582 837 1661 sequentibus
849 1589 1031 1660 comparatus
1049 1590 1081 1641 et
1096 1584 1188 1642 varie·

188 1677 248 1729 tate
266 1669 436 1728 eruditionis
460 1676 490 1727 et
505 1667 609 1746 lepore
631 1666 801 1726 urbanitatis
823 1674 854 1726 et
873 1666 1000 1744 ipsarum
1016 1667 1126 1724 virium
1147 1684 1190 1726 ru-

189 1751 264 1810 bore
280 1751 398 1810 multum
413 1759 531 1812 ceteros
548 1758 683 1828 superat,
702 1766 823 1827 quorum
840 1750 983 1810 neminem
998 1747 1082 1825 Aper
1099 1753 1193 1810 uomi-

153 1861 177 1898 ιι
189 1851 259 1894 nare
281 1843 311 1893 et
326 1834 406 1894 velut
424 1835 453 1893 in
469 1835 559 1893 aciem
581 1834 707 1893 educere
729 1833 874 1893 sustinuit.
906 1848 964 1908 ego
985 1840 1081 1890 autem
1097 1851 1192 1912 expe·

188 1917 318 1994 eteberi,
345 1925 376 1976 ut
398 1918 528 1976 incusato
544 1917 649 1976 Asinio
665 1923 696 1976 et
718 1912 819 1976 Caelio
842 1925 873 1976 et
895 1912 986 1976 Calvo
1005 1914 1084 1974 aliud
1100 1918 1193 1976 nobis
1239 1916 1240 1931 ¹

188 2017 291 2076 agmen
308 2000 501 2077 produceret,
528 2000 678 2079 plurisque
696 1999 745 2060 vel
767 2008 849 2060 certe
869 1999 988 2059 totidem
1011 2000 1193 2076 nominaret,
1238 2023 1239 2035 ι

188 2101 226 2143 ex
250 2084 353 2161 quibus
378 2083 462 2143 alium
485 2082 636 2160 Ciceroni,
664 2083 750 2143 ulium
772 2081 909 2159 Caesari,
934 2082 1054 2160 singulis
1078 2083 1192 2144 deinde
1237 2124 1238 2139 ι

187 2167 320 2244 singulos
337 2185 560 2245 opponeremus.
581 2184 656 2226 nunc
670 2166 853 2228 detrectasse
871 2167 1036 2227 namnetim
1050 2167 1190 2246 antiquos
1236 2211 1237 2245 ,

154 2257 323 2310 sacratores
346 2259 500 2312 contentus
522 2251 665 2310 nemiuem
685 2251 868 2328 sequentium
889 2250 1005 2312 laudare
1027 2267 1118 2310 ausus
1142 2262 1189 2311 est

188 2334 243 2392 nisi
261 2334 290 2392 iu
304 2334 450 2412 publicum
471 2343 501 2394 et
521 2335 551 2393 iu
572 2351 740 2410 commune,
760 2334 873 2395 ueritus
894 2333 1002 2411 credo,
1021 2351 1058 2394 nc
1078 2334 1186 2395 multos
1235 2317 1236 2348 ¹

188 2415 368 2494 offenderet,
396 2418 420 2476 si
448 2435 556 2496 paucos
582 2418 791 2496 excerpsisset.
829 2426 935 2497 quotus
961 2419 1037 2479 euim
1059 2419 1183 2497 quisque
1234 2409 1235 2456 l

188 2499 427 2560 scholasticorum
449 2517 508 2560 nou
526 2500 580 2560 bac
597 2519 647 2560 sua
662 2501 855 2579 persuasione
874 2502 996 2576 fruitur,
1018 2509 1050 2562 ut
1068 2521 1101 2562 sa
1117 2511 1179 2562 anta
1233 2501 1234 2560 l

188 2579 361 2643 Ciceronem
387 2592 536 2660 numeret,
561 2583 615 2644 sed
636 2583 723 2662 plane
747 2594 817 2662 post
834 2583 1042 2645 Gabinianum?
1076 2593 1107 2645 at
1127 2603 1174 2660 ega
1232 2585 1233 2664 l

152 2682 246 2724 aunon
261 2665 389 2726 verebor
408 2669 556 2728 nominare
576 2667 724 2744 singulos,
746 2685 804 2746 quo
820 2668 933 2730 facilius
951 2671 1115 2747 propositis
1132 2684 1171 2726 er·

186 2748 290 2826 emplis
305 2748 458 2827 adpareat,
477 2751 581 2828 quibus
598 2749 735 2828 gradibus
756 2747 847 2813 lracta
862 2755 901 2812 sit
918 2759 949 2812 at
964 2751 1110 2812 deminuta
1125 2750 1177 2812 elo·
1230 2807 1231 2874 l

185 2833 324 2909 quentia?
1229 2887 1230 2890 ,

247 2913 296 2974 27.
335 2915 386 2973 ‘Aa
412 2919 507 2993 paret'
530 2917 622 2996 inquit
636 2916 783 2980 Maternus
800 2921 843 2980 ‘et
859 2921 956 2998 potius
973 2920 1098 2981 exsolve
1114 2936 1178 2997 pro·

186 2998 311 3057 missum.
346 3002 539 3077 nequeenim
561 3001 618 3061 boc
641 3001 742 3079 colligi
765 3003 982 3082 desideramus,
1008 3003 1181 3064 disertiores

187 3099 255 3140 esse
272 3082 424 3160 antiquus,
446 3084 522 3162 quod
543 3085 618 3163 apud
638 3103 685 3146 me
703 3085 818 3164 quidem
835 3087 864 3147 iu
882 3087 1021 3149 confesso
1041 3098 1104 3162 est,
1129 3089 1183 3149 sed

186 3179 287 3224 causas
299 3167 487 3243 exquirimus,
500 3185 569 3245 quas
580 3175 610 3228 te
621 3168 738 3229 solitum
751 3179 874 3231 tractare
895 3173 1007 3247 ciebat,
1021 3171 1107 3248 paulo
1116 3182 1185 3233 aute

157 3246 274 3323 splene
290 3251 388 3309 mitior
408 3259 438 3310 et
453 3252 640 3328 eloquentiae
656 3261 816 3331 temporum
833 3263 999 3316 nostrorum
1012 3255 1103 3314 minus
1127 3257 1182 3316 ira·

187 3337 255 3402 tus,
272 3340 422 3409 antequam
439 3341 468 3392 te
484 3333 567 3411 Aper
582 3334 747 3396 offenderet
761 3341 887 3399 maiores
902 3347 968 3400 tuos
984 3339 1180 3400 lacessendo?

247 3412 331 3472 ‘Nou
351 3422 429 3474 sum’
447 3419 538 3497 iuquit
555 3419 702 3480 ‘oileusus
719 3421 793 3500 Apri
814 3423 862 3484 illa
883 3424 1093 3501 disputatione,
1123 3439 1179 3481 nec
