2568 3870
179 175 223 240 st
404 183 568 230 coannnn
584 180 957 232 nnc1n1ntsroa1nuuu

176 339 357 402 Brundisium
373 337 584 417 Tarentumque
600 345 628 397 et
646 333 800 396 Calabriae
816 333 1018 416 Lucaniaeque
1037 335 1125 400 litora
1141 339 1183 402 in·

181 427 265 486 iestis
283 422 426 484 classibus
441 429 620 500 peterentur.
682 453 687 458 -

242 509 293 572 84.
316 507 407 584 lgitur
425 507 537 565 narium
552 505 828 565 militumarmorum
844 513 944 584 paratu
965 512 1098 582 strepere
1115 523 1186 586 pro·

183 594 310 667 vinciae,
329 589 381 650 sed
398 583 466 649 nibil
488 607 580 668 aeque
602 587 742 664 iatigabat
757 605 842 666 qnam
858 589 1042 670 pecuniarum
1063 593 1185 668 conqui-

182 679 266 738 sitio:
283 692 337 735 eos
351 691 419 734 esse
435 673 505 733 balli
522 672 616 734 civilis
631 689 739 731 nervos
754 671 887 732 dictitans
898 673 1045 733 blucianus
1062 689 1124 732 non
1142 675 1185 732 ius

182 769 230 822 ant
249 777 349 819 verum
369 760 398 816 in
420 757 652 835 cognitionibus,
676 755 728 815 sed
744 756 835 815 solam
855 756 1079 834 magnitudinem
1094 774 1186 835 opum

158 842 343 923 ⁰spectabat.
372 843 479 922 passim
499 840 675 915 delationes,
696 848 726 899 ct
742 839 987 920 locupletissimus
1010 840 1134 920 quisque
1155 842 1185 899 in
1255 881 1256 906 ,

183 927 318 1008 praedam
344 926 482 1003 correpti.
518 941 592 1002 quae
616 925 715 1000 gravia
741 931 826 1002 atque
847 923 1043 1001 intoleranda,
1065 924 1117 984 sed
1133 943 1185 984 ne·
1255 985 1256 990 ,

184 1012 320 1071 cessitate
341 1025 484 1069 armorum
506 1015 661 1083 excusata,
686 1009 771 1068 etiam
796 1009 825 1067 in
845 1025 920 1087 paca
941 1025 1091 1083 mansere,
1114 1010 1188 1086 ipso
1254 997 1256 1080 Ι

183 1095 367 1172 Vespasiano
381 1093 455 1151 inter
470 1092 547 1151 initia
562 1091 675 1170 imperii
692 1090 726 1150 ad
741 1091 911 1170 optinendas
925 1093 1090 1171 iniquitates
1105 1091 1188 1152 baud

184 1177 305 1258 perinde
320 1175 500 1251 circinante,
517 1174 613 1234 donec
628 1174 806 1252 indulgentia
821 1176 955 1237 icrtunae
970 1184 999 1235 et
1015 1175 1115 1254 pravis
1127 1193 1187 1237 tna·

148 1286 174 1328 rc
184 1262 283 1339 gistris
298 1260 397 1320 didicit
412 1276 555 1338 annuaque
571 1268 624 1320 est.
655 1260 782 1338 propriis
796 1277 911 1339 quoqne
921 1259 1026 1339 opibus
1035 1259 1184 1320 lincianns

184 1344 291 1406 bellurn
311 1346 397 1420 iuvit,
423 1343 523 1421 largus
546 1343 695 1422 privatim,
723 1343 800 1422 qnod
819 1344 930 1405 avidius
953 1343 990 1404 de
1010 1361 1044 1402 re
1066 1343 1180 1420 publica

184 1438 319 1490 sumeret.
363 1431 455 1488 ceteri
477 1427 716 1488 conferendarum
742 1429 927 1504 pecuniarum
954 1426 1122 1506 exemplum
1142 1445 1183 1487 sc-

184 1514 256 1592 cuti,
272 1513 434 1574 rarissimus
450 1514 573 1592 quisque
591 1510 712 1571 eandem
726 1512 756 1570 in
769 1510 962 1590 reciperando
976 1511 1125 1572 licentiam
1137 1511 1185 1572 ba·
1255 1563 1256 1572 ,

183 1597 314 1659 buerunt.
493 1637 498 1644 -
1255 1587 1256 1604 ¹

246 1682 297 1744 85.
320 1679 496 1740 Adcelerata
517 1679 629 1739 interim
647 1677 819 1758 Vespasiani
839 1687 946 1757 coepta
965 1677 1077 1753 lllyrici
1098 1697 1181 1739 exer-

185 1768 259 1838 citus
274 1763 384 1823 studio:
401 1772 585 1839 transgressa
602 1764 630 1822 in
649 1771 746 1842 partes
762 1762 846 1822 tentia
861 1762 941 1840 legio
957 1761 1124 1842 exemplum
1137 1779 1184 1823 ce·

184 1850 254 1909 teris
277 1847 408 1908 lloesiae
430 1846 595 1924 legionibus
618 1845 764 1925 praebuit:
794 1855 896 1907 octaua
920 1854 1038 1906 erutae
1060 1848 1185 1924 septima
1255 1877 1256 1899 r

185 1930 359 2009 Claudiana,
375 1929 490 1990 inbutae
505 1931 605 1990 lavore
621 1929 759 2007 Othonis,
778 1932 907 2008 quumvis
925 1929 1041 2007 proelio
1062 1947 1118 1990 non
1139 1930 1183 1988 in·

158 2015 360 2078 uteriuissent.
386 2013 549 2093 Aquileiam
565 2031 751 2094 progressae,
764 2013 940 2092 proturbatis
956 2015 1004 2092 qni
1021 2013 1056 2074 dc
1069 2011 1184 2072 Othone

183 2098 348 2160 nuntiabant
365 2098 558 2176 laceratisque
571 2097 687 2158 vexillis
704 2113 808 2158 nomen
820 2097 931 2158 Vitellii
942 2096 1184 2177 praeferentibus,

183 2192 266 2262 rapta
282 2191 431 2262 postremo
448 2182 571 2260 pecunia
588 2191 617 2241 et
631 2183 707 2240 inter
722 2199 755 2240 se
770 2180 878 2258 divisa,
895 2180 1040 2242 hostiliter
1051 2189 1185 2256 egerant.

184 2267 259 2326 unde
273 2275 366 2326 metus
385 2274 467 2325 etex
482 2275 558 2325 metu
577 2265 743 2325 consilium:
766 2281 855 2344 posse
875 2266 1009 2345 imputari
1024 2265 1185 2343 Vespasia·

184 2368 221 2410 no
242 2368 316 2428 quae
336 2349 412 2428 apud
426 2349 574 2408 Vitellium
592 2348 761 2409 'excusanda
776 2355 867 2412 erant.
899 2350 938 2410 ita
959 2347 1185 2408 treslloesicae
1230 2404 1237 2418 ,

150 2435 318 2512 relegiones
335 2451 388 2512 per
403 2433 542 2511 epistulas
559 2431 734 2492 adliciebant
750 2431 943 2493 Pannonicum
958 2433 1118 2492 exercitum
1136 2441 1187 2493 aut

184 2518 319 2578 abnuenti
335 2519 391 2576 vim
406 2515 555 2595 parabant.
587 2517 616 2575 in
634 2534 671 2576 eo
686 2525 765 2576 motu
778 2515 912 2594 Aponius
924 2517 1091 2576 Saturninus
1102 2515 1186 2577 Moe*

185 2603 245 2662 siae
260 2610 358 2660 rector
374 2601 527 2677 pessimum
542 2599 655 2659 facinus
670 2599 770 2677 audet,
794 2601 882 2660 misso
900 2601 1067 2660 centurione
1090 2601 1127 2660 ad
1145 2601 1186 2659 in-

185 2683 382 2746 terficiendum
396 2683 520 2743 Tettium
535 2681 673 2744 lulianum
689 2685 830 2763 septimae
845 2683 971 2761 legionis
988 2683 1128 2762 legatum,
1147 2684 1186 2744 ob
1254 2661 1255 2713 ¹

186 2767 360 2843 simultates,
389 2766 492 2845 quibus
515 2783 630 2828 causam
653 2770 775 2846 partium
800 2765 1020 2845 praetendebat.
1059 2766 1186 2829 lulianus

149 2873 175 2913 us
190 2859 339 2929 comperto
366 2849 529 2910 discrimine
562 2859 592 2910 et
617 2851 716 2926 gnaris
741 2852 872 2912 locorum
897 2851 1017 2911 adscitis
1040 2869 1095 2930 per
1121 2854 1185 2912 avia

185 2935 315 2996 Moesiae
337 2935 410 2994 ultra
431 2942 556 2994 montem
578 2934 715 2994 llaemnm
735 2934 879 3014 profugit:
903 2953 959 2994 nec
980 2934 1086 2995 deinde
1105 2935 1183 2996 civili

186 3019 265 3079 bello
280 3019 423 3096 interluit,
447 3035 500 3096 per
519 3021 614 3078 varius
629 3035 725 3078 moras
741 3027 907 3097 susceptum
923 3018 958 3078 ad
972 3019 1184 3097 Vespasianum

185 3105 241 3164 iter
255 3101 372 3162 trabeas
390 3110 419 3162 et
434 3120 470 3160 ex
487 3102 592 3162 nuntiis
607 3102 824 3162 cunctabundus
838 3109 886 3162 ant
897 3119 1071 3181 properans.

250 3186 300 3250 86.
321 3185 360 3245 At
380 3186 407 3244 in
422 3185 567 3246 Pannonia
589 3187 672 3247 tertia
689 3187 807 3248 decuma
828 3186 909 3263 legio
930 3205 965 3246 uo
980 3186 1103 3265 septima
1119 3187 1184 3248 ilal-

188 3270 282 3345 biana,
298 3268 429 3331 dolorem
440 3271 568 3348 iramque
580 3271 782 3331 Bedriacensis
800 3285 916 3348 pugnae
930 3270 1098 3347 retinentes,
1110 3271 1185 3332 baud

189 3361 358 3412 cunctanter
368 3355 552 3431 Vespasiano
567 3373 732 3431 accessere,
747 3356 775 3413 vi
790 3354 946 3433 praecipua
958 3353 1044 3414 Primi
1055 3352 1180 3414 Antonii.

157 3439 161 3458 ⁸
186 3436 213 3490 ,is
235 3434 351 3510 legibus
374 3447 532 3498 accenset
554 3447 684 3517 ternpore
698 3437 825 3499 Neronis
847 3437 911 3496 ialsi
934 3437 1081 3498 damnatus
1110 3439 1180 3497 inter
