2540 3874
387 208 493 256 unsrun
504 208 541 257 11.
559 207 634 257 one.
650 204 771 262 tr-tt·
805 163 809 172 ¹
1054 196 1096 259 73

99 362 328 444 lsqueiniamem
351 362 500 423 veneficiis
524 381 559 424 ea
582 363 611 424 in
632 363 781 442 provincia
804 374 834 426 et
853 364 1007 427 Plancinae
1027 382 1121 442 per-5
1236 359 1238 394 ³

99 465 200 522 caram,
217 447 332 508 nomine
346 444 506 524 Martinam,
523 448 552 507 in
563 445 665 508 urbem
676 447 762 525 misit,
779 447 990 528 postulantibus
1002 447 1093 510 Vitel-

96 532 135 592 lio
149 548 184 592 ac
200 529 327 592 Veranio
343 531 509 608 ceterisque
528 531 577 609 qui
599 531 716 592 crimina
739 541 768 594 et
790 534 1005 595 accusationem
1025 541 1094 594 tarn·

97 632 179 696 quam
194 614 333 676 aduersus
348 622 488 693 receptos
503 615 558 674 iam
574 630 642 674 reos
659 615 846 678 instruebant.

158 698 208 760 75.
228 698 268 758 At
283 697 460 778 Agrippina,
484 714 655 778 quamquam
675 698 793 761 delesse
815 699 894 762 luctu
917 709 947 760 et
969 717 1097 780 corpore

24 849 25 858 χ
95 799 203 861 aegro,
220 783 343 842 omniurn
360 790 456 842 tamen
472 799 547 862 qnae
563 780 701 844 ultionem
721 793 903 845 morarentur
925 782 1094 863 intolerans,

94 865 224 929 ascendit
242 866 367 928 classem
383 883 446 926 cum
469 865 614 927 cineribus
630 863 791 930 Germanici
813 875 843 928 et
866 867 987 944 liberis,
1010 869 1093 930 mise·

92 949 221 1011 rantibus
235 949 363 1026 cunctis,
386 950 464 1030 quod
484 948 590 1012 femina
610 948 759 1013 nobilitate
781 952 937 1030 princeps,
959 951 1093 1031 pulcber·

91 1037 164 1096 rimo
187 1034 273 1094 modo
293 1033 473 1094 matrimonio
494 1034 569 1095 inter
591 1035 755 1096 venerantis
782 1036 980 1114 gratantisque
1003 1036 1125 1116 aspicis

91 1118 189 1192 solita,
206 1126 274 1178 tnnc
291 1117 392 1178 feratis
405 1117 543 1196 reliquias
560 1117 623 1177 sinu
638 1119 745 1195 ferret,
767 1118 877 1180 ineerta
898 1118 1029 1198 ultionis,
1046 1139 1094 1180 an·

92 1205 140 1264 xia
155 1203 198 1261 sui
220 1210 250 1264 et
263 1201 374 1262 infelici
395 1200 572 1264 fecunditate
593 1201 725 1264 lortunae
749 1204 856 1263 totiens
879 1202 1013 1264 obnoxia.
1049 1203 1094 1264 Pi·

93 1303 194 1348 sonem
209 1286 321 1346 interim
337 1285 413 1363 apud
430 1283 522 1347 Gourn
536 1285 658 1347 insulam
671 1286 784 1346 nuntias
806 1286 973 1366 adsequitur
990 1305 1094 1348 exces-

92 1371 167 1432 sisse
183 1369 390 1431 Germanicum.
424 1386 480 1449 quo
503 1370 730 1448 intemperanter
750 1378 873 1449 accepto
898 1371 993 1432 caedit
1012 1371 1093 1431 victi·

93 1471 169 1530 mas,
191 1454 249 1515 adit
270 1453 393 1531 templa,
415 1470 511 1533 neque
534 1454 599 1533 ipse
620 1454 755 1531 gaudium
776 1454 930 1515 moderans
952 1463 981 1514 et
1003 1455 1133 1532 magist

91 1537 291 1599 insolescente
308 1535 454 1614 Plancina,
472 1554 546 1616 quae
562 1536 668 1599 luctum
684 1538 807 1598 amissae
824 1539 935 1598 sororis
957 1547 1014 1597 tum
1036 1538 1093 1618 pri·

94 1640 169 1683 mum
184 1622 264 1682 laeto
283 1620 360 1681 cultu
375 1621 503 1682 mutavit.

156 1707 207 1768 76.
230 1703 407 1768 Adduebant
432 1706 617 1766 centuriones
644 1703 858 1784 monebantque
888 1715 1022 1786 prompta
1053 1704 1095 1767 illi

92 1791 241 1870 legionum
261 1786 368 1850 studia:
391 1798 542 1868 repeteret
564 1788 742 1868 provinciam
764 1806 821 1849 non
844 1789 905 1850 iure
926 1789 1051 1851 ablatam
1066 1797 1096 1849 et

92 1892 222 1936 vacuam.
254 1873 341 1950 igitur
356 1873 423 1953 quid
438 1873 579 1952 agendum
595 1873 767 1934 consultanti
787 1871 825 1934 bl.
842 1872 908 1933 Piso
930 1872 1005 1935 lilius
1027 1890 1094 1951 pro·

92 1958 251 2039 perandum
266 1957 295 2018 in
309 1956 410 2018 urbem
426 1957 581 2018 censebat:
599 1955 669 2018 nibil
684 1957 778 2019 adbuc
794 1955 971 2036 inexpiabile
991 1957 1094 2018 admis-

91 2061 169 2119 sum,
185 2059 282 2121 neque
297 2039 482 2121 suspiciones
493 2040 645 2103 inbecillas
660 2050 708 2101 aut
728 2041 821 2102 inania
840 2040 934 2104 lamae
957 2041 1123 2119 pertimet>

92 2127 213 2188 scendo.
244 2125 419 2186 discordiam
437 2143 508 2204 erga
523 2124 722 2187 Germanicum
737 2124 805 2185 odio
819 2124 946 2186 tortasse
968 2124 1093 2201 dignam,

91 2229 149 2272 nou
168 2227 280 2289 poena;
303 2217 333 2269 et
346 2208 530 2289 ademptione
552 2209 721 2288 provinciae
743 2209 813 2270 satis
834 2207 941 2272 facturn
961 2207 1093 2267 inimicis.

92 2295 170 2374 quod
186 2293 212 2356 si
226 2291 443 2371 regrederetur,
460 2291 620 2354 obsistente
639 2292 740 2353 Sentio
757 2290 844 2352 civile
861 2289 971 2353 bellum
991 2290 1093 2367 incipi3

91 2397 147 2440 nec
163 2377 318 2439 duraturos
333 2377 361 2437 in
376 2376 505 2456 partibus
521 2375 705 2437 centuriones
722 2376 905 2454 militesque,
923 2374 999 2454 apud
1021 2390 1095 2452 quos

90 2481 198 2524 recens
214 2461 398 2541 imperatoris
414 2461 459 2521 sui
472 2459 612 2521 memoria
633 2468 661 2520 et
681 2460 795 2539 penitus
809 2459 921 2520 infixus
941 2459 971 2518 in
987 2456 1095 2519 Gaesa-
1105 2467 1133 2509 ¹0

90 2565 139 2609 res
155 2563 238 2607 amor
255 2545 449 2624 praevaleret.
1011 2601 1014 2606 ,

154 2631 207 2691 77.
229 2626 338 2694 Contra
351 2628 493 2690 Domitius
510 2627 614 2704 Celer,
636 2645 674 2688 ex
687 2627 782 2689 intima
796 2626 859 2688 eius
874 2625 1015 2702 amicitia,
1038 2624 1094 2684 dis·

92 2716 184 2776 seruit
198 2713 334 2775 utendum
350 2722 470 2774 eventu:
482 2709 629 2787 Pisonem,
642 2729 699 2771 non
714 2711 841 2772 Sentium
853 2710 956 2771 Suriae
969 2726 1095 2788 praepo·

92 2801 192 2869 sitnm;
207 2796 275 2859 huic
288 2797 387 2860 fasces
405 2795 492 2857 etius
515 2796 675 2875 praetoris,
693 2795 760 2858 huic
781 2794 915 2873 legiones
940 2792 1032 2854 datas.
1070 2793 1095 2852 si

92 2883 160 2962 quid
176 2881 285 2946 hostile
307 2883 435 2960 ingruat,
457 2899 542 2960 quern
562 2879 664 2939 iustius
686 2896 764 2940 arma
784 2878 984 2957 oppositurum
1004 2894 1097 2957 quam

92 2968 138 3047 qui
155 2965 462 3044 legati‘auctoritatem
477 2973 507 3026 et
521 2964 640 3043 propria
660 2961 792 3024 mandata
810 2957 981 3041 acceperit?
1007 2962 1123 3023 relic-t

91 3049 239 3129 quendum
256 3049 341 3110 etiam
357 3047 521 3110 rumoribus
534 3057 648 3126 tempus
664 3065 722 3126 qno
739 3053 908 3107 senescant:
925 3045 1096 3127 plerumque

91 3135 267 3196 innocentes
283 3135 396 3194 recenti
413 3131 538 3194 invidiae
553 3133 678 3211 inpares.
712 3139 741 3192 at
761 3131 786 3191 si
806 3137 903 3190 teneat
925 3131 1095 3204 exercitum,

90 3228 201 3298 augeat
215 3219 305 3296 vires,
323 3217 427 3295 multa,
443 3233 518 3296 quae
534 3215 681 3295 prouideri
703 3233 761 3276 non
781 3214 910 3293 possint,
932 3213 1049 3273 lortuito
1067 3211 1096 3271 in

91 3303 199 3364 melius
216 3319 330 3362 casura.
369 3301 424 3364 ‘an
439 3300 606 3362 festinamus
623 3317 687 3360 cum
702 3297 864 3360 Germanici
880 3294 1025 3357 cineribus
1047 3291 1095 3353 ad·

93 3387 228 3463 pellere,
244 3395 276 3446 ut
290 3393 319 3444 te
341 3384 496 3461 inauditum
519 3391 548 3444 et
569 3381 748 3444 indefensum
768 3380 900 3459 planctus
914 3374 1094 3455 Agrippinae
1106 3391 1132 3432 nc

91 3486 126 3530 ac
140 3471 249 3550 uulgus
265 3469 426 3548 imperitum
442 3469 533 3549 primo
546 3483 662 3528 rumore
677 3461 811 3546 ra'piantl
828 3471 872 3522 est
886 3461 935 3520 tibi
945 3459 1095 3535 Augustae
