2536 3870
186 156 245 222 rflh
399 167 565 218 conunnn
580 167 700 217 nscrrr
714 165 956 216 maronianum
1245 177 1246 242 p

181 324 233 388 tati
253 341 291 384 nc
310 321 441 384 adversis
463 322 578 401 quidem
595 321 634 382 nd
660 339 730 382 rere
749 319 942 382 mutabantur.
976 322 1188 384 multitudinem

180 410 382 483 obsnscrmn,
397 406 490 466 omnis
504 406 617 484 aetatis,
633 405 716 466 virile
730 403 767 467 'ac
779 404 922 466 muliebre
937 423 1036 483 secus,
1048 416 1191 470 sescenta

183 493 259 554 uilia
282 490 373 552 fuisse
395 490 578 569 accepimus:
607 507 684 553 arma
701 490 811 551 cunctis
833 491 882 569 qui
904 490 983 552 terre
998 499 1143 569 possent,
1161 501 1193 552 et

146 591 173 633 rs
184 577 283 657 plures
304 591 389 654 quam
406 591 460 653 pro
473 591 593 635 numero
616 571 768 636 audebant.
797 570 953 635 obstinatio
971 574 1040 635 viris
1056 574 1196 636 leminis-

182 679 239 740 que
256 677 322 739 par;
339 675 374 720 nc
384 659 409 719 si
425 659 582 719 transferre
598 657 685 719 sedes
703 665 896 736 cogerentur,
919 659 1012 720 maior
1032 659 1111 720 vitae
1127 677 1194 720 me·
1245 691 1246 740 ι

182 755 228 806 tus
249 761 333 823 quam
353 743 463 803 mortis.
501 741 576 803 hano
597 741 738 804 aduersus
756 741 857 804 urbem
877 751 1054 822 gentemque
1073 741 1195 805 Gaesar
1245 751 1246 756 ’

182 829 283 903 Titus,
297 825 411 907 quando
427 827 543 904 inpetus
558 834 588 886 et
604 824 699 886 subita
713 824 784 887 belli
797 824 882 886 locus
898 825 1050 902 abnueret,
1065 830 1193 906 aggeri·

182 911 236 972 bus
258 910 411 990 vineisque
442 919 555 970 certare
580 910 691 972 statuit:
722 909 885 971 diuiduntur
908 908 1075 989 legionibus
1090 913 1193 972 munia

145 1004 173 1044 ²⁰
183 1005 212 1056 et
228 997 311 1076 quies
331 994 509 1073 proeliorum
523 992 593 1072 luit,
618 994 714 1055 donec
729 1002 832 1054 cuncta
848 993 1050 1072 expugnandis
1065 986 1196 1056 urbibus

181 1087 299 1158 reperta
313 1077 389 1156 apud
406 1086 525 1138 veteres
539 1087 587 1138 sut
607 1079 690 1138 novis
704 1078 829 1155 ingeniis
846 1086 1035 1140 struerentur.

248 1163 296 1222 14.
318 1161 358 1220 ht
373 1157 475 1221 Civilis
491 1168 557 1241 post
571 1161 674 1223 malam
695 1163 724 1222 in
740 1161 878 1223 Treveris
897 1180 1023 1242 pugnam
1045 1171 1191 1242 reparato

180 1264 236 1326 per
249 1245 431 1307 Germaniam
456 1247 587 1307 exercitu
609 1245 684 1326 apud
699 1245 809 1307 Vetera
828 1255 924 1308 castra
940 1245 1093 1322 consedit,
1110 1255 1188 1308 tutus

181 1330 260 1406 loco,
278 1338 307 1390 et
318 1338 348 1389 ut
361 1329 500 1390 memoria
512 1346 718 1410 prosperarum
734 1330 795 1390 illic
810 1347 904 1392 rerum
915 1339 1114 1407 augescerent
1121 1330 1181 1391 bar·

179 1413 317 1475 baronum
337 1415 431 1475 animi.
462 1422 580 1474 secutus
602 1423 648 1474 est
671 1414 775 1474 eodem
797 1411 938 1492 Gerinlis,
961 1413 1122 1494 duplicatis
1139 1431 1188 1475 co·

99 1521 102 1528 ·
153 1498 238 1577 tpiis
259 1497 384 1559 adventu
404 1497 550 1558 secundae
572 1506 600 1558 et
622 1506 724 1558 sextae
750 1506 779 1558 et
800 1507 920 1575 quartae
932 1497 1072 1558 decumae
1089 1497 1187 1576 legio·

181 1601 263 1652 num;
278 1580 475 1660 cohortesque
491 1591 520 1642 et
537 1581 602 1642 alae
617 1582 673 1642 iam
691 1581 805 1660 pridem
817 1581 928 1642 accitae
945 1589 1014 1662 post
1031 1582 1189 1642 victoriam

180 1672 422 1746 properaverant.
438 1673 541 1725 neuter
552 1664 656 1726 ducum
673 1672 839 1743 cunctator,
858 1665 910 1725 sed
925 1664 1044 1727 arcebat
1059 1663 1188 1726 latitudo

180 1766 348 1827 camporum
368 1755 472 1826 suopte
492 1748 610 1826 ingenio
631 1751 798 1817 amentium
820 1748 971 1811 addiderat
991 1746 1093 1810 Civilis
1109 1749 1189 1810 obli·

54 1893 58 1898 ,
181 1850 265 1913 quam
284 1831 313 1890 in
325 1828 457 1891 Rhenum
471 1832 594 1909 molem,
618 1835 699 1893 cuius
715 1830 832 1893 obiectu
855 1833 1006 1893 revolutus
1027 1833 1118 1892 amnis
1135 1832 1186 1894 ad·

146 1912 341 1975 solacentibus
366 1914 635 1993 superfunderetur.
672 1933 707 1976 ea
732 1915 792 1975 loci
816 1915 926 1992 forma,
955 1915 1074 1976 incertis
1099 1915 1187 1976 vadis

180 1996 301 2059 subdola
316 2006 347 2059 et
361 1996 446 2058 nobis
463 1997 602 2060 aduersa:
622 2000 731 2079 quippo
744 1998 830 2060 miles
844 2000 992 2062 llornanus
1012 1999 1099 2061 armis
1114 2017 1186 2077 gra·

179 2082 268 2143 viset
282 2081 367 2142 nandi
382 2081 519 2161 pavidus,
537 2081 695 2144 Germanos
710 2082 872 2144 huminibus
893 2091 993 2144 suetos
1015 2082 1120 2145 leuitas
1138 2103 1187 2144 ar-

177 2183 290 2226 morum
306 2173 335 2225 et
352 2167 516 2244 proceritas
535 2183 690 2245 corporum
705 2165 820 2228 attollit.

247 2249 294 2311 15.
315 2248 408 2327 Igitur
431 2249 644 2312 lacessentibus
665 2250 782 2312 Batauis
800 2249 987 2312 ferocissimo
1009 2252 1115 2331 cuique
1131 2269 1185 2312 no-

180 2342 304 2394 strorum
315 2341 450 2413 coeptum
464 2341 625 2405 certamem
640 2333 744 2395 deinde
756 2343 820 2397 orta
831 2333 997 2415 trepidatio,
1016 2350 1081 2394 cum
1097 2350 1186 2413 prae·

179 2417 246 2478 altis
262 2417 416 2497 paludibus
439 2435 517 2479 arma
541 2419 607 2498 equi
628 2417 818 2498 haurirentur.
850 2417 984 2480 Germani
1006 2417 1083 2480 notis
1100 2419 1187 2480 vadis

179 2500 390 2581 persultabant,
400 2503 507 2564 omissa
522 2501 692 2581 plerumque
704 2501 800 2563 irontc
812 2501 903 2564 latera
914 2521 951 2563 ac
962 2511 1047 2581 terga
1059 2501 1184 2563 circum·

153 2597 168 2637 ⁸
181 2586 340 2646 venientes.
359 2603 454 2664 neque
470 2595 500 2645 ut
515 2586 543 2644 in
555 2587 683 2664 pedestri
699 2588 762 2646 acie
774 2586 930 2646 comminus
942 2583 1120 2663 certabatur,
1131 2587 1185 2648 sed

179 2678 321 2748 tamquam
336 2669 431 2728 navali
448 2688 558 2747 pugna,
575 2671 643 2748 vagi
659 2671 733 2730 inter
748 2670 838 2731 undas
852 2679 916 2748 aut,
942 2671 966 2730 si
988 2669 1056 2749 quid
1074 2669 1184 2732 stabile

179 2751 363 2828 occurrebat,
382 2755 530 2814 totisilluc
545 2753 720 2832 corporibus
741 2754 876 2831 nitentes,
893 2753 1043 2822 volnerati,
1058 2771 1124 2815 cum
1141 2755 1182 2814 in·

176 2835 282 2912 tegris,
298 2835 385 2913 periti
399 2836 484 2897 nandi
502 2855 565 2896 cum
577 2837 686 2914 ignaris
701 2837 729 2895 iu
744 2845 868 2899 mutuam
885 2837 1045 2918 perniciem
1059 2835 1181 2917 inplica-

179 2918 290 2979 bantur.
318 2918 411 2978 minor
423 2927 518 2979 tamen
534 2938 618 2998 quam
633 2937 687 3000 pro
700 2920 818 2981 tumultu
830 2919 954 2999 caedes,
969 2921 1036 3000 quia
1048 2937 1107 2981 non
1118 2922 1182 2982 ausi

143 3018 169 3059 ao
180 3002 283 3082 egredi
301 3001 434 3082 paludem
443 3003 576 3064 Germani
591 3003 620 3065 in
638 3012 732 3064 castra
748 3003 874 3066 rediere.
891 3005 954 3066 eius
968 3004 1075 3084 proelii
1092 3023 1180 3066 eren·

178 3097 223 3148 tus
245 3095 396 3166 utrumque
409 3085 521 3148 ducem
543 3087 667 3147 diversis
688 3088 773 3147 animi
794 3087 917 3149 motibus
933 3088 969 3150 ad
983 3087 1181 3150 maturandum

177 3189 305 3232 summae
326 3172 369 3231 rei
387 3169 543 3232 discrimen
565 3165 669 3231 creuit.
702 3168 803 3232 Givilis
825 3173 933 3232 instare
948 3171 1099 3250 fortunae,
1124 3171 1181 3234 Ge·

177 3253 257 3312 rialis
275 3253 394 3328 abolere
419 3255 618 3333 ignouriniam:
648 3252 781 3315 Germani
800 3255 952 3334 prosperis
969 3254 1103 3334 feroces,
1119 3255 1180 3318 llo·

178 3353 278 3395 manos
301 3335 394 3416 pudor
409 3341 597 3400 excitaverat.
634 3357 694 3400 nox
709 3338 785 3418 apud
799 3337 939 3401 barbaros
953 3346 1037 3400 cantu
1054 3348 1103 3400 aut
1119 3337 1180 3403 clu·

144 3427 269 3498 tumore,
284 3421 390 3480 nostris
407 3438 461 3500 per
475 3423 545 3484 iram
564 3430 593 3482 et
610 3423 700 3484 ruinas
716 3433 789 3485 acta.
