2596 3872
191 129 255 195 ³08
439 142 940 193 coauuunracrrraunanrnnr

192 299 304 376 agmina
320 297 394 358 trabi
410 297 571 359 actoribus
586 299 734 361 hortorum
749 299 893 361 adiacere.
924 299 1011 377 atque
1030 297 1079 360 ubi
1096 299 1187 360 dicen·
1274 319 1275 362 ς

194 384 255 443 dam
283 384 318 442 ad
346 401 459 444 eausam
483 385 672 462 introissent,
699 386 772 446 claro
789 382 893 446 ‘aetum
922 404 993 463 erga
1023 387 1185 448 coniuratos

194 477 224 528 et
252 469 388 527 fortuitus
415 485 512 540 sermo
540 477 571 527 et
600 469 687 528 subiti
716 487 878 547 occursus,
913 472 937 528 si
963 471 1141 548 convivium,
1162 472 1185 530 si

192 554 391 634 spectaculum
412 553 495 614 simul
518 555 655 632 inissent,
681 572 734 634 pro
758 554 875 615 erimine
896 553 1006 632 accipi,
1027 571 1091 616 cum
1106 572 1189 634 super

159 657 182 696 ιο
194 638 321 698 Neronis
341 635 376 698 ae'
396 637 533 716 Tigellini
554 655 659 698 saevas
681 639 919 718 percontationes
934 637 1058 698 Faenius
1077 656 1189 718 quoque
1274 639 1275 642 ’

190 723 282 783 Rulns
304 723 450 782 violenter
470 730 624 800 urgueret,
649 723 774 782 nondum
798 721 834 782 ab
856 722 999 782 indicibus
1021 723 1189 801 nominatus,
1274 727 1275 794 ἶ

192 817 221 868 et
246 824 303 886 quo
327 806 413 866 fidem
428 807 562 866 inscitiae
580 815 707 887 pararet,
724 815 810 867 atrox
825 806 966 868 adversus
981 807 1092 868 socios.
1118 807 1190 866 idem
1274 807 1275 836 ³

191 891 295 952 Subrio
317 890 410 952 Flavo
431 890 582 950 adsistenti
598 890 806 971 adnuentique,
831 908 868 950 an
885 893 961 951 inter
981 890 1074 970 ipsam
1093 894 1189 969 cogni·

190 977 300 1035 tionem
318 975 514 1052 destringeret
537 973 662 1051 gladium
678 975 855 1055 caedemque
876 984 1019 1054 patraret,
1040 975 1134 1035 renuit
1152 976 1190 1034 in·
1274 981 1275 1020 l

157 1081 181 1122 ιι
190 1059 340 1138 fregitque
355 1059 492 1138 impetum
506 1061 562 1120 iam
576 1077 687 1119 manum
702 1059 738 1120 ad
754 1059 888 1140 capulum
901 1060 1068 1120 referentis.

255 1145 306 1205 59.
332 1141 428 1202 Fuere
458 1143 505 1222 qui
535 1143 649 1222 prodita
681 1144 895 1222 coniuratione,
924 1143 990 1204 dum
1011 1143 1122 1204 auditur
1141 1143 1192 1204 bli-

189 1227 301 1307 liebus,
319 1225 383 1287 dum
401 1225 510 1288 dubitat
525 1227 698 1307 Scaevinus,
719 1227 903 1289 hortarentur
916 1227 1052 1288 Pisonem
1067 1245 1191 1306 pergere

189 1315 219 1373 in
240 1321 335 1374 castra
360 1320 407 1372 aut
429 1320 524 1372 rostra
548 1311 708 1372 escendere
730 1314 880 1392 studiaque
901 1311 1020 1372 militnm
1044 1321 1073 1372 et
1092 1311 1192 1390 populi
1274 1321 1275 1372 ἴ

190 1406 343 1477 temptare.
374 1397 398 1456 si
415 1395 566 1456 conatibus
585 1397 646 1456 eius
662 1397 772 1457 conscii
783 1397 1024 1476 adgregarentnr,
1042 1404 1192 1455 secuturos
1274 1443 1275 1474 ,

167 1483 277 1542 setiam
301 1482 433 1559 integros
440 1503 448 1552 ;
473 1487 781 1560 magnamque'motae
801 1481 846 1541 rei
868 1481 986 1558 lamam,
1010 1496 1084 1558 quae
1105 1478 1192 1558 pluri·

139 1621 147 1634 ,
190 1583 264 1625 mum
285 1567 315 1627 in
336 1565 420 1625 novis
444 1564 573 1625 consiliis
589 1564 709 1644 valeret.
739 1564 809 1624 nihil
830 1564 982 1625 adversum
997 1562 1071 1624 haee
1084 1561 1193 1622 Neroni

190 1649 348 1730 provisum.
381 1649 465 1708 etiarn
476 1650 571 1710 iortes
583 1650 663 1708 viros
678 1648 779 1709 subitis
792 1645 909 1726 terreri,
925 1647 1028 1708 nedum
1046 1647 1097 1707 ille
1112 1664 1193 1707 seae-

190 1736 282 1810 nicus,
302 1731 449 1809 Tigellino
465 1731 579 1793 scilicet
595 1751 657 1792 cum
672 1732 834 1812 paelicibus
850 1734 909 1792 suis
928 1733 1097 1808 eomitante,
1116 1747 1194 1790 mma
1274 1771 1275 1782 ι

191 1824 291 1877 contra
308 1817 408 1876 cieret.
438 1815 526 1876 multa
548 1816 727 1896 experiendo
748 1817 884 1895 confieri,
907 1815 1136 1896 quae'segnibus
1149 1833 1195 1874 ar·
1274 1815 1275 1888 3

156 1922 179 1962 ro
190 1899 245 1960 dua
260 1899 422 1960 videantur.
454 1899 561 1961 frustra
577 1900 721 1960 silentium
739 1909 768 1960 et
785 1900 870 1961 iidem
892 1901 921 1960 in
942 1908 986 1961 tot
1010 1899 1196 1959 consciorum
1274 1913 1275 1978 j

190 1983 290 2044 animis
309 1991 338 2042 et
356 1983 530 2064 corporibus
548 2001 684 2064 sperare;
708 1984 847 2045 cruciatui
869 1991 917 2046 ant
937 1983 1066 2062 praemio
1091 1991 1195 2043 cuneta
1274 2001 1275 2058 j

189 2069 290 2146 pervia
310 2084 387 2126 esse.
417 2075 555 2127 venturos
572 2068 621 2146 qui
637 2069 729 2147 ipsum
745 2085 860 2146 quoque
872 2067 1025 2142 vincirent,
1042 2065 1196 2144 postremo
1274 2083 1275 2096 ¹

188 2151 307 2228 indigna
322 2153 396 2210 nece
414 2150 581 2210 adiicerent.
612 2159 719 2229 quanto
742 2150 912 2211 laudabilius
932 2152 1107 2228 periturum,
1129 2148 1197 2208 dum

191 2233 375 2314 amplectitur
390 2251 450 2294 rem
465 2233 626 2313 publicam,
643 2235 708 2294 dum
723 2234 829 2294 auxilia
846 2233 973 2294 libertati
988 2234 1114 2293 invocat.
1143 2234 1198 2292 mi-

155 2320 234 2381 mles
255 2320 351 2399 potius
367 2317 486 2378 deesset
504 2327 532 2377 et
548 2318 651 2396 plebes
666 2319 832 2396 desereret,
855 2317 921 2376 dum
941 2317 1005 2394 ipse
1025 2314 1198 2394 maioribus,

189 2405 255 2464 dum
271 2403 413 2482 posteris,
429 2403 454 2462 si
472 2403 530 2462 vita
547 2401 778 2481 praeriperetur,
793 2409 915 2462 mortem
931 2399 1118 2480 adprobaret.
1155 2403 1200 2460 in·

189 2496 284 2549 motus
299 2486 344 2546 his
361 2495 390 2546 et
405 2485 551 2566 paululum
566 2485 594 2544 in
612 2485 730 2563 publico
744 2494 894 2564 versatus,
918 2493 988 2564 post
1003 2485 1080 2545 dorni
1095 2501 1200 2545 seere-
1274 2501 1275 2550 3

188 2581 250 2649 tus,
273 2574 395 2631 animum
418 2569 570 2630 adversum
593 2587 727 2638 suprema
750 2568 897 2646 firmabat,
921 2568 1017 2629 donec
1031 2586 1132 2628 manus
1147 2571 1201 2628 mi·
1274 2575 1275 2606 ³

189 2656 269 2715 litum
291 2654 456 2730 adveniret,
487 2671 561 2732 quos
581 2649 661 2713 Nero
684 2655 794 2714 tirones
818 2660 866 2714 aut
886 2652 1036 2732 stipendiis
1058 2661 1202 2712 recentes

155 2759 179 2796 ec
193 2737 362 2815 delegerat:
386 2755 450 2796 nam
470 2745 554 2797 vetus
577 2736 660 2796 miles
681 2736 833 2798 timebatur
864 2747 1005 2813 tamquam
1035 2736 1142 2797 favore
1157 2738 1201 2796 in·

190 2824 288 2883 butue
319 2819 389 2880 obiit
411 2819 541 2900 abruptis
561 2818 746 2882 brachiorum
761 2823 853 2882 venis.
884 2827 1085 2886 testamentum
1100 2819 1202 2881 foedis
1274 2803 1275 2896 l

190 2905 330 2967 adversus
351 2902 499 2965 Neronem
521 2903 730 2967 adulationibus
755 2908 845 2968 amori
871 2904 972 2966 uxoris
997 2902 1091 2983 dedit,
1113 2921 1199 2984 qnam

191 2991 368 3067 degenerem
391 2997 420 3048 et
439 2988 503 3048 sola
527 2989 661 3067 corporis
676 2989 769 3050 ierma
785 2987 1017 3070 ‚commendatam
1038 2989 1122 3048 amici
1136 3003 1200 3047 ma·
1262 2991 1275 3013 i

190 3071 324 3133 trimonio
341 3073 510 3133 abstulerat.
541 3089 644 3134 nomen
661 3071 889 3135 mulieriflltria
904 3071 1003 3150 Galla,
1030 3072 1124 3150 priori
1139 3091 1205 3132 ma-

157 3173 183 3214 25
192 3159 247 3216 nto
263 3156 406 3216 Domitius
422 3157 514 3216 Silus:
541 3155 590 3215 bie
604 3156 756 3235 patientia,
770 3155 822 3216 illa
836 3155 1003 3235 inpudicitia
1017 3154 1167 3217 Pisonis
1156 3174 1206 3215 rn-
1274 3223 1275 3228 .

191 3241 304 3301 iamiam
321 3250 536 3320 propagavere.
590 3273 593 3280 ·
1274 3247 1275 3278 t

253 3324 303 3386 60
324 3324 488 3384 Proximam
509 3339 611 3383 necem
626 3323 728 3386 Plauti
743 3325 876 3387 Laterani
897 3324 1026 3386 consulis
1049 3285 1208 3400 designati
1274 3359 1275 3364 κ

191 3401 270 3464 Nero
290 3406 431 3488 adiungit,
448 3407 522 3469 adeo
539 3424 685 3488 propere,
701 3417 731 3469 ut
747 3425 806 3470 non
822 3408 976 3490 complecti
990 3407 1120 3485 liberos,
1138 3423 1207 3468 uon
