2440 3886
145 177 182 237 10
404 186 570 236 coaunnrr
585 186 703 235 nucum
714 185 913 234 susurrum

108 367 133 409 ro
144 343 340 420 consentitur,
363 359 417 420 pro
439 342 576 402 Arruntio
602 341 716 420 quidam
741 339 793 401 Gn.
821 339 954 400 Pisonem
980 339 1154 409 tradidere,·

143 445 302 506 omnesque
323 435 442 506 praeter
461 425 600 504 Lepidum
621 426 709 485 variis
736 442 804 485 mox
828 423 991 484 criminibus
1015 432 1155 483 struente

142 511 259 571 Tiberio
282 509 468 572 circumventi
490 518 567 570 sunt.
603 511 689 570 etiam
710 507 746 582 Q.
768 507 902 570 Haterius
928 515 958 568 et
981 506 1155 568 Mamercus

142 597 268 656 Scaurus
286 595 468 672 suspicacem
480 595 600 653 animum
612 593 822 673 perstrinxere,
835 590 968 653 Haterius
982 609 1045 652 curu
1057 590 1153 651 dixis·

143 688 188 738 set
207 681 378 760 ‘quousque
392 678 528 756 patiaris,
539 674 672 752 Caesar,
688 693 746 736 non
769 677 874 737 adesse
891 685 977 755 caput
991 677 1035 735 rei
1048 675 1153 758 publi·

109 759 249 840 1scaei',
273 763 400 822 Scaurus
421 760 487 840 quia
503 760 632 837 dixerut,
655 777 737 839 spem
759 777 826 820 esse
847 777 886 820 ex
908 776 1024 820 eonon
1045 759 1154 820 inritas

141 848 207 908 iore
222 855 341 906 senatus
357 862 475 924 preces,
491 845 568 924 quod
583 844 717 905 relationi
734 843 884 906 consulum
898 845 961 904 iura
976 843 1152 905 tribuniciae

142 932 294 1009 potestatis
322 946 380 989 non
400 929 627 989 intercessisset.
665 929 693 988 in
719 927 866 988 Haterium
893 928 987 987 statim
1013 929 1152 987 invectus

143 1023 203 1081 est;
220 1015 370 1088 Scaurum,
387 1013 432 1072 eui
447 1010 647 1092 inplacabilius
663 1010 858 1088 irascebatur,
882 1010 998 1072 silentio
1015 1011 1150 1070 tramisit.

141 1098 298 1174 fessusque
316 1096 444 1156 clamore
459 1097 593 1172 omniurn,
611 1095 846 1174 expostulatione
869 1095 1046 1172 singulorum
1064 1094 1152 1155 benit

105 1197 133 1240 ao
142 1181 289 1263 paulatim,
306 1196 364 1239 non
378 1188 409 1260 ιιι
424 1179 566 1240 fateretur
580 1181 688 1258 suscipi
703 1196 765 1240 ase
779 1179 946 1257 imperium,
971 1178 1024 1238 aed
1044 1187 1076 1238 ut
1096 1196 1149 1237 ue·

142 1282 214 1342 gare
231 1272 260 1324 et
274 1265 373 1341 rogari
389 1263 546 1324 desineret.
578 1272 691 1324 constat
705 1262 868 1339 Haterium,
889 1281 952 1322 cum
969 1261 1150 1341 deprecandi

47 1391 51 1400 ·
142 1367 230 1409 causa
246 1348 385 1408 Palatium
400 1347 548 1408 introisset
562 1346 790 1426 ambulantisque
805 1345 913 1407 'liberii
928 1362 1023 1423 genua
1045 1347 1149 1406 advolo

143 1441 272 1509 veretur,
288 1449 384 1510 prope
399 1450 416 1491 a
431 1430 568 1491 militibus
584 1431 778 1507 interiectum,
800 1431 866 1508 quia
879 1429 1013 1490 Tiberius
1026 1447 1095 1490 casu
1111 1447 1149 1490 an

142 1516 271 1576 manibus
287 1516 349 1575 eius
365 1514 510 1594 inpeditus
527 1515 702 1594 prociderat.
734 1532 830 1592 neque
845 1523 940 1574 tamen
955 1513 1088 1592 periculo
1104 1522 1147 1574 ta·

107 1619 134 1660 aa
144 1601 180 1660 lis
197 1599 251 1659 viri
265 1600 411 1675 mitigatus
427 1607 487 1678 est,
507 1599 601 1659 donec
618 1597 752 1658 Haterius
766 1597 926 1675 Augustam
947 1606 1045 1658 oraret
1070 1599 1147 1656 eius·

144 1701 201 1763 que
218 1683 404 1742 curatissimis
419 1683 557 1760 precibus
571 1690 786 1761 protegeretur.

210 1767 258 1826 14.
280 1764 370 1825 Multa
393 1775 505 1843 patrum
529 1775 559 1834 et
576 1767 605 1825 in
625 1765 784 1843 Augustam
807 1764 944 1826 adulatio.
974 1764 1023 1824 alii
1040 1781 1143 1843 paren·

146 1861 221 1925 tem,
243 1849 291 1908 alii
313 1858 432 1908 matrem
454 1850 566 1927 patriae
591 1849 808 1928 appellandam,
832 1849 966 1928 plerique
987 1856 1018 1908 ut
1038 1849 1144 1909 nomini

145 1933 281 1994 Caesaris
293 1932 508 1994 adscriberetur
520 1933 627 1994 ‘lullae
641 1932 732 1992 iilius’
747 1932 914 1993 censebant.
930 1933 981 1992 ille
993 1931 1143 1992 moderan-

143 2017 198 2078 dos
222 2016 388 2076 ieminarum
404 2017 532 2076 bonores
551 2017 686 2077 dictitans
711 2018 871 2096 eademque
896 2017 1143 2095 seltemperantia

80 2175 83 2178 Ι
116 2114 260 2160 ausurum
276 2101 304 2158 in
319 2101 355 2158 iis
370 2118 445 2179 quae
463 2099 518 2160 sibi
533 2100 745 2178 tribuerentur,
770 2109 898 2161 ceterum
919 2101 1019 2160 auxius
1039 2098 1142 2160 invidia

143 2193 173 2244 et
187 2183 329 2242 muliebre
341 2183 485 2260 fastigium
501 2185 529 2244 in
544 2185 766 2245 deminutionem
782 2185 825 2244 sui
840 2185 987 2262 accipiens
1005 2201 1042 2242 ne
1059 2184 1142 2242 licto·

142 2285 204 2328 rem
218 2265 335 2346 quidem
354 2267 382 2326 ei
397 2266 514 2328 decerni
533 2285 637 2348 passus
655 2277 701 2328 est
715 2285 851 2345 aramque
867 2267 1031 2348 adoptionis
1043 2275 1071 2327 et
1086 2265 1141 2326 alia

143 2351 265 2411 huiusce
280 2350 357 2411 modi
371 2351 525 2428 prohibuit.
555 2361 584 2412 at
604 2350 775 2413 Germanico
791 2350 911 2413 Caesari
932 2349 1140 2430 proconsulare

143 2436 296 2513 imperium
311 2434 424 2514 petivit,
439 2435 683 2515 missiquelegati
700 2438 748 2516 qui
761 2435 919 2510 deferrent,
934 2435 1016 2495 simul
1027 2434 1140 2494 maesti·

109 2518 211 2586 notiam
226 2519 288 2576 eius
304 2517 342 2578 ob
360 2535 515 2579 excessum
530 2519 654 2598 Augusti
674 2522 846 2582 solarentur.
880 2520 1048 2599 quominus
1066 2516 1140 2577 idem

143 2619 197 2682 pro
225 2601 322 2662 Druso
344 2603 556 2680 postularetur,
580 2621 615 2664 ea
638 2621 724 2664 causa
751 2603 829 2683 quod
853 2603 1020 2682 designatus
1042 2602 1140 2662 consul

133 2687 256 2762 ¹Drusus
278 2703 478 2764 praesensque
503 2695 575 2747 erat.
612 2687 781 2748 candidatos
808 2689 963 2766 praetura'c
987 2687 1139 2750 ¹duodecim

143 2770 310 2846 nominavit,
326 2787 474 2830 numerum
488 2770 526 2831 ab
541 2769 675 2848 Augusto
690 2772 836 2840 traditum;
855 2779 892 2830 et
911 2771 1044 2832 hortante
1060 2788 1138 2830 sena·

54 2933 56 2937 Ι
144 2863 173 2912 tu
192 2861 222 2912 ut
239 2861 371 2931 augeret,
387 2855 450 2914 iure
465 2855 585 2915 iurando
601 2854 754 2916 obstrinxit
768 2873 801 2915 se
815 2871 873 2915 non
888 2871 1087 2915 excessurum.

207 2937 262 2996 15..
280 2935 351 2996 'lum
373 2938 494 3015 primurn
516 2957 532 2998 e
556 2955 659 3018 campo
681 2939 795 3000 comitia
821 2939 857 2999 ad
881 2948 979 3017 patres
1005 2937 1137 2999 translata

144 3028 224 3079 sunt:
246 3035 311 3079 nam
331 3021 367 3081 ad
392 3039 455 3082 eam
477 3023 571 3099 diem,
596 3025 651 3083 etsi
672 3023 820 3102 potissima
847 3021 965 3083 arbitrio
990 3023 1136 3100 principis,

144 3103 285 3182 quaedam
296 3113 391 3165 tamen
406 3105 507 3166 studiis
518 3105 640 3166 tribuum
653 3106 767 3167 flebant.
794 3124 890 3185 neque
906 3106 1033 3186 populus
1047 3105 1138 3168 adem·

143 3197 223 3267 ptum
237 3188 280 3247 ius
297 3198 416 3266 questus
433 3199 478 3250 est
495 3190 549 3250 nisi
569 3191 645 3250 inani
666 3207 797 3266 rumore,
820 3200 850 3251 et
870 3200 987 3250 senatus
1014 3189 1138 3268 largitio·

119 3271 227 3332 unibus
242 3289 278 3332 ac
292 3272 429 3350 precibus
446 3273 571 3334 sordidis
588 3275 738 3335 exsolutus
750 3274 844 3334 libens
857 3275 957 3351 tenuit,
973 3275 1136 3335 moderante

143 3353 260 3415 'liberio
281 3373 318 3415 ne
341 3356 441 3435 plures
466 3375 549 3436 quam
568 3367 705 3436 quattuor
725 3358 892 3419 candidatos
917 3357 1134 3432 commendaret,

143 3439 205 3497 sine
221 3439 339 3518 repulsa
353 3449 382 3500 et
397 3440 503 3501 ambitu
524 3441 730 3520 designandos.
759 3443 834 3502 inter
857 3459 932 3521 quae
953 3441 1057 3502 tribuni
1076 3439 1134 3518 plo·
1156 3477 1178 3506 ι
