2596 3872
183 123 245 190 ³18
457 131 956 188 conmanunaomrnnunmuu

181 312 250 354 mox
271 293 419 370 flagitante
440 291 530 369 vulgo
554 301 584 352 ut
607 293 699 353 omnia
721 292 813 352 studia
834 310 885 354 aua
908 258 1069 371 puhliedret
1094 293 1183 374 (haee

182 378 257 438 enim
272 375 362 436 verba
379 376 496 454 dixere)
512 376 672 454 ingreditur
691 375 847 453 theatrum,
874 378 985 438 curretis
1000 375 1127 438 citharae
1143 379 1182 438 le·

179 461 267 539 gibus
282 461 505 538 obtemperans,
528 479 565 520 ne
578 459 675 522 iesous
687 460 851 537 resideret,
869 477 908 524 ue
925 459 1060 522 sudorem
1077 461 1132 522 n'mi
1148 479 1184 522 ea
1284 469 1285 486 ¹

73 553 81 576 ι
146 557 172 600 ιι
183 563 267 624 quam
282 543 391 604 indutui
407 543 530 622 gerebat
550 551 633 604 reste
653 544 835 622 detergeret,
860 554 890 604 ut
905 545 984 608 nulla
999 547 1059 608 orie
1074 554 1181 610 autma-

180 631 254 690 rirrur
277 636 463 690 excrementa
483 629 656 688 viserentur.
686 639 834 707 postremo
855 629 949 688 llexua
970 647 1048 708 genu
1069 637 1099 689 et
1115 646 1182 689 ooo·

181 722 239 774 tum
261 712 341 774 illum
359 731 444 772 manu
471 721 626 774 veneratus
646 715 807 778 sententias
829 713 952 774 iudicum
970 713 1184 792 opperiebatur
1284 737 1285 794 ς

181 799 249 858 doto
265 814 386 876 pauore.
422 805 451 856 et
472 795 558 876 plebs
573 795 688 877 quidem
703 797 796 875 urbis,
811 796 980 860 histrionum
995 814 1113 876 quoque
1126 817 1184 876 ge·
1284 845 1285 880 ᾗ

180 891 241 942 etue
262 882 361 941 iurare
385 881 486 957 solita,
508 880 685 959 personabat
706 883 793 942 certis
810 881 904 942 modis
922 882 1083 961 plausuque
1105 899 1182 944 eorn-

144 979 171 1021 ιι
179 967 288 1045 posito.
321 963 459 1024 erederea
472 964 584 1042 laetari,
599 983 635 1026 aa
646 966 772 1028 sortasse
784 965 964 1032 laetabantur
976 983 1030 1046 per
1044 967 1182 1029 iunuriam
1284 971 1285 1050 f

179 1047 287 1129 publiei
300 1047 413 1128 flagitii.

242 1134 271 1194 5.
294 1129 354 1192 Sed
377 1132 426 1210 qui
445 1133 566 1193 remotis
593 1135 793 1213 emunioipiis
822 1147 989 1210 severaque
1024 1133 1124 1200 adhue
1152 1143 1181 1194 et
1284 1141 1285 1214 l

179 1217 287 1295 antiqui
322 1218 413 1286 moris
429 1218 576 1280 retinente
590 1218 690 1294 ltalia,
731 1220 836 1298 quique
849 1237 905 1298 per
921 1219 1094 1302 longinquas
1113 1234 1179 1295 pro·

178 1301 288 1362 vinciae
308 1299 430 1363 bacinia
447 1300 591 1379 inexperti
606 1300 704 1361 officio
725 1303 902 1379 legationum
918 1311 965 1364 aut
983 1303 1095 1381 priuata
1107 1301 1181 1362 utili·

178 1393 237 1445 tate
250 1384 558 1463 adueneraut‚·ueque
573 1394 723 1464 aspectum
737 1378 815 1450 illum
830 1387 958 1448 tolerare
975 1403 1071 1464 neque
1086 1383 1181 1445 labori
1284 1399 1285 1424 ι

154 1469 332 1538 rinbouaato
350 1468 509 1544 audiuere,
533 1487 596 1528 oum
612 1469 864 1544 damnaremus
881 1471 1066 1555 latieeereut,
1082 1468 1176 1529 turba·

177 1561 242 1614 rent
264 1569 375 1632 guaros
395 1570 431 1613 ao
450 1570 543 1630 saepe
557 1571 575 1613 a
586 1554 727 1628 mil-itibus
743 1553 982 1632 verbonanaatur,
999 1555 1046 1633 qui
1059 1571 1114 1633 per
1132 1561 1180 1612 eu·

177 1654 250 1698 neos
266 1635 399 1713 stabant,
420 1635 556 1714 nequod
578 1639 718 1716 temporis
740 1648 913 1705 momentum
937 1638 1029 1718 inpari
1050 1637 1181 1710 clamore

93 1746 96 1753 ·
174 1729 226 1782 aut
246 1720 364 1783 silentio
385 1720 470 1797 regni
493 1723 677 1798 praeteriret.
709 1723 841 1784 oouetitit
859 1723 1019 1802 plerasque
1040 1722 1180 1800 equitum,

176 1804 243 1869 dum
260 1822 314 1884 par
329 1805 478 1881 augustias
493 1802 587 1876 adium
603 1814 632 1864 et
650 1805 832 1882 ingruentem
846 1805 1051 1878 multitudinem
1066 1804 1180 1869 enitun-

141 1897 238 1964 1otur‚
255 1886 396 1964 obtritos,
415 1895 445 1948 et
460 1887 548 1966 alios,
570 1888 636 1953 dum
651 1887 726 1962 diurn
741 1899 915 1969 noctemque
926 1889 1069 1950 aedilibus
1086 1889 1179 1948 eonti-

175 1979 270 2050 nuaut‚
285 1970 388 2031 morbo
401 1969 545 2032 exitiabili
555 1981 719 2052 eorreptoa.
752 1975 860 2054 quippe
876 1976 996 2052 gravior
1007 1975 1104 2044 inerat
1115 1991 1178 2040 me·

175 2064 236 2130 tua,
261 2055 286 2114 ai
308 2054 481 2133 spectaculo
504 2054 680 2133 defuissent,
702 2058 799 2120 multis
815 2059 909 2137 palam
931 2067 961 2118 et
979 2055 1110 2136 pluribus
1128 2074 1178 2115 oe·

176 2138 272 2216 uultis,
280 2146 312 2198 ut
323 2139 437 2202 nomina
449 2157 484 2200 ao
494 2139 601 2218 voltus,
612 2139 791 2203 alacritatem
802 2142 1002 2220 tristitiamque
1012 2139 1179 2210 obeuntium

176 2231 384 2285 serutaremur.
413 2222 489 2287 unde
501 2221 680 2285 tenuioribus
696 2226 790 2286 atatim
804 2227 936 2302 inrogata
952 2224 1111 2304 supplicia,
1126 2222 1178 2284 ad-

140 2325 165 2367 ιι
175 2323 290 2368 versum
308 2307 446 2370 inlustras
468 2306 723 2371 dissimulaturum
745 2327 885 2388 praesens
903 2317 932 2371 et
950 2326 1019 2378 mox
1035 2305 1179 2368 redditum

175 2391 280 2450 odium.
311 2390 503 2470 ferebantque
522 2392 749 2472 Vespasianum,
769 2401 913 2472 tamquam
935 2408 1037 2456 somno
1055 2391 1177 2453 oonive·
1284 2385 1285 2446 l

173 2483 229 2552 ret,
245 2493 262 2537 a
276 2475 397 2545 Phoebo
412 2475 518 2542 liberto
532 2476 705 2555 iueropituur
714 2494 865 2555 aegreque
876 2476 1026 2542 meliorum
1039 2474 1179 2554 precibus
1284 2525 1285 2536 ι

174 2558 329 2635 obtectam,
344 2576 413 2620 mox
426 2561 609 2630 inmittentem
624 2561 783 2640 pernieiem
797 2563 906 2632 maiore
920 2561 983 2630 lato
998 2559 1150 2636 eburone.

236 2641 266 2702 6.
285 2642 356 2704 Post
371 2643 456 2712 linem
470 2643 572 2709 ludioni
586 2645 727 2724 Poppaea
745 2653 868 2708 mortem
883 2644 968 2722 obiit,
986 2644 1105 2709 fortuita
1116 2661 1181 2704 rna⁴

172 2727 220 2788 riti
237 2725 402 2806 munandin,
423 2747 441 2791 a
460 2747 517 2807 quo
532 2727 654 2806 gravida
677 2729 735 2790 ictu
757 2729 847 2792 oaloie
862 2729 977 2799 additia
989 2735 1046 2794 eat.
1079 2745 1178 2804 neque

173 2809 248 2870 eninr
268 2828 410 2874 reueuum
431 2812 620 2888 credideder,
648 2814 778 2890 quamvis
800 2813 914 2892 quidam
935 2814 1096 2892 adulatores
1119 2821 1177 2878 tra·

172 2891 257 2969 daut,
274 2893 342 2954 odio
357 2895 449 2971 magia
465 2912 549 2973 quarn
565 2913 602 2954 ex
618 2893 690 2956 lide:
709 2898 818 2976 quippe
834 2897 993 2968 liberorum
1009 2897 1130 2975 eapiens
1147 2900 1177 2952 et
1284 2953 1285 2972 2

147 2977 265 3043 tamari
286 2979 386 3047 uxoris
409 2976 644 3048 attonuere.
677 2997 784 3058 eorpus
805 2999 863 3044 nou
886 2983 947 3058 igni
967 2978 1121 3054 abolitum,
1144 2984 1175 3035 ut
1269 2985 1285 3062 q

103 3103 110 3114 ·
171 3061 320 3132 uranu
340 3078 420 3138 moa,
440 3061 493 3126 aad
514 3079 616 3139 regum
637 3070 825 3132 externorum
846 3059 1054 3127 consuetudine
1075 3063 1176 3132 diber-
1284 3105 1285 3126 r

172 3155 232 3216 turu
257 3144 397 3216 odoribut
422 3145 553 3215 obeditur
572 3145 738 3303 tumuloque
755 3146 892 3218 luliarum
907 3147 1037 3215 infertur.
1051 3181 1055 3186 -
1068 3146 1178 3212 ductae

172 3239 268 3301 tamen
283 3228 418 3310 publiaae
434 3229 610 3309 exsequiae,
633 3229 689 3301 lau
702 3230 896 3311 uritqueiqrae
910 3231 987 3312 apud
1001 3239 1099 3296 roura
1112 3229 1176 3288 lor·

172 3331 246 3380 maru
260 3315 322 3383 eiua
338 3323 368 3375 et
382 3312 461 3393 quod
475 3313 590 3380 divinae
607 3314 724 3380 luluutie
733 3332 846 3395 *parem
866 3316 969 3382 fuisset
984 3316 1098 3394 aliaque
1111 3312 1175 3372 lor·

139 3411 164 3456 ιι
173 3403 259 3459 tunae
272 3415 388 3458 munera
406 3411 460 3478 pro
476 3397 637 3462 uirtutibus.
