2596 3872
444 161 551 210 crans
573 161 632 210 xv.
657 160 849 216 osr.1-e.
885 201 887 208 .
1085 152 1148 216 285

209 317 239 378 4.
261 315 305 378 Ea
323 316 387 377 dum
408 333 424 374 a
448 312 617 376 Corbulone
638 315 762 377 tuendae
783 316 885 378 Suriae
908 327 1059 398 parantur,
1083 329 1150 382 ecto
1223 381 1226 386 .

142 404 249 482 raptim
264 401 378 480 agmine
387 403 543 474 Monaeses,
564 407 594 460 ut
611 401 715 462 lamam
730 403 773 462 sui
788 403 930 481 praeiret,
946 419 1004 462 non
1020 402 1087 464 ideo
1100 421 1150 465 ne·

143 488 237 548 scium
256 494 306 550 out
333 486 475 546 ineoutuun
497 483 643 561 Tigranen
665 484 793 546 offendit
831 497 1028 565 occupauerat
1049 485 1149 565 Tigra·

144 575 312 647 nocentem,
334 568 435 630 urbem
451 568 537 647 copia
552 565 738 630 defensorum
753 579 783 630 et
795 570 990 648 magnitudine
1005 574 1149 633 moenium

143 653 276 716 validam.
305 653 341 715 ad
354 653 411 714 boc
424 651 618 730 Nicephorius
631 653 721 716 amnis
732 653 807 716 bend
822 654 986 734 spernenda
1000 655 1148 716 latitudine
1161 679 1173 718 s

144 747 256 818 partem
271 755 415 800 murorum
429 736 516 798 ambit
528 744 560 796 et
575 735 660 798 ducta
677 737 782 817 ingens
802 738 899 816 lossa,
919 756 975 818 qua
991 739 1078 800 llurio
1096 739 1148 801 dil·

141 821 295 884 fidebetur.
321 823 491 900 inerantque
506 819 611 882 milites
626 830 656 882 et
670 822 782 901 provisi
797 831 864 886 aute
875 833 1062 902 commeatus,
1078 841 1147 904 quo·

141 925 206 966 rum
220 905 363 968 subvectu
378 905 463 986 pauci
486 905 597 968 avidius
618 907 770 985 progressi
787 915 816 968 et
836 909 995 988 repentinis
1015 907 1148 970 besti-bus

143 992 332 1053 circumventi
351 991 393 1050 iro
413 989 506 1068 magis
528 1006 613 1068 quem
630 1000 707 1051 metu
725 999 842 1090 eptem
862 991 1066 1054 aoceoderant.
1095 993 1149 1054 sed

141 1075 251 1138 Partho
267 1075 303 1136 ad
323 1073 525 1154 exsequendos
544 1073 716 1136 obsidiones
736 1074 814 1136 nulla
837 1077 995 1138 comminus
1010 1075 1146 1138 eudocia:
1160 1096 1183 1138 ro

68 1185 72 1190 ’
142 1160 218 1242 raris
246 1161 360 1236 sagittis
385 1176 482 1238 neque
513 1157 630 1220 clausos
656 1167 785 1220 exterret
814 1169 843 1222 et
868 1169 960 1222 semet
985 1161 1147 1222 frustratur.

142 1243 288 1306 Adiabeni
305 1261 369 1305 cnm
384 1243 670 1324 promoverescolas
685 1252 716 1304 et
734 1243 962 1306 machiaementa
975 1244 1148 1325 inciperent,

143 1328 232 1390 locile
246 1327 370 1405 detrusi,
388 1343 458 1388 mox
474 1327 691 1406 erumpentibus
705 1329 812 1392 nostris
828 1328 995 1390 caeduntur.

208 1413 236 1472 5.
259 1410 388 1472 Corbulo
406 1420 516 1488 mosen,
541 1413 671 1490 quamvis
686 1410 823 1472 secundis
843 1412 931 1473 rebus
949 1413 1027 1490 suis,
1050 1412 1148 1475 mode·
1174 1444 1290 1466 -υ

141 1497 263 1560 randum
278 1497 412 1576 fortunae
429 1503 507 1556 ratus
524 1495 602 1556 misit
623 1495 658 1557 ad
671 1494 845 1575 Vologesen
862 1496 910 1576 qui
928 1496 1148 1575 expostularent

144 1585 202 1642 vim
220 1583 392 1662 prouinciae
407 1579 538 1644 inlatam:
552 1581 666 1640 sosium
681 1581 861 1660 amicumque
877 1597 994 1658 regem,
1011 1579 1149 1641 cobortes

142 1667 289 1729 Romanos
306 1663 512 1726 circumsideri.
547 1665 694 1726 omitteret
713 1666 809 1746 potius
830 1663 1028 1742 obsidionem,
1051 1673 1149 1729 autse

144 1767 262 1832 quoque
278 1751 307 1810 in
322 1765 396 1829 agro
412 1749 511 1810 hostili
527 1757 623 1810 costra
637 1749 804 1828 positurum.
839 1746 998 1828 Casperius
1017 1751 1147 1811 centurio
1161 1767 1173 1807 ι

143 1839 173 1897 in
190 1853 254 1896 eom
266 1833 444 1914 legationem
459 1832 593 1914 delectus,
605 1833 682 1913 apud
696 1832 834 1914 oppidum
845 1831 976 1909 Nisibin,
992 1841 1105 1914 septem
1121 1843 1150 1894 et

143 1920 262 1998 triginta
273 1917 388 1980 milibus
400 1917 783 1998 passuumaTigranocerta
795 1915 957 1994 distantem,
967 1916 1037 1978 adiit
1048 1935 1150 1996 regem

145 2014 176 2064 et
185 2003 316 2066 mandata
332 2001 474 2062 ferociter
489 2001 586 2062 edidit.
608 2001 754 2080 Vologesi
765 2009 850 2062 vetus
865 2009 895 2062 et
906 2003 1020 2080 penitus
1034 2001 1150 2062 inlisum

147 2097 210 2150 eret
224 2104 301 2151 arma
316 2087 446 2148 Romano
462 2085 586 2162 vitandi,
601 2103 658 2147 nec
672 2087 838 2164 praesentia
853 2102 997 2166 prospere
1013 2085 1149 2147 linebant.

49 2231 53 2235 .
143 2171 258 2232 inritum
272 2169 431 2247 obsidium,
451 2177 528 2230 tutus
547 2185 632 2230 manu
648 2179 677 2230 et
699 2170 793 2249 copiis
808 2169 967 2247 Tigranes,
992 2169 1083 2246 lugati
1101 2171 1149 2249 qui
1162 2189 1185 2230 ro

143 2262 389 2419 {attollit
404 2251 1151 2418 tltt'ltt.tltttltttll.¹.ttllti.t

144 2434 202 2486 tem
213 2421 312 2504 pabuli
326 2424 441 2502 inopia:
459 2439 524 2483 nam
535 2431 637 2487 exorta
648 2423 693 2483 vis
702 2421 880 2484 locustarum
891 2420 1059 2482 ambederat
1070 2420 1150 2500 quid·

144 2507 212 2590 quid
226 2505 375 2570 herbidum
393 2515 440 2568 aut
459 2505 639 2567 frondosum.
676 2508 764 2584 igitur
780 2514 858 2566 metu
880 2503 1015 2566 abstruso
1037 2505 1151 2566 mitiora

143 2589 322 2671 obtendens,
337 2592 488 2652 missurum
499 2589 536 2658 ad
547 2591 753 2670 imperatorem
761 2591 921 2652 Romanum
931 2587 1047 2666 legatos
1060 2607 1149 2668 super
1162 2602 1184 2643 ιι

143 2675 271 2758 petenda
282 2676 420 2738 Armema
431 2683 462 2736 ot
475 2675 613 2736 firmanda
627 2690 700 2754 pace
716 2673 886 2753 respondet.
896 2679 1052 2735 Monaesen
1069 2675 1149 2735 omit·

144 2771 207 2822 tere
223 2759 463 2837 Tigranocertam
477 2758 574 2838 iubet,
591 2761 657 2838 ipse
670 2767 751 2819 retro
770 2756 916 2820 concedit.
950 2822 955 2832 ,

147 2879 161 2896 .
208 2844 238 2906 6.
259 2843 340 2906 llaec
365 2843 465 2924 plures
485 2853 516 2903 ut
538 2842 692 2904 formidine
715 2843 796 2920 regis
819 2851 849 2902 et
869 2838 1045 2902 Corbulonis
1067 2843 1151 2902 minis

144 2937 259 3012 patrate
273 2936 307 2990 ac
320 2929 474 3007 magnilica
488 2926 684 2988 extollebant:
700 2925 750 2986 alii
765 2925 880 2988 occulte
896 2925 1048 3005 pepigisse
1062 2925 1150 2986 inter·

144 3012 350 3096 pretabentur,
373 3022 403 3074 ut
422 3012 532 3074 omisso
553 3013 694 3090 utrimque
707 3008 788 3072 bello
806 3019 835 3072 et
856 3008 981 3072 abeunte
995 3009 1152 3087 Vologese
1173 3051 1175 3056 ·

143 3099 289 3176 Tigranes
311 3114 428 3178 quoque
442 3096 581 3158 Armenia
605 3094 790 3157 abscederet.
824 3112 875 3155 eur
898 3095 973 3154 enim
990 3095 1152 3155 exercitum

143 3183 304 3246 Romanum
319 3201 336 3244 a
354 3181 573 3260 Tigranocertis
588 3177 766 3242 deductum?
789 3198 840 3242 cur
862 3178 980 3240 deserta
995 3196 1050 3258 per
1064 3179 1175 3239 otiume

145 3282 221 3346 pesae
236 3265 323 3338 bello,
338 3263 550 3326 defenderant?
575 3282 611 3326 an
631 3265 734 3326 melius
751 3263 958 3324 hibernavisse
973 3262 1002 3322 in
1022 3272 1152 3324 extrema

146 3349 353 3430 Cappadocia,
385 3353 488 3429 raptim
510 3350 617 3411 erectis
637 3350 774 3429 tuguriis,
803 3365 887 3429 quam
914 3347 943 3404 in
970 3345 1042 3406 sede
1067 3347 1152 3424 regni

146 3433 231 3496 modo
255 3431 382 3496 retenti?
409 3433 497 3497 dilata
519 3449 640 3515 prorsus
664 3451 758 3512 anna,
781 3439 811 3492 ut
828 3430 1000 3506 Vologeses
1014 3445 1078 3489 cum
1093 3429 1151 3490 alio
