<?xml version="1.0" encoding="UTF-8"?>
<!DOCTYPE html PUBLIC "-//W3C//DTD XHTML 1.0 Transitional//EN"
    "http://www.w3.org/TR/xhtml1/DTD/xhtml1-transitional.dtd">
<html xmlns="http://www.w3.org/1999/xhtml" xml:lang="en" lang="en">
 <head>
  <title>
</title>
<meta http-equiv="Content-Type" content="text/html;charset=utf-8" />
  <meta name='ocr-system' content='tesseract 3.04.00' />
  <meta name='ocr-capabilities' content='ocr_page ocr_carea ocr_par ocr_line ocrx_word'/>
</head>
<body>
  <div class='ocr_page' id='page_1' title='image "./libriquisupersu02tacigoog/libriquisupersu02tacigoog_0258.png"; bbox 0 0 2570 3878; ppageno 0'>
   <div class='ocr_carea' id='block_1_1' title="bbox 452 157 1155 222">
    <p class='ocr_par' dir='ltr' id='par_1_1' title="bbox 452 157 1155 222">
     <span class='ocr_line' id='line_1_1' title="bbox 452 157 1155 222; baseline 0.003 -4"><span class='ocrx_word' id='word_1_1' title='bbox 452 171 557 218; x_wconf 80' lang='lat' dir='ltr'><strong>arnas</strong></span> <span class='ocrx_word' id='word_1_2' title='bbox 579 172 640 219; x_wconf 83' lang='lat' dir='ltr'><strong>xrr.</strong></span> <span class='ocrx_word' id='word_1_3' title='bbox 662 169 738 218; x_wconf 80' lang='lat' dir='ltr'><strong>cnr.</strong></span> <span class='ocrx_word' id='word_1_4' title='bbox 764 168 859 222; x_wconf 83' lang='lat'><strong>1-6.</strong></span> <span class='ocrx_word' id='word_1_5' title='bbox 1098 157 1155 220; x_wconf 77' lang='lat' dir='ltr'><strong>llll)</strong></span> 
     </span>
    </p>
   </div>
   <div class='ocr_carea' id='block_1_2' title="bbox 132 324 1258 3520">
    <p class='ocr_par' dir='ltr' id='par_1_2' title="bbox 148 324 1192 658">
     <span class='ocr_line' id='line_1_2' title="bbox 151 324 1192 407; baseline -0.004 -19"><span class='ocrx_word' id='word_1_6' title='bbox 151 346 205 407; x_wconf 90' lang='lat' dir='ltr'><strong>per</strong></span> <span class='ocrx_word' id='word_1_7' title='bbox 233 326 357 388; x_wconf 88' lang='lat' dir='ltr'><strong>edictum</strong></span> <span class='ocrx_word' id='word_1_8' title='bbox 379 324 489 385; x_wconf 84' lang='lat' dir='ltr'><strong>Vitellii</strong></span> <span class='ocrx_word' id='word_1_9' title='bbox 519 325 619 387; x_wconf 84' lang='lat' dir='ltr'><strong>ordine</strong></span> <span class='ocrx_word' id='word_1_10' title='bbox 645 326 792 386; x_wconf 90' lang='lat' dir='ltr'><strong>senatorio</strong></span> <span class='ocrx_word' id='word_1_11' title='bbox 816 333 963 404; x_wconf 88' lang='lat' dir='ltr'><strong>urovetur,</strong></span> <span class='ocrx_word' id='word_1_12' title='bbox 987 342 1155 404; x_wconf 90' lang='lat' dir='ltr'><strong>quamquam</strong></span> <span class='ocrx_word' id='word_1_13' title='bbox 1166 353 1192 394; x_wconf 67' lang='lat' dir='ltr'><strong>n</strong></span> 
     </span>
     <span class='ocr_line' id='line_1_3' title="bbox 149 408 1155 490; baseline -0.003 -19"><span class='ocrx_word' id='word_1_14' title='bbox 149 411 231 472; x_wconf 90' lang='lat' dir='ltr'><strong>lecto</strong></span> <span class='ocrx_word' id='word_1_15' title='bbox 259 409 370 490; x_wconf 83' lang='lat' dir='ltr'>pridem</span> <span class='ocrx_word' id='word_1_16' title='bbox 397 418 497 468; x_wconf 92' lang='lat' dir='ltr'><strong>senatu</strong></span> <span class='ocrx_word' id='word_1_17' title='bbox 524 409 676 489; x_wconf 88' lang='lat' dir='ltr'><strong>lustroque</strong></span> <span class='ocrx_word' id='word_1_18' title='bbox 704 408 832 488; x_wconf 85' lang='lat' dir='ltr'><strong>condito.</strong></span> <span class='ocrx_word' id='word_1_19' title='bbox 873 408 956 469; x_wconf 90' lang='lat' dir='ltr'><strong>simul</strong></span> <span class='ocrx_word' id='word_1_20' title='bbox 983 408 1155 470; x_wconf 79' lang='lat' dir='ltr'><strong>adfinitatem</strong></span> 
     </span>
     <span class='ocr_line' id='line_1_4' title="bbox 148 492 1155 572; baseline -0.003 -16"><span class='ocrx_word' id='word_1_21' title='bbox 148 493 287 556; x_wconf 83' lang='lat' dir='ltr'><strong>Claudius</strong></span> <span class='ocrx_word' id='word_1_22' title='bbox 302 493 425 571; x_wconf 81' lang='lat' dir='ltr'><strong>diremit,</strong></span> <span class='ocrx_word' id='word_1_23' title='bbox 439 492 618 572; x_wconf 76' lang='lat' dir='ltr'><strong>adactusque</strong></span> <span class='ocrx_word' id='word_1_24' title='bbox 634 495 748 555; x_wconf 85' lang='lat' dir='ltr'><strong>Silanus</strong></span> <span class='ocrx_word' id='word_1_25' title='bbox 764 495 876 555; x_wconf 90' lang='lat' dir='ltr'><strong>eiurare</strong></span> <span class='ocrx_word' id='word_1_26' title='bbox 893 494 1107 570; x_wconf 87' lang='lat' dir='ltr'><strong>magistratum,</strong></span> <span class='ocrx_word' id='word_1_27' title='bbox 1125 501 1155 553; x_wconf 92' lang='lat' dir='ltr'><strong>et</strong></span> 
     </span>
     <span class='ocr_line' id='line_1_5' title="bbox 149 575 1110 658; baseline -0.005 -19"><span class='ocrx_word' id='word_1_28' title='bbox 149 578 282 658; x_wconf 90' lang='lat' dir='ltr'><strong>reliquus</strong></span> <span class='ocrx_word' id='word_1_29' title='bbox 300 586 453 657; x_wconf 88' lang='lat' dir='ltr'><strong>praeturae</strong></span> <span class='ocrx_word' id='word_1_30' title='bbox 469 575 531 636; x_wconf 89' lang='lat' dir='ltr'><strong>dies</strong></span> <span class='ocrx_word' id='word_1_31' title='bbox 547 579 575 636; x_wconf 93' lang='lat' dir='ltr'><strong>iu</strong></span> <span class='ocrx_word' id='word_1_32' title='bbox 595 577 713 656; x_wconf 82' lang='lat' dir='ltr'><strong>Eprium</strong></span> <span class='ocrx_word' id='word_1_33' title='bbox 724 576 893 638; x_wconf 88' lang='lat' dir='ltr'><strong>blarcellum</strong></span> <span class='ocrx_word' id='word_1_34' title='bbox 911 577 1041 638; x_wconf 90' lang='lat' dir='ltr'><strong>conlatus</strong></span> <span class='ocrx_word' id='word_1_35' title='bbox 1057 585 1110 638; x_wconf 90' lang='lat' dir='ltr'><strong>est.</strong></span> 
     </span>
    </p>

    <p class='ocr_par' dir='ltr' id='par_1_3' title="bbox 147 659 1258 2168">
     <span class='ocr_line' id='line_1_6' title="bbox 211 659 1152 741; baseline -0.003 -18"><span class='ocrx_word' id='word_1_36' title='bbox 211 664 240 723; x_wconf 91' lang='lat'><strong>5.</strong></span> <span class='ocrx_word' id='word_1_37' title='bbox 265 659 298 722; x_wconf 83' lang='grc'><strong>0.</strong></span> <span class='ocrx_word' id='word_1_38' title='bbox 314 661 454 740; x_wconf 87' lang='lat' dir='ltr'><strong>Pompeio</strong></span> <span class='ocrx_word' id='word_1_39' title='bbox 473 661 508 736; x_wconf 85' lang='lat' dir='ltr'><strong>Q.</strong></span> <span class='ocrx_word' id='word_1_40' title='bbox 529 663 655 722; x_wconf 88' lang='lat' dir='ltr'><strong>Veranio</strong></span> <span class='ocrx_word' id='word_1_41' title='bbox 673 660 840 722; x_wconf 88' lang='lat' dir='ltr'><strong>consulibus</strong></span> <span class='ocrx_word' id='word_1_42' title='bbox 853 670 967 741; x_wconf 91' lang='lat' dir='ltr'><strong>pactum</strong></span> <span class='ocrx_word' id='word_1_43' title='bbox 982 662 1056 720; x_wconf 92' lang='lat' dir='ltr'><strong>iuter</strong></span> <span class='ocrx_word' id='word_1_44' title='bbox 1069 659 1152 722; x_wconf 80' lang='lat' dir='ltr'><strong>Glan-</strong></span> 
     </span>
     <span class='ocr_line' id='line_1_7' title="bbox 149 743 1152 824; baseline -0.005 -17"><span class='ocrx_word' id='word_1_45' title='bbox 149 745 226 807; x_wconf 92' lang='lat' dir='ltr'><strong>diurn</strong></span> <span class='ocrx_word' id='word_1_46' title='bbox 247 755 276 806; x_wconf 86' lang='lat' dir='ltr'><strong>et</strong></span> <span class='ocrx_word' id='word_1_47' title='bbox 299 745 493 824; x_wconf 80' lang='lat' dir='ltr'><strong>Agrippinam</strong></span> <span class='ocrx_word' id='word_1_48' title='bbox 513 748 720 807; x_wconf 75' lang='lat' dir='ltr'><strong>matrimonium</strong></span> <span class='ocrx_word' id='word_1_49' title='bbox 740 747 794 806; x_wconf 92' lang='lat' dir='ltr'><strong>iam</strong></span> <span class='ocrx_word' id='word_1_50' title='bbox 815 743 906 823; x_wconf 89' lang='lat' dir='ltr'><strong>lama,</strong></span> <span class='ocrx_word' id='word_1_51' title='bbox 930 745 984 805; x_wconf 89' lang='lat' dir='ltr'><strong>iam</strong></span> <span class='ocrx_word' id='word_1_52' title='bbox 998 761 1096 806; x_wconf 89' lang='lat' dir='ltr'><strong>amore</strong></span> <span class='ocrx_word' id='word_1_53' title='bbox 1113 747 1152 803; x_wconf 89' lang='lat' dir='ltr'><strong>in·</strong></span> 
     </span>
     <span class='ocr_line' id='line_1_8' title="bbox 148 826 1153 909; baseline -0.004 -17"><span class='ocrx_word' id='word_1_54' title='bbox 148 831 230 892; x_wconf 93' lang='lat' dir='ltr'><strong>licito</strong></span> <span class='ocrx_word' id='word_1_55' title='bbox 244 826 419 898; x_wconf 71' lang='lat' dir='ltr'><strong>firmabatun</strong></span> <span class='ocrx_word' id='word_1_56' title='bbox 433 829 555 890; x_wconf 91' lang='lat' dir='ltr'><strong>necdum</strong></span> <span class='ocrx_word' id='word_1_57' title='bbox 568 829 720 891; x_wconf 88' lang='lat' dir='ltr'><strong>celebrare</strong></span> <span class='ocrx_word' id='word_1_58' title='bbox 732 828 884 891; x_wconf 79' lang='lat' dir='ltr'><strong>sollemnia</strong></span> <span class='ocrx_word' id='word_1_59' title='bbox 896 831 1056 909; x_wconf 75' lang='lat' dir='ltr'><strong>nuptiarum</strong></span> <span class='ocrx_word' id='word_1_60' title='bbox 1069 827 1153 889; x_wconf 92' lang='lat' dir='ltr'><strong>aude·</strong></span> 
     </span>
     <span class='ocr_line' id='line_1_9' title="bbox 150 911 1151 994; baseline -0.001 -20"><span class='ocrx_word' id='word_1_61' title='bbox 150 914 236 992; x_wconf 88' lang='lat' dir='ltr'><strong>baut,</strong></span> <span class='ocrx_word' id='word_1_62' title='bbox 259 913 338 974; x_wconf 91' lang='lat' dir='ltr'><strong>nullo</strong></span> <span class='ocrx_word' id='word_1_63' title='bbox 355 913 491 993; x_wconf 85' lang='lat' dir='ltr'><strong>exemplo</strong></span> <span class='ocrx_word' id='word_1_64' title='bbox 507 913 651 976; x_wconf 90' lang='lat' dir='ltr'><strong>deductae</strong></span> <span class='ocrx_word' id='word_1_65' title='bbox 665 915 694 974; x_wconf 94' lang='lat' dir='ltr'><strong>in</strong></span> <span class='ocrx_word' id='word_1_66' title='bbox 710 913 824 974; x_wconf 89' lang='lat' dir='ltr'><strong>domum</strong></span> <span class='ocrx_word' id='word_1_67' title='bbox 839 916 930 994; x_wconf 90' lang='lat' dir='ltr'><strong>patrui</strong></span> <span class='ocrx_word' id='word_1_68' title='bbox 947 914 1044 974; x_wconf 87' lang='lat' dir='ltr'><strong>fratris</strong></span> <span class='ocrx_word' id='word_1_69' title='bbox 1060 911 1151 974; x_wconf 86' lang='lat' dir='ltr'><strong>iuliae:</strong></span> 
     </span>
     <span class='ocr_line' id='line_1_10' title="bbox 152 996 1179 1078; baseline -0.003 -20"><span class='ocrx_word' id='word_1_70' title='bbox 152 1000 220 1077; x_wconf 91' lang='lat' dir='ltr'><strong>quin</strong></span> <span class='ocrx_word' id='word_1_71' title='bbox 244 1007 273 1057; x_wconf 88' lang='lat' dir='ltr'><strong>et</strong></span> <span class='ocrx_word' id='word_1_72' title='bbox 290 998 431 1058; x_wconf 90' lang='lat' dir='ltr'><strong>incestum</strong></span> <span class='ocrx_word' id='word_1_73' title='bbox 446 1016 499 1077; x_wconf 91' lang='lat' dir='ltr'><strong>ac,</strong></span> <span class='ocrx_word' id='word_1_74' title='bbox 522 1001 548 1059; x_wconf 92' lang='lat' dir='ltr'><strong>si</strong></span> <span class='ocrx_word' id='word_1_75' title='bbox 563 1006 767 1078; x_wconf 84' lang='lat' dir='ltr'><strong>sperneretur,</strong></span> <span class='ocrx_word' id='word_1_76' title='bbox 789 1015 826 1059; x_wconf 87' lang='lat' dir='ltr'><strong>ne</strong></span> <span class='ocrx_word' id='word_1_77' title='bbox 842 999 870 1056; x_wconf 91' lang='lat' dir='ltr'><strong>in</strong></span> <span class='ocrx_word' id='word_1_78' title='bbox 888 997 991 1058; x_wconf 90' lang='lat' dir='ltr'><strong>malum</strong></span> <span class='ocrx_word' id='word_1_79' title='bbox 1007 996 1179 1077; x_wconf 59' lang='lat' dir='ltr'><strong>publicans,</strong></span> 
     </span>
     <span class='ocr_line' id='line_1_11' title="bbox 148 1081 1152 1162; baseline -0.001 -20"><span class='ocrx_word' id='word_1_80' title='bbox 148 1091 316 1162; x_wconf 89' lang='lat' dir='ltr'><strong>erumperet</strong></span> <span class='ocrx_word' id='word_1_81' title='bbox 330 1081 518 1144; x_wconf 86' lang='lat' dir='ltr'><strong>metuebatur.</strong></span> <span class='ocrx_word' id='word_1_82' title='bbox 553 1101 609 1143; x_wconf 89' lang='lat' dir='ltr'><strong>nec</strong></span> <span class='ocrx_word' id='word_1_83' title='bbox 631 1092 697 1143; x_wconf 90' lang='lat' dir='ltr'><strong>aute</strong></span> <span class='ocrx_word' id='word_1_84' title='bbox 718 1083 824 1143; x_wconf 89' lang='lat' dir='ltr'><strong>omissa</strong></span> <span class='ocrx_word' id='word_1_85' title='bbox 843 1083 986 1142; x_wconf 84' lang='lat' dir='ltr'><strong>annotatio</strong></span> <span class='ocrx_word' id='word_1_86' title='bbox 1003 1099 1088 1161; x_wconf 90' lang='lat' dir='ltr'><strong>quarn</strong></span> <span class='ocrx_word' id='word_1_87' title='bbox 1105 1082 1152 1142; x_wconf 91' lang='lat' dir='ltr'><strong>Vi·</strong></span> 
     </span>
     <span class='ocr_line' id='line_1_12' title="bbox 151 1165 1154 1247; baseline -0.003 -20"><span class='ocrx_word' id='word_1_88' title='bbox 151 1166 251 1227; x_wconf 92' lang='lat' dir='ltr'><strong>tellius</strong></span> <span class='ocrx_word' id='word_1_89' title='bbox 265 1166 324 1226; x_wconf 90' lang='lat' dir='ltr'><strong>suis</strong></span> <span class='ocrx_word' id='word_1_90' title='bbox 339 1165 449 1228; x_wconf 89' lang='lat' dir='ltr'><strong>artibus</strong></span> <span class='ocrx_word' id='word_1_91' title='bbox 465 1166 492 1226; x_wconf 94' lang='lat' dir='ltr'><strong>id</strong></span> <span class='ocrx_word' id='word_1_92' title='bbox 508 1167 731 1247; x_wconf 89' lang='lat' dir='ltr'><strong>perpetrandum</strong></span> <span class='ocrx_word' id='word_1_93' title='bbox 747 1168 876 1246; x_wconf 89' lang='lat' dir='ltr'><strong>sumpsit.</strong></span> <span class='ocrx_word' id='word_1_94' title='bbox 906 1175 1154 1245; x_wconf 84' lang='lat' dir='ltr'><strong>percontatusque</strong></span> 
     </span>
     <span class='ocr_line' id='line_1_13' title="bbox 149 1249 1153 1330; baseline -0.003 -19"><span class='ocrx_word' id='word_1_95' title='bbox 149 1249 308 1312; x_wconf 83' lang='lat' dir='ltr'><strong>Gaesarem</strong></span> <span class='ocrx_word' id='word_1_96' title='bbox 328 1269 364 1310; x_wconf 91' lang='lat' dir='ltr'><strong>an</strong></span> <span class='ocrx_word' id='word_1_97' title='bbox 386 1251 471 1310; x_wconf 88' lang='lat' dir='ltr'><strong>iussis</strong></span> <span class='ocrx_word' id='word_1_98' title='bbox 499 1251 615 1330; x_wconf 91' lang='lat' dir='ltr'><strong>populi,</strong></span> <span class='ocrx_word' id='word_1_99' title='bbox 638 1269 674 1311; x_wconf 87' lang='lat' dir='ltr'><strong>an</strong></span> <span class='ocrx_word' id='word_1_100' title='bbox 695 1251 858 1311; x_wconf 82' lang='lat' dir='ltr'><strong>auctoritati</strong></span> <span class='ocrx_word' id='word_1_101' title='bbox 885 1259 1002 1311; x_wconf 87' lang='lat' dir='ltr'><strong>senatus</strong></span> <span class='ocrx_word' id='word_1_102' title='bbox 1024 1249 1153 1327; x_wconf 90' lang='lat' dir='ltr'><strong>cederet,</strong></span> 
     </span>
     <span class='ocr_line' id='line_1_14' title="bbox 150 1333 1152 1414; baseline 0 -20"><span class='ocrx_word' id='word_1_103' title='bbox 150 1334 198 1394; x_wconf 95' lang='lat' dir='ltr'><strong>ubi</strong></span> <span class='ocrx_word' id='word_1_104' title='bbox 212 1334 262 1395; x_wconf 93' lang='lat' dir='ltr'><strong>ille</strong></span> <span class='ocrx_word' id='word_1_105' title='bbox 278 1352 361 1394; x_wconf 90' lang='lat' dir='ltr'><strong>unum</strong></span> <span class='ocrx_word' id='word_1_106' title='bbox 376 1351 409 1394; x_wconf 92' lang='lat' dir='ltr'><strong>se</strong></span> <span class='ocrx_word' id='word_1_107' title='bbox 426 1334 530 1394; x_wconf 86' lang='lat' dir='ltr'><strong>ciuium</strong></span> <span class='ocrx_word' id='word_1_108' title='bbox 545 1344 574 1394; x_wconf 91' lang='lat' dir='ltr'><strong>et</strong></span> <span class='ocrx_word' id='word_1_109' title='bbox 592 1336 747 1394; x_wconf 85' lang='lat' dir='ltr'><strong>consensui</strong></span> <span class='ocrx_word' id='word_1_110' title='bbox 762 1336 901 1413; x_wconf 90' lang='lat' dir='ltr'><strong>imparem</strong></span> <span class='ocrx_word' id='word_1_111' title='bbox 916 1333 1083 1414; x_wconf 90' lang='lat' dir='ltr'><strong>respondit,</strong></span> <span class='ocrx_word' id='word_1_112' title='bbox 1101 1351 1152 1412; x_wconf 93' lang='lat' dir='ltr'><strong>op·</strong></span> 
     </span>
     <span class='ocr_line' id='line_1_15' title="bbox 150 1417 1258 1499; baseline -0.003 -20"><span class='ocrx_word' id='word_1_113' title='bbox 150 1419 239 1499; x_wconf 83' lang='lat' dir='ltr'><strong>periri</strong></span> <span class='ocrx_word' id='word_1_114' title='bbox 257 1419 330 1479; x_wconf 90' lang='lat' dir='ltr'><strong>intra</strong></span> <span class='ocrx_word' id='word_1_115' title='bbox 346 1417 481 1496; x_wconf 87' lang='lat' dir='ltr'><strong>palatium</strong></span> <span class='ocrx_word' id='word_1_116' title='bbox 497 1418 585 1478; x_wconf 91' lang='lat' dir='ltr'><strong>iubet.</strong></span> <span class='ocrx_word' id='word_1_117' title='bbox 619 1419 683 1498; x_wconf 92' lang='lat' dir='ltr'><strong>ipse</strong></span> <span class='ocrx_word' id='word_1_118' title='bbox 697 1420 803 1479; x_wconf 90' lang='lat' dir='ltr'><strong>curiam</strong></span> <span class='ocrx_word' id='word_1_119' title='bbox 817 1418 987 1496; x_wconf 79' lang='lat' dir='ltr'><strong>ingreditur,</strong></span> <span class='ocrx_word' id='word_1_120' title='bbox 1004 1435 1188 1488; x_wconf 67' lang='lat' dir='ltr'><strong>summam-10</strong></span> <span class='ocrx_word' id='word_1_121' title='bbox 1256 1455 1258 1461; x_wconf 77' lang='lat'><strong>,</strong></span> 
     </span>
     <span class='ocr_line' id='line_1_16' title="bbox 150 1500 1152 1586; baseline -0.005 -23"><span class='ocrx_word' id='word_1_122' title='bbox 150 1521 208 1582; x_wconf 90' lang='lat' dir='ltr'><strong>que</strong></span> <span class='ocrx_word' id='word_1_123' title='bbox 230 1519 293 1562; x_wconf 87' lang='lat' dir='ltr'><strong>rem</strong></span> <span class='ocrx_word' id='word_1_124' title='bbox 314 1501 459 1580; x_wconf 82' lang='lat' dir='ltr'><strong>publicam</strong></span> <span class='ocrx_word' id='word_1_125' title='bbox 479 1505 538 1586; x_wconf 88' lang='lat' dir='ltr'><strong>agi</strong></span> <span class='ocrx_word' id='word_1_126' title='bbox 550 1501 700 1563; x_wconf 88' lang='lat' dir='ltr'><strong>obtestans</strong></span> <span class='ocrx_word' id='word_1_127' title='bbox 724 1504 835 1562; x_wconf 86' lang='lat' dir='ltr'><strong>ueniam</strong></span> <span class='ocrx_word' id='word_1_128' title='bbox 855 1500 969 1562; x_wconf 88' lang='lat' dir='ltr'><strong>dicendi</strong></span> <span class='ocrx_word' id='word_1_129' title='bbox 988 1511 1055 1561; x_wconf 90' lang='lat' dir='ltr'><strong>ante</strong></span> <span class='ocrx_word' id='word_1_130' title='bbox 1079 1500 1152 1561; x_wconf 90' lang='lat' dir='ltr'><strong>alios</strong></span> 
     </span>
     <span class='ocr_line' id='line_1_17' title="bbox 149 1585 1152 1666; baseline -0.002 -19"><span class='ocrx_word' id='word_1_131' title='bbox 149 1588 287 1666; x_wconf 83' lang='lat' dir='ltr'><strong>exposcit</strong></span> <span class='ocrx_word' id='word_1_132' title='bbox 301 1585 483 1664; x_wconf 87' lang='lat' dir='ltr'><strong>orditurque:</strong></span> <span class='ocrx_word' id='word_1_133' title='bbox 505 1586 694 1664; x_wconf 85' lang='lat' dir='ltr'><strong>gravissimos</strong></span> <span class='ocrx_word' id='word_1_134' title='bbox 716 1587 858 1666; x_wconf 92' lang='lat' dir='ltr'><strong>principis</strong></span> <span class='ocrx_word' id='word_1_135' title='bbox 879 1585 1011 1662; x_wconf 90' lang='lat' dir='ltr'><strong>labores,</strong></span> <span class='ocrx_word' id='word_1_136' title='bbox 1027 1586 1090 1664; x_wconf 92' lang='lat' dir='ltr'><strong>quis</strong></span> <span class='ocrx_word' id='word_1_137' title='bbox 1108 1602 1152 1645; x_wconf 89' lang='lat' dir='ltr'><strong>or-</strong></span> 
     </span>
     <span class='ocr_line' id='line_1_18' title="bbox 150 1668 1153 1749; baseline -0.002 -19"><span class='ocrx_word' id='word_1_138' title='bbox 150 1671 215 1731; x_wconf 90' lang='lat' dir='ltr'><strong>bem</strong></span> <span class='ocrx_word' id='word_1_139' title='bbox 239 1678 335 1731; x_wconf 91' lang='lat' dir='ltr'><strong>terrac</strong></span> <span class='ocrx_word' id='word_1_140' title='bbox 360 1677 511 1749; x_wconf 83' lang='lat' dir='ltr'><strong>capessat,</strong></span> <span class='ocrx_word' id='word_1_141' title='bbox 535 1687 626 1748; x_wconf 90' lang='lat' dir='ltr'><strong>egere</strong></span> <span class='ocrx_word' id='word_1_142' title='bbox 641 1668 835 1747; x_wconf 88' lang='lat' dir='ltr'><strong>adminiculis,</strong></span> <span class='ocrx_word' id='word_1_143' title='bbox 858 1677 888 1729; x_wconf 92' lang='lat' dir='ltr'><strong>nt</strong></span> <span class='ocrx_word' id='word_1_144' title='bbox 910 1669 1068 1730; x_wconf 89' lang='lat' dir='ltr'><strong>domestica</strong></span> <span class='ocrx_word' id='word_1_145' title='bbox 1085 1686 1153 1728; x_wconf 93' lang='lat' dir='ltr'><strong>cura</strong></span> 
     </span>
     <span class='ocr_line' id='line_1_19' title="bbox 150 1752 1226 1833; baseline -0.004 -17"><span class='ocrx_word' id='word_1_146' title='bbox 150 1771 257 1816; x_wconf 81' lang='lat' dir='ltr'><strong>vacuus</strong></span> <span class='ocrx_word' id='word_1_147' title='bbox 279 1755 306 1814; x_wconf 93' lang='lat' dir='ltr'><strong>in</strong></span> <span class='ocrx_word' id='word_1_148' title='bbox 329 1771 478 1814; x_wconf 86' lang='lat' dir='ltr'><strong>commuue</strong></span> <span class='ocrx_word' id='word_1_149' title='bbox 501 1752 642 1815; x_wconf 88' lang='lat' dir='ltr'><strong>consulat.</strong></span> <span class='ocrx_word' id='word_1_150' title='bbox 672 1753 750 1831; x_wconf 94' lang='lat' dir='ltr'><strong>quod</strong></span> <span class='ocrx_word' id='word_1_151' title='bbox 768 1770 857 1833; x_wconf 90' lang='lat' dir='ltr'><strong>porro</strong></span> <span class='ocrx_word' id='word_1_152' title='bbox 879 1752 1028 1814; x_wconf 89' lang='lat' dir='ltr'><strong>honestius</strong></span> <span class='ocrx_word' id='word_1_153' title='bbox 1050 1769 1152 1822; x_wconf 67' lang='lat' dir='ltr'><strong>censo,-</strong></span> <span class='ocrx_word' id='word_1_154' title='bbox 1222 1761 1226 1768; x_wconf 87' lang='lat'>&#39;</span> 
     </span>
     <span class='ocr_line' id='line_1_20' title="bbox 150 1836 1188 1936; baseline -0.007 -36"><span class='ocrx_word' id='word_1_155' title='bbox 150 1841 210 1901; x_wconf 88' lang='lat' dir='ltr'><strong>riae</strong></span> <span class='ocrx_word' id='word_1_156' title='bbox 225 1839 329 1898; x_wconf 88' lang='lat' dir='ltr'><strong>mentis</strong></span> <span class='ocrx_word' id='word_1_157' title='bbox 344 1837 536 1898; x_wconf 87' lang='lat' dir='ltr'><strong>levamentum</strong></span> <span class='ocrx_word' id='word_1_158' title='bbox 554 1855 638 1936; x_wconf 80' lang='lat' dir='ltr'><strong>quarn</strong></span> <span class='ocrx_word' id='word_1_159' title='bbox 654 1837 807 1897; x_wconf 89' lang='lat' dir='ltr'><strong>adsumere</strong></span> <span class='ocrx_word' id='word_1_160' title='bbox 822 1838 984 1916; x_wconf 89' lang='lat' dir='ltr'><strong>coniugem,</strong></span> <span class='ocrx_word' id='word_1_161' title='bbox 1002 1836 1154 1916; x_wconf 90' lang='lat' dir='ltr'><strong>prosperis</strong></span> <span class='ocrx_word' id='word_1_162' title='bbox 1165 1862 1188 1902; x_wconf 66' lang='lat' dir='ltr'><strong>n</strong></span> 
     </span>
     <span class='ocr_line' id='line_1_21' title="bbox 148 1919 1153 2001; baseline -0.006 -17"><span class='ocrx_word' id='word_1_163' title='bbox 148 1923 301 2001; x_wconf 87' lang='lat' dir='ltr'><strong>dubiisque</strong></span> <span class='ocrx_word' id='word_1_164' title='bbox 316 1922 436 2000; x_wconf 88' lang='lat' dir='ltr'><strong>sociam,</strong></span> <span class='ocrx_word' id='word_1_165' title='bbox 454 1921 709 1999; x_wconf 84' lang='lat' dir='ltr'><strong>cuitogitatioucs</strong></span> <span class='ocrx_word' id='word_1_166' title='bbox 723 1922 845 1997; x_wconf 90' lang='lat' dir='ltr'><strong>intimas,</strong></span> <span class='ocrx_word' id='word_1_167' title='bbox 865 1923 911 1981; x_wconf 91' lang='lat' dir='ltr'><strong>cui</strong></span> <span class='ocrx_word' id='word_1_168' title='bbox 922 1939 1031 2000; x_wconf 88' lang='lat' dir='ltr'><strong>parvos</strong></span> <span class='ocrx_word' id='word_1_169' title='bbox 1043 1919 1153 1981; x_wconf 88' lang='lat' dir='ltr'><strong>liberos</strong></span> 
     </span>
     <span class='ocr_line' id='line_1_22' title="bbox 148 2003 1153 2086; baseline -0.006 -17"><span class='ocrx_word' id='word_1_170' title='bbox 148 2006 251 2084; x_wconf 80' lang='lat' dir='ltr'><strong>namt,</strong></span> <span class='ocrx_word' id='word_1_171' title='bbox 270 2024 330 2066; x_wconf 89' lang='lat' dir='ltr'><strong>non</strong></span> <span class='ocrx_word' id='word_1_172' title='bbox 345 2005 422 2066; x_wconf 80' lang='lat' dir='ltr'><strong>luxui</strong></span> <span class='ocrx_word' id='word_1_173' title='bbox 437 2014 486 2066; x_wconf 91' lang='lat' dir='ltr'><strong>aut</strong></span> <span class='ocrx_word' id='word_1_174' title='bbox 501 2003 697 2084; x_wconf 86' lang='lat' dir='ltr'><strong>voluptatibus</strong></span> <span class='ocrx_word' id='word_1_175' title='bbox 712 2004 917 2083; x_wconf 81' lang='lat' dir='ltr'><strong>adsuefactus,</strong></span> <span class='ocrx_word' id='word_1_176' title='bbox 932 2004 984 2064; x_wconf 91' lang='lat' dir='ltr'><strong>sed</strong></span> <span class='ocrx_word' id='word_1_177' title='bbox 1000 2006 1047 2084; x_wconf 93' lang='lat' dir='ltr'><strong>qui</strong></span> <span class='ocrx_word' id='word_1_178' title='bbox 1063 2005 1153 2086; x_wconf 90' lang='lat' dir='ltr'><strong>prima</strong></span> 
     </span>
     <span class='ocr_line' id='line_1_23' title="bbox 147 2089 736 2168; baseline -0.005 -16"><span class='ocrx_word' id='word_1_179' title='bbox 147 2091 184 2152; x_wconf 92' lang='lat' dir='ltr'><strong>ab</strong></span> <span class='ocrx_word' id='word_1_180' title='bbox 199 2094 316 2151; x_wconf 82' lang='lat' dir='ltr'><strong>inventa</strong></span> <span class='ocrx_word' id='word_1_181' title='bbox 330 2089 447 2168; x_wconf 85' lang='lat' dir='ltr'><strong>legibus</strong></span> <span class='ocrx_word' id='word_1_182' title='bbox 463 2089 736 2168; x_wconf 84' lang='lat' dir='ltr'><strong>obtemperavisset.</strong></span> 
     </span>
    </p>

    <p class='ocr_par' dir='ltr' id='par_1_4' title="bbox 149 2171 1153 2506">
     <span class='ocr_line' id='line_1_24' title="bbox 212 2171 1153 2253; baseline -0.003 -18"><span class='ocrx_word' id='word_1_183' title='bbox 212 2175 242 2235; x_wconf 88' lang='lat'><strong>6</strong></span> <span class='ocrx_word' id='word_1_184' title='bbox 264 2173 422 2253; x_wconf 87' lang='lat' dir='ltr'><strong>Postquam</strong></span> <span class='ocrx_word' id='word_1_185' title='bbox 439 2173 513 2234; x_wconf 91' lang='lat' dir='ltr'><strong>baec</strong></span> <span class='ocrx_word' id='word_1_186' title='bbox 528 2172 684 2233; x_wconf 88' lang='lat' dir='ltr'><strong>favorabili</strong></span> <span class='ocrx_word' id='word_1_187' title='bbox 699 2173 833 2233; x_wconf 90' lang='lat' dir='ltr'><strong>oratione</strong></span> <span class='ocrx_word' id='word_1_188' title='bbox 850 2172 998 2252; x_wconf 89' lang='lat' dir='ltr'><strong>praemrsrt</strong></span> <span class='ocrx_word' id='word_1_189' title='bbox 1008 2171 1153 2251; x_wconf 91' lang='lat' dir='ltr'><strong>multaque</strong></span> 
     </span>
     <span class='ocr_line' id='line_1_25' title="bbox 151 2254 1152 2339; baseline -0.004 -20"><span class='ocrx_word' id='word_1_190' title='bbox 151 2268 263 2339; x_wconf 89' lang='lat' dir='ltr'><strong>patmm</strong></span> <span class='ocrx_word' id='word_1_191' title='bbox 287 2258 447 2319; x_wconf 86' lang='lat' dir='ltr'><strong>adsentatio</strong></span> <span class='ocrx_word' id='word_1_192' title='bbox 471 2255 660 2336; x_wconf 87' lang='lat' dir='ltr'><strong>sequebatur,</strong></span> <span class='ocrx_word' id='word_1_193' title='bbox 688 2265 775 2335; x_wconf 92' lang='lat' dir='ltr'><strong>capto</strong></span> <span class='ocrx_word' id='word_1_194' title='bbox 798 2275 897 2316; x_wconf 90' lang='lat' dir='ltr'><strong>rursus</strong></span> <span class='ocrx_word' id='word_1_195' title='bbox 918 2255 1012 2332; x_wconf 89' lang='lat' dir='ltr'><strong>initio,</strong></span> <span class='ocrx_word' id='word_1_196' title='bbox 1038 2254 1152 2334; x_wconf 90' lang='lat' dir='ltr'><strong>quando</strong></span> 
     </span>
     <span class='ocr_line' id='line_1_26' title="bbox 149 2339 1152 2421; baseline -0.003 -19"><span class='ocrx_word' id='word_1_197' title='bbox 149 2341 336 2403; x_wconf 85' lang='lat' dir='ltr'><strong>maritandum</strong></span> <span class='ocrx_word' id='word_1_198' title='bbox 355 2342 516 2421; x_wconf 89' lang='lat' dir='ltr'><strong>principem</strong></span> <span class='ocrx_word' id='word_1_199' title='bbox 537 2342 632 2401; x_wconf 89' lang='lat' dir='ltr'><strong>cuncti</strong></span> <span class='ocrx_word' id='word_1_200' title='bbox 654 2339 823 2418; x_wconf 88' lang='lat' dir='ltr'><strong>suaderent,</strong></span> <span class='ocrx_word' id='word_1_201' title='bbox 845 2340 934 2418; x_wconf 83' lang='lat' dir='ltr'><strong>deligi</strong></span> <span class='ocrx_word' id='word_1_202' title='bbox 956 2348 1095 2419; x_wconf 88' lang='lat' dir='ltr'><strong>oportere</strong></span> <span class='ocrx_word' id='word_1_203' title='bbox 1111 2340 1152 2399; x_wconf 89' lang='lat' dir='ltr'><strong>ie·</strong></span> 
     </span>
     <span class='ocr_line' id='line_1_27' title="bbox 150 2422 1153 2506; baseline -0.005 -19"><span class='ocrx_word' id='word_1_204' title='bbox 150 2427 254 2488; x_wconf 89' lang='lat' dir='ltr'><strong>minam</strong></span> <span class='ocrx_word' id='word_1_205' title='bbox 275 2425 424 2488; x_wconf 89' lang='lat' dir='ltr'><strong>nobilitate</strong></span> <span class='ocrx_word' id='word_1_206' title='bbox 446 2425 608 2506; x_wconf 85' lang='lat' dir='ltr'><strong>puerperiis</strong></span> <span class='ocrx_word' id='word_1_207' title='bbox 630 2425 818 2485; x_wconf 88' lang='lat' dir='ltr'><strong>sanctimonia</strong></span> <span class='ocrx_word' id='word_1_208' title='bbox 837 2425 989 2503; x_wconf 88' lang='lat' dir='ltr'><strong>insignem.</strong></span> <span class='ocrx_word' id='word_1_209' title='bbox 1030 2441 1085 2484; x_wconf 91' lang='lat' dir='ltr'><strong>uec</strong></span> <span class='ocrx_word' id='word_1_210' title='bbox 1106 2422 1153 2482; x_wconf 89' lang='lat' dir='ltr'><strong>diu</strong></span> 
     </span>
    </p>

    <p class='ocr_par' dir='ltr' id='par_1_5' title="bbox 132 2507 1188 3520">
     <span class='ocr_line' id='line_1_28' title="bbox 132 2507 1177 2590; baseline -0.001 -17"><span class='ocrx_word' id='word_1_211' title='bbox 132 2510 355 2590; x_wconf 82' lang='lat' dir='ltr'><strong>‘anquirendum</strong></span> <span class='ocrx_word' id='word_1_212' title='bbox 384 2511 452 2590; x_wconf 91' lang='lat' dir='ltr'><strong>quin</strong></span> <span class='ocrx_word' id='word_1_213' title='bbox 478 2509 642 2588; x_wconf 82' lang='lat' dir='ltr'><strong>Agrippina</strong></span> <span class='ocrx_word' id='word_1_214' title='bbox 669 2507 838 2570; x_wconf 91' lang='lat' dir='ltr'><strong>claritudine</strong></span> <span class='ocrx_word' id='word_1_215' title='bbox 864 2508 982 2586; x_wconf 88' lang='lat' dir='ltr'><strong>generis</strong></span> <span class='ocrx_word' id='word_1_216' title='bbox 1012 2507 1177 2572; x_wconf 58' lang='lat' dir='ltr'><strong>anteirent</strong></span> 
     </span>
     <span class='ocr_line' id='line_1_29' title="bbox 147 2594 1152 2673; baseline -0.006 -17"><span class='ocrx_word' id='word_1_217' title='bbox 147 2595 245 2656; x_wconf 88' lang='lat' dir='ltr'><strong>datum</strong></span> <span class='ocrx_word' id='word_1_218' title='bbox 264 2594 299 2656; x_wconf 92' lang='lat' dir='ltr'><strong>ab</strong></span> <span class='ocrx_word' id='word_1_219' title='bbox 324 2613 359 2656; x_wconf 92' lang='lat' dir='ltr'><strong>ea</strong></span> <span class='ocrx_word' id='word_1_220' title='bbox 383 2594 567 2654; x_wconf 82' lang='lat' dir='ltr'><strong>fecunditatis</strong></span> <span class='ocrx_word' id='word_1_221' title='bbox 589 2594 818 2673; x_wconf 79' lang='lat' dir='ltr'><strong>experimentum</strong></span> <span class='ocrx_word' id='word_1_222' title='bbox 838 2602 867 2652; x_wconf 90' lang='lat' dir='ltr'><strong>et</strong></span> <span class='ocrx_word' id='word_1_223' title='bbox 889 2609 1053 2669; x_wconf 84' lang='lat' dir='ltr'><strong>congruere</strong></span> <span class='ocrx_word' id='word_1_224' title='bbox 1074 2600 1152 2652; x_wconf 84' lang='lat' dir='ltr'><strong>artes</strong></span> 
     </span>
     <span class='ocr_line' id='line_1_30' title="bbox 149 2675 1151 2756; baseline -0.004 -17"><span class='ocrx_word' id='word_1_225' title='bbox 149 2679 297 2740; x_wconf 90' lang='lat' dir='ltr'><strong>honestas.</strong></span> <span class='ocrx_word' id='word_1_226' title='bbox 325 2679 353 2739; x_wconf 92' lang='lat' dir='ltr'><strong>id</strong></span> <span class='ocrx_word' id='word_1_227' title='bbox 368 2695 439 2740; x_wconf 86' lang='lat' dir='ltr'><strong>vero</strong></span> <span class='ocrx_word' id='word_1_228' title='bbox 458 2677 626 2756; x_wconf 86' lang='lat' dir='ltr'><strong>egregium,</strong></span> <span class='ocrx_word' id='word_1_229' title='bbox 648 2676 725 2756; x_wconf 81' lang='lat' dir='ltr'><strong>quod</strong></span> <span class='ocrx_word' id='word_1_230' title='bbox 747 2678 867 2756; x_wconf 86' lang='lat' dir='ltr'><strong>provisu</strong></span> <span class='ocrx_word' id='word_1_231' title='bbox 886 2675 970 2736; x_wconf 90' lang='lat' dir='ltr'><strong>deuru</strong></span> <span class='ocrx_word' id='word_1_232' title='bbox 987 2675 1101 2736; x_wconf 89' lang='lat' dir='ltr'><strong>vidua</strong></span> <span class='ocrx_word' id='word_1_233' title='bbox 1093 2693 1151 2735; x_wconf 90' lang='lat' dir='ltr'><strong>run·</strong></span> 
     </span>
     <span class='ocr_line' id='line_1_31' title="bbox 148 2760 1151 2843; baseline -0.004 -19"><span class='ocrx_word' id='word_1_234' title='bbox 148 2773 269 2841; x_wconf 85' lang='lat' dir='ltr'><strong>geretur</strong></span> <span class='ocrx_word' id='word_1_235' title='bbox 286 2763 409 2843; x_wconf 84' lang='lat' dir='ltr'><strong>principi</strong></span> <span class='ocrx_word' id='word_1_236' title='bbox 425 2779 477 2822; x_wconf 90' lang='lat' dir='ltr'><strong>sua</strong></span> <span class='ocrx_word' id='word_1_237' title='bbox 491 2770 598 2822; x_wconf 90' lang='lat' dir='ltr'><strong>tantum</strong></span> <span class='ocrx_word' id='word_1_238' title='bbox 613 2763 792 2822; x_wconf 88' lang='lat' dir='ltr'><strong>matrimonia</strong></span> <span class='ocrx_word' id='word_1_239' title='bbox 808 2769 941 2839; x_wconf 80' lang='lat' dir='ltr'><strong>experto.</strong></span> <span class='ocrx_word' id='word_1_240' title='bbox 974 2760 1151 2821; x_wconf 80' lang='lat' dir='ltr'><strong>audivisses</strong></span> 
     </span>
     <span class='ocr_line' id='line_1_32' title="bbox 150 2841 1151 2944; baseline -0.004 -37"><span class='ocrx_word' id='word_1_241' title='bbox 150 2846 330 2926; x_wconf 91' lang='lat' dir='ltr'><strong>parentibus,</strong></span> <span class='ocrx_word' id='word_1_242' title='bbox 347 2845 478 2906; x_wconf 87' lang='lat' dir='ltr'><strong>vidisse</strong></span> <span class='ocrx_word' id='word_1_243' title='bbox 470 2863 553 2944; x_wconf 89' lang='lat' dir='ltr'><strong>rpsos</strong></span> <span class='ocrx_word' id='word_1_244' title='bbox 569 2845 662 2924; x_wconf 89' lang='lat' dir='ltr'><strong>abripi</strong></span> <span class='ocrx_word' id='word_1_245' title='bbox 678 2846 819 2922; x_wconf 88' lang='lat' dir='ltr'><strong>coniuges</strong></span> <span class='ocrx_word' id='word_1_246' title='bbox 832 2845 869 2905; x_wconf 94' lang='lat' dir='ltr'><strong>ad</strong></span> <span class='ocrx_word' id='word_1_247' title='bbox 884 2844 965 2905; x_wconf 91' lang='lat' dir='ltr'><strong>libita</strong></span> <span class='ocrx_word' id='word_1_248' title='bbox 980 2841 1151 2906; x_wconf 78' lang='lat' dir='ltr'><strong>Caesarum:</strong></span> 
     </span>
     <span class='ocr_line' id='line_1_33' title="bbox 149 2928 1188 3011; baseline 0.001 -19"><span class='ocrx_word' id='word_1_249' title='bbox 149 2930 253 3011; x_wconf 93' lang='lat' dir='ltr'><strong>procul</strong></span> <span class='ocrx_word' id='word_1_250' title='bbox 270 2931 298 2991; x_wconf 94' lang='lat' dir='ltr'><strong>id</strong></span> <span class='ocrx_word' id='word_1_251' title='bbox 315 2949 332 2992; x_wconf 92' lang='lat' dir='ltr'><strong>a</strong></span> <span class='ocrx_word' id='word_1_252' title='bbox 348 2930 494 3010; x_wconf 89' lang='lat' dir='ltr'><strong>praesenti</strong></span> <span class='ocrx_word' id='word_1_253' title='bbox 513 2929 665 2990; x_wconf 89' lang='lat' dir='ltr'><strong>modestia.</strong></span> <span class='ocrx_word' id='word_1_254' title='bbox 698 2938 873 2990; x_wconf 90' lang='lat' dir='ltr'><strong>statueretur</strong></span> <span class='ocrx_word' id='word_1_255' title='bbox 892 2931 976 2990; x_wconf 89' lang='lat' dir='ltr'><strong>immo</strong></span> <span class='ocrx_word' id='word_1_256' title='bbox 997 2928 1150 2989; x_wconf 86' lang='lat' dir='ltr'><strong>documen·</strong></span> <span class='ocrx_word' id='word_1_257' title='bbox 1164 2951 1188 2993; x_wconf 87' lang='lat' dir='ltr'><strong>ro</strong></span> 
     </span>
     <span class='ocr_line' id='line_1_34' title="bbox 151 3016 1148 3098; baseline -0.006 -16"><span class='ocrx_word' id='word_1_258' title='bbox 151 3031 226 3097; x_wconf 92' lang='lat' dir='ltr'><strong>tum,</strong></span> <span class='ocrx_word' id='word_1_259' title='bbox 249 3038 307 3098; x_wconf 91' lang='lat' dir='ltr'><strong>quo</strong></span> <span class='ocrx_word' id='word_1_260' title='bbox 325 3036 450 3080; x_wconf 82' lang='lat' dir='ltr'><strong>uxorem</strong></span> <span class='ocrx_word' id='word_1_261' title='bbox 467 3020 625 3096; x_wconf 88' lang='lat' dir='ltr'><strong>imperator</strong></span> <span class='ocrx_word' id='word_1_262' title='bbox 647 3034 666 3076; x_wconf 86' lang='lat' dir='ltr'><strong>a</strong></span> <span class='ocrx_word' id='word_1_263' title='bbox 677 3017 818 3094; x_wconf 81' lang='lat' dir='ltr'><strong>patribus</strong></span> <span class='ocrx_word' id='word_1_264' title='bbox 834 3016 990 3092; x_wconf 86' lang='lat' dir='ltr'><strong>acciperet.</strong></span> <span class='ocrx_word' id='word_1_265' title='bbox 1022 3024 1050 3075; x_wconf 89' lang='lat' dir='ltr'><strong>at</strong></span> <span class='ocrx_word' id='word_1_266' title='bbox 1074 3017 1148 3076; x_wconf 89' lang='lat' dir='ltr'><strong>enim</strong></span> 
     </span>
     <span class='ocr_line' id='line_1_35' title="bbox 150 3097 1148 3190; baseline -0.009 -25"><span class='ocrx_word' id='word_1_267' title='bbox 150 3121 226 3165; x_wconf 81' lang='lat' dir='ltr'><strong>nova</strong></span> <span class='ocrx_word' id='word_1_268' title='bbox 256 3102 375 3164; x_wconf 85' lang='lat' dir='ltr'><strong>nobis</strong></span> <span class='ocrx_word' id='word_1_269' title='bbox 367 3121 397 3162; x_wconf 90' lang='grc' dir='ltr'><strong>ιιι</strong></span> <span class='ocrx_word' id='word_1_270' title='bbox 425 3103 544 3178; x_wconf 79' lang='lat' dir='ltr'><strong>fratrum</strong></span> <span class='ocrx_word' id='word_1_271' title='bbox 572 3099 645 3160; x_wconf 89' lang='lat' dir='ltr'><strong>filias</strong></span> <span class='ocrx_word' id='word_1_272' title='bbox 658 3100 818 3190; x_wconf 89' lang='lat' dir='ltr'><strong>coniugia:</strong></span> <span class='ocrx_word' id='word_1_273' title='bbox 842 3098 895 3159; x_wconf 91' lang='lat' dir='ltr'><strong>sed</strong></span> <span class='ocrx_word' id='word_1_274' title='bbox 922 3097 985 3158; x_wconf 92' lang='lat' dir='ltr'><strong>aliis</strong></span> <span class='ocrx_word' id='word_1_275' title='bbox 1011 3100 1148 3176; x_wconf 87' lang='lat' dir='ltr'><strong>gentibus</strong></span> 
     </span>
     <span class='ocr_line' id='line_1_36' title="bbox 150 3165 1147 3265; baseline -0.011 -16"><span class='ocrx_word' id='word_1_276' title='bbox 150 3187 320 3262; x_wconf 89' lang='lat' dir='ltr'><strong>sollemnia,</strong></span> <span class='ocrx_word' id='word_1_277' title='bbox 350 3204 450 3265; x_wconf 89' lang='lat' dir='ltr'><strong>neque</strong></span> <span class='ocrx_word' id='word_1_278' title='bbox 474 3173 544 3263; x_wconf 74' lang='lat' dir='ltr'><strong>lege</strong></span> <span class='ocrx_word' id='word_1_279' title='bbox 566 3183 623 3243; x_wconf 90' lang='lat' dir='ltr'><strong>ulla</strong></span> <span class='ocrx_word' id='word_1_280' title='bbox 646 3165 805 3261; x_wconf 88' lang='lat' dir='ltr'><strong>probibita;</strong></span> <span class='ocrx_word' id='word_1_281' title='bbox 838 3189 868 3240; x_wconf 93' lang='lat' dir='ltr'><strong>et</strong></span> <span class='ocrx_word' id='word_1_282' title='bbox 893 3181 1073 3240; x_wconf 87' lang='lat' dir='ltr'><strong>sobrinarum</strong></span> <span class='ocrx_word' id='word_1_283' title='bbox 1101 3181 1147 3238; x_wconf 92' lang='lat' dir='ltr'><strong>diu</strong></span> 
     </span>
     <span class='ocr_line' id='line_1_37' title="bbox 151 3266 1147 3350; baseline -0.011 -20"><span class='ocrx_word' id='word_1_284' title='bbox 151 3273 285 3350; x_wconf 87' lang='lat' dir='ltr'><strong>ignorata</strong></span> <span class='ocrx_word' id='word_1_285' title='bbox 306 3279 442 3349; x_wconf 92' lang='lat' dir='ltr'><strong>tempore</strong></span> <span class='ocrx_word' id='word_1_286' title='bbox 465 3267 562 3328; x_wconf 92' lang='lat' dir='ltr'><strong>addito</strong></span> <span class='ocrx_word' id='word_1_287' title='bbox 590 3266 821 3345; x_wconf 89' lang='lat' dir='ltr'><strong>percrebruisse</strong></span> <span class='ocrx_word' id='word_1_288' title='bbox 859 3281 967 3322; x_wconf 88' lang='lat' dir='ltr'><strong>morem</strong></span> <span class='ocrx_word' id='word_1_289' title='bbox 987 3279 1147 3321; x_wconf 86' lang='lat' dir='ltr'><strong>accommo-</strong></span> 
     </span>
     <span class='ocr_line' id='line_1_38' title="bbox 151 3347 1178 3434; baseline -0.014 -19"><span class='ocrx_word' id='word_1_290' title='bbox 151 3356 212 3415; x_wconf 90' lang='lat' dir='ltr'><strong>dari</strong></span> <span class='ocrx_word' id='word_1_291' title='bbox 232 3363 318 3434; x_wconf 90' lang='lat' dir='ltr'><strong>prout</strong></span> <span class='ocrx_word' id='word_1_292' title='bbox 343 3353 506 3429; x_wconf 88' lang='lat' dir='ltr'><strong>conducat,</strong></span> <span class='ocrx_word' id='word_1_293' title='bbox 533 3359 563 3411; x_wconf 89' lang='lat' dir='ltr'><strong>et</strong></span> <span class='ocrx_word' id='word_1_294' title='bbox 589 3351 654 3410; x_wconf 87' lang='lat' dir='ltr'><strong>fore</strong></span> <span class='ocrx_word' id='word_1_295' title='bbox 675 3349 731 3408; x_wconf 89' lang='lat' dir='ltr'><strong>hoc</strong></span> <span class='ocrx_word' id='word_1_296' title='bbox 754 3365 869 3427; x_wconf 92' lang='lat' dir='ltr'><strong>quoque</strong></span> <span class='ocrx_word' id='word_1_297' title='bbox 891 3347 920 3405; x_wconf 92' lang='lat' dir='ltr'><strong>in</strong></span> <span class='ocrx_word' id='word_1_298' title='bbox 940 3347 975 3403; x_wconf 88' lang='lat' dir='ltr'><strong>iis</strong></span> <span class='ocrx_word' id='word_1_299' title='bbox 992 3361 1065 3420; x_wconf 91' lang='lat' dir='ltr'><strong>quae</strong></span> <span class='ocrx_word' id='word_1_300' title='bbox 1080 3361 1178 3402; x_wconf 77' lang='lat' dir='ltr'><strong>morus</strong></span> 
     </span>
     <span class='ocr_line' id='line_1_39' title="bbox 152 3448 336 3520; baseline -0.006 -21"><span class='ocrx_word' id='word_1_301' title='bbox 152 3448 336 3520; x_wconf 89' lang='lat' dir='ltr'><strong>usurpentur.</strong></span> 
     </span>
    </p>
   </div>
   <div class='ocr_carea' id='block_1_3' title="bbox 0 0 1292 3878">
    <p class='ocr_par' dir='ltr' id='par_1_6' title="bbox 0 0 1292 3878">
     <span class='ocr_line' id='line_1_40' title="bbox 0 0 1292 3878; baseline 0 0"><span class='ocrx_word' id='word_1_302' title='bbox 0 0 1292 3878; x_wconf 95' lang='lat' dir='ltr'><strong> </strong></span> 
     </span>
    </p>
   </div>
  </div>
 </body>
</html>
