2568 3870
163 123 223 188 138
382 137 549 186 conanum
564 133 938 184 ruonnrursuomnnurr
1047 92 1051 100 ¹

162 294 247 355 nibus
266 294 372 354 iactata
394 291 520 354 diversis
536 291 636 352 studiis
655 288 883 366 accipiebantur.
923 290 993 348 vicit
1010 306 1078 368 pars
1092 306 1170 368 quae

161 378 260 438 sortiri
275 377 390 456 legatos
406 376 548 454 malebat,
566 377 650 436 etiam
664 372 767 433 mediis
785 383 897 453 patrum
913 372 1108 433 adnitentibus
1123 391 1171 432 re-

161 465 255 522 tinere
271 478 396 530 morem;
420 470 449 521 et
469 459 719 540 splendidissimus
736 459 859 536 qunque
878 455 1170 534 eodeminclinabat,

126 554 239 612 semein
254 545 395 620 invidiae,
411 546 437 604 si
452 547 509 625 ipsi
524 545 713 621 eligerentur.

223 631 254 692 9.
277 631 415 690 Secutum
430 628 507 689 aliud
525 639 681 688 certamen.
719 634 873 704 praetores
890 625 995 686 aerarii
1013 625 1093 704 (nam
1109 634 1171 684 tum

162 733 178 774 a
200 714 385 793 praetoribus
406 712 583 774 tractabatur
607 709 766 796 aerarium)
799 708 944 787 publicam
968 717 1173 787 paupertatem

162 800 259 876 questi
272 798 388 858 modum
401 799 531 876 inpensis
547 795 774 876 postulaverant.
802 811 868 854 eam
884 811 982 854 curam
998 793 1100 853 consul
1118 793 1172 853 de-

162 885 292 959 signatus
308 883 346 942 ob
357 880 580 959 magnitudinem
594 879 693 940 oneris
704 874 734 938 e't
747 878 868 939 remedii
880 877 1078 938 difficultatem
1090 879 1171 956 prIn·
1255 892 1258 907 ·

139 967 219 1044 scipi
236 964 423 1026 reservabat:
444 964 596 1025 Helvidius
613 962 733 1024 arbitrio
749 972 868 1023 senatus
884 961 1027 1040 agendum
1044 965 1172 1023 censuit.
1264 1033 1265 1036 Ἴ

163 1066 226 1109 cum
247 1059 442 1128 perrogarent
463 1049 621 1109 sententias
642 1047 796 1124 consules,
819 1047 971 1108 Volcatius
992 1045 1174 1107 Tertullinus

161 1133 290 1193 tribunus
308 1133 405 1211 plebis
420 1133 605 1206 intercessit,
628 1131 748 1211 nequid
771 1150 861 1210 super
881 1141 959 1192 tanta
979 1150 1012 1191 re
1033 1133 1172 1212 principe

163 1217 285 1278 absente
302 1225 488 1278 statueretur.
526 1226 680 1276 censuerat
701 1216 854 1277 Helvidius
876 1224 907 1275 ut
924 1214 1099 1295 Capitolium
1117 1234 1171 1294 pn-

163 1302 240 1362 blice
261 1303 478 1378 restitueretur,
504 1299 653 1361 adiuvaret
668 1301 878 1380 Vespasianus.
911 1317 975 1361 eam
995 1303 1169 1361 sententiam

128 1409 153 1448 ro
162 1385 392 1447 modestissimus
419 1387 541 1465 quisque
569 1384 701 1461 silentio,
729 1384 836 1444 deinde
860 1384 970 1445 oblivio
995 1387 1171 1446 transmisit:

161 1472 246 1531 luere
263 1471 312 1549 qni
328 1479 357 1530 et
371 1471 576 1530 meminissent.
1006 1541 1009 1548 Ι

224 1555 273 1614 10.
296 1554 367 1614 'lum
385 1555 516 1613 invectus
540 1560 586 1612 est
603 1552 753 1613 Musonius
773 1553 866 1614 liuius
882 1555 911 1614 in
933 1553 964 1613 P.
982 1551 1138 1630 Celerem,
1156 1573 1174 1615 a

162 1657 219 1717 quo
235 1637 358 1700 Baream
374 1638 515 1697 Soranum
537 1635 614 1696 falso
628 1638 794 1697 testimonio
814 1637 1041 1697 circumventum
1062 1653 1173 1714 argue-

161 1723 218 1782 bat.
256 1739 292 1780 ea
314 1721 481 1796 cognitione
501 1720 640 1780 renovari
661 1719 727 1780 odia
745 1721 961 1781 accusationum
984 1718 1172 1782 videbantur.

163 1806 214 1865 sed
229 1803 294 1864 vilis
309 1812 338 1863 et
351 1820 463 1863 nocens
485 1820 553 1862 reus
569 1805 685 1880 protegi
706 1822 764 1865 non
779 1813 910 1883 poterat:
939 1805 1048 1883 qnippe
1065 1805 1175 1866 Sorani

139 1897 263 1950 ssancta
280 1888 434 1955 memoria;
461 1885 550 1947 Celer
571 1885 722 1966 professus
739 1889 926 1968 sapientiam,
953 1887 1019 1949 dein
1041 1891 1125 1949 testis
1142 1892 1174 1949 in

162 1974 301 2048 Baream,
329 1971 461 2050 proditur
488 1980 704 2050 corruptorque
725 1973 885 2049 amicitiae,
914 1973 994 2032 cuius
1021 1990 1054 2032 se
1078 1976 1172 2050 magi·

162 2068 251 2118 strum
272 2055 397 2118 ferebat.
434 2055 584 2134 proximus
611 2054 674 2114 dies
705 2073 811 2116 causae
832 2055 1005 2126 destinatum
1032 2074 1088 2116 nec
1112 2067 1171 2118 tam

162 2143 311 2202 lllusonins
336 2150 383 2200 aut
402 2139 519 2199 Publius
541 2157 626 2218 quarn
641 2139 758 2200 Priscus
779 2149 809 2200 et
826 2139 983 2202 llarccllus
1005 2143 1172 2221 ceterique,

163 2228 247 2287 motis
263 2225 300 2285 ad
315 2225 453 2284 ultionem
468 2225 584 2302 animis,
600 2222 840 2302 expectabantur.

115 2383 117 2392 s
226 2313 275 2372 11.
300 2309 363 2369 'l'ali
384 2327 480 2370 rerum
501 2317 593 2384 statu,
622 2327 686 2368 cum
715 2308 861 2370 discordia
888 2313 964 2374 inter
985 2319 1103 2389 patres,
1126 2312 1174 2372 ira

164 2379 238 2474 apud
259 2397 370 2470 victos,
392 2393 471 2453 nulla
487 2394 515 2452 in
538 2393 699 2454 victoribus
722 2389 895 2474 auctoritas,
919 2414 977 2457 non
992 2396 1093 2472 leges,
1111 2413 1174 2456 non

163 2481 301 2558 princeps
312 2480 342 2538 in
358 2480 475 2538 civitate
490 2487 604 2553 essent,
620 2477 770 2538 Mucianus
783 2477 885 2539 urbem
896 2483 1049 2559 ingressus
1065 2489 1174 2540 cuncta

163 2563 245 2623 simul
260 2566 288 2622 in
303 2581 336 2622 se
348 2564 444 2622 traxit.
468 2563 560 2622 fracta
573 2561 658 2622 Primi
666 2561 787 2622 Antonii
795 2564 1013 2643 VariqueArrii
1025 2564 1173 2642 potentia,

133 2648 237 2709 smale
253 2647 429 2706 dissimulata
443 2647 472 2706 in
487 2663 540 2706 eos
555 2645 678 2707 Muciani
695 2647 860 2724 iracundia,
881 2651 1012 2728 quamvis
1029 2647 1112 2708 vultu
1127 2657 1173 2708 te·

161 2740 291 2810 geretur.
314 2732 366 2791 sed
379 2731 481 2791 civitas
494 2730 630 2791 rimandis
645 2731 765 2791 offensis
778 2749 871 2810 sagax
883 2742 1011 2794 verterat
1026 2751 1060 2794 se
1076 2741 1172 2793 trans-

160 2816 341 2894 tuleratqnez
369 2814 420 2874 ille
440 2833 512 2874 unns
533 2815 646 2892 ambiri,
669 2815 737 2875 coli.
768 2834 827 2876 nec
846 2818 949 2879 deerat
970 2819 1053 2897 ipse,
1078 2818 1173 2896 stipa-

160 2909 208 2959 tus
229 2901 361 2974 armatis,
387 2899 489 2959 domos
510 2900 672 2980 lrortosque
691 2911 872 2980 permutans,
891 2911 1031 2983 apparatu
1050 2904 1174 2963 incessu

163 2983 296 3064 excubiis
309 2984 366 3044 vim
381 2984 522 3062 principis
535 2984 688 3062 amplecti,
704 3003 810 3046 nomen
826 2989 986 3050 remittere.
1016 2986 1173 3066 plurimum

127 3088 152 3127 ac
164 3070 286 3130 terroris
305 3069 398 3129 intulit
418 3068 525 3131 caedes
546 3067 695 3148 Calpurnii
710 3068 866 3130 Galeriani.
902 3073 927 3132 is
947 3071 1001 3132 luit
1021 3071 1097 3130 lilius
1117 3069 1174 3132 Gai

162 3154 290 3230 Pisonis,
308 3152 378 3214 nibil
393 3171 495 3216 ausus:
519 3155 572 3214 sed
587 3171 691 3215 nomen
712 3156 827 3234 insigne
843 3166 873 3216 et
890 3156 999 3218 decora
1014 3157 1108 3234 ipsius
1127 3157 1173 3214 in-

161 3247 247 3298 venta
262 3256 377 3300 rumore
392 3239 475 3317 volgi
491 3238 730 3316 celebrabantur,
743 3249 884 3320 erantque
895 3241 925 3300 in
942 3241 1058 3303 ciuitate
1072 3239 1173 3300 adbuc

161 3320 272 3381 turbida
293 3331 322 3383 et
342 3325 425 3384 noris
443 3323 626 3386 sermonibus
647 3323 724 3383 laeta
743 3325 790 3404 qni
811 3327 989 3405 principatus
1009 3326 1123 3386 inanem
1141 3327 1171 3384 ei

161 3400 263 3462 lamam
279 3408 499 3468 circumdarent.
530 3409 608 3468 iussu
624 3407 748 3468 illuriani
765 3409 896 3472 custodia
911 3409 1026 3470 militari
1042 3411 1170 3484 cinctus,
1266 3413 1267 3458 1
