2540 3874
165 129 227 192 130
426 138 590 189 conmnnu
603 138 720 188 nsornr
735 139 918 188 sumamma

164 305 196 356 ut
215 295 351 356 feriarum
371 294 530 356 Latinarum
545 295 647 357 diebus
662 295 842 372 praelectum
862 292 940 352 urbis
955 293 1096 373 Drusum,
1119 315 1168 357 au·

164 378 297 460 spicandi
311 379 404 457 gratm
419 379 540 440 tribunal
556 381 729 456 ingressum,
746 378 849 437 adierit
864 374 1037 456 Calpurnius
1055 380 1168 442 Salvia·

164 481 218 523 nus
236 464 265 522 iu
288 463 407 524 Sextum
426 461 562 524 blaciam:
594 461 670 542 quod
692 480 708 522 a
731 460 858 522 Caesare
878 459 973 540 palam
994 463 1168 542 increpitum

141 563 254 608 coausa
275 547 355 608 exilii
369 544 504 607 Salviano
526 546 587 606 fuit.
620 544 736 606 obiecta
752 543 870 623 publice
888 542 1042 620 Cyzicenis
1056 548 1169 608 incuria

167 631 403 692 caerimoniarum
420 628 477 689 divi
487 630 622 708 Augusti,
643 628 746 689 additis
760 628 916 689 violentiae
936 627 1102 690 criminibus
1118 631 1167 691 ad-

165 731 281 774 versum
307 715 388 774 cives
407 713 563 774 Romanos.
592 721 621 772 et
638 714 762 774 amisere
785 711 961 790 libertatem,
982 731 1066 794 quam
1085 713 1166 775 bello

163 797 336 860 lilitbridatis
350 807 528 875 meruerant,
550 798 734 858 circumsessi
748 813 804 856 nec
819 797 912 855 minus
932 815 983 858 sua
1006 798 1165 864 constantia

165 900 249 962 quam
269 881 415 960 praesidio
430 880 541 943 Luculli
557 881 641 960 pulso
660 898 744 958 rege.
772 888 802 940 at
817 878 955 940 Fonteius
972 878 1093 960 Capito,
1116 881 1164 960 qui

129 984 220 1045 scpro
246 965 366 1026 consule
387 965 486 1032 Asiam
507 975 674 1042 curaverat,
697 963 872 1041 absolvitur,
898 973 1039 1044 conperto
1056 965 1123 1025 licta
1137 965 1165 1024 iu

166 1069 231 1110 eum
252 1050 368 1110 crimina
388 1067 442 1127 per
458 1048 575 1110 Vibium
591 1050 740 1109 Serenum.
768 1064 864 1125 neque
886 1056 980 1108 tamen
1003 1046 1031 1107 id
1052 1049 1166 1114 Sereno

163 1126 261 1194 no'xae
278 1135 344 1210 luit,
365 1151 450 1212 quern
471 1132 565 1193 odium
581 1132 726 1212 publicum
740 1132 875 1191 tutiorem
890 1130 1026 1192 iaciebat.
1059 1149 1123 1192 narn
1137 1139 1168 1191 nt

165 1219 230 1296 quis
253 1215 420 1278 destrictior
449 1226 619 1294 accusator,
646 1215 727 1274 velut
747 1223 953 1276 sacrosanctus
976 1223 1053 1275 erat:
1082 1215 1167 1276 leves

163 1299 312 1378 ignobiles
330 1301 433 1381 poenis
449 1300 665 1361 adliciebantur.

229 1383 279 1444 37.
302 1384 358 1446 Per
376 1383 452 1444 idem
463 1393 575 1464 tempus
590 1383 728 1462 llispania
742 1382 864 1442 ulterior
877 1381 972 1442 missis
984 1381 1020 1443 ad
1034 1390 1165 1448 senatum

162 1468 271 1547 legatis
289 1471 396 1546 oravit,
418 1476 449 1528 ut
468 1467 604 1548 exemplo
619 1467 709 1529 Asiae
725 1463 875 1526 delubrum
889 1465 1006 1528 Tiberio
1022 1466 1166 1543 matrique

163 1554 227 1614 eius
244 1560 417 1613 exstrueret.
450 1571 505 1632 qua
520 1553 677 1612 occasione
695 1548 814 1628 caesar,
829 1548 941 1611 validus
956 1549 1066 1631 alioqui
1082 1567 1165 1628 sper·

162 1635 265 1697 nendis
280 1635 440 1696 bonoribus
463 1645 492 1696 et
513 1633 745 1714 respondendum
764 1641 843 1694 retus
861 1635 898 1694 iis
916 1650 1037 1714 quorum
1050 1649 1166 1693 rumore

135 1747 149 1786 c
164 1719 339 1797 arguebatur
361 1720 390 1778 in
411 1719 593 1780 ambitionem
615 1719 751 1798 flexisse,
767 1717 896 1778 huiusce
911 1717 990 1780 modi
1005 1718 1166 1777 orationem
1268 1791 1269 1800 ἵ

165 1802 386 1884 coepitzfscio,
406 1810 504 1880 patres
520 1804 692 1882 conscripti,
716 1805 905 1863 constantiam
918 1819 1011 1862 meam
1029 1819 1046 1861 a
1061 1800 1164 1880 pleris-

165 1903 223 1966 que
244 1883 450 1964 desideratam,
478 1886 555 1965 quod
576 1886 666 1948 Asiae
687 1884 851 1946 civitatibus
875 1905 967 1967 nuper
988 1885 1063 1946 idem
1089 1883 1165 1944 istud

165 1966 331 2050 petentibus
352 1987 410 2030 uon
434 1973 486 2030 sim
508 1970 686 2031 adversatus.
716 1985 790 2048 ergo
811 1978 840 2029 et
861 1971 968 2047 prioris
989 1969 1094 2029 silentii
1115 1968 1164 2028 de·

164 2053 341 2129 lensionem,
357 2061 386 2113 et
400 2052 467 2134 quid
480 2053 509 2114 in
524 2055 647 2116 loturum
663 2053 821 2130 statuerim,
838 2053 918 2114 simul
935 2055 1071 2133 aperiam.
1101 2070 1164 2114 oum

129 2154 156 2196 ao
166 2135 249 2198 divus
265 2136 414 2214 Augustus
436 2136 491 2198 sibi
511 2147 597 2216 atque
611 2137 675 2198 urbi
688 2137 799 2200 liomae
813 2138 949 2219 templum
964 2138 1040 2217 apud
1054 2136 1163 2214 Perga·

164 2238 240 2282 mum
261 2221 323 2280 sisti
342 2238 402 2281 non
423 2221 632 2300 prohibuisset,
658 2223 707 2301 qni
729 2222 823 2282 omnia
847 2222 924 2284 iacta
946 2221 1081 2302 dictaque
1101 2223 1163 2280 eius

165 2305 230 2365 vice
244 2303 321 2381 legis
336 2303 507 2382 observem,
529 2305 667 2385 placitum
686 2307 741 2365 iarn
759 2305 920 2385 exemplum
942 2306 1102 2386 promptius
1117 2322 1162 2363 se·

166 2397 249 2449 cutus
264 2405 340 2466 surn,
363 2389 429 2467 quia
451 2388 538 2450 cultui
558 2407 624 2451 meo
645 2390 794 2450 veneratio
812 2399 929 2450 senatus
945 2387 1165 2466 adiungebatun

166 2480 292 2532 ceterum
307 2480 339 2530 ut
352 2472 443 2532 semel
460 2474 612 2552 recepisse
625 2473 739 2533 veniam
754 2466 902 2551 babueitt,
925 2477 964 2535 ita
987 2490 1085 2534 omnes
1108 2489 1163 2550 per

126 2574 156 2615 rc
166 2555 333 2635 provincias
346 2556 446 2635 effigie
460 2558 601 2617 numinum
616 2559 726 2618 sacrari
738 2553 931 2636 ambitiosum,
949 2555 1115 2637 superbum;
1133 2565 1162 2614 et

165 2647 304 2700 vanescet
318 2640 442 2718 Augusti
460 2640 563 2718 honor,
582 2643 607 2702 si
622 2641 774 2722 promiscis
793 2639 1004 2704 adulationibus
1016 2638 1163 2716 vulgatur.
1264 2643 1265 2678 t

228 2721 279 2784 38.
305 2722 373 2801 Ego
388 2743 459 2804 me,
474 2733 573 2804 patres
589 2725 762 2806 conscripti,
779 2725 930 2786 mortalem
948 2743 1015 2787 esse
1029 2732 1057 2784 et
1072 2721 1163 2783 homi·

163 2825 230 2866 num
254 2807 352 2868 oflicia
371 2808 452 2884 iungi
473 2811 601 2888 satisque
621 2809 747 2886 babere,
774 2809 798 2867 si
820 2807 916 2870 locum
934 2809 1094 2890 principem
1113 2808 1163 2867 im-

164 2891 276 2969 pleam,
299 2899 327 2952 et
346 2909 400 2952 vos
417 2901 509 2955 testor
529 2902 558 2952 et
579 2895 741 2955 meminisse
763 2901 902 2974 posteros
919 2893 1002 2964 volo;
1025 2893 1074 2972 qui
1092 2894 1164 2956 satis
1263 2901 1264 2914 ,

164 2991 311 3054 superque
327 2979 483 3037 memoriae
495 2995 578 3038 meae
590 2977 723 3056 tribuent,
739 2987 769 3038 ut
781 2977 939 3039 maioribus
949 2980 1021 3037 meis
1034 2975 1163 3058 dignum,

138 3075 261 3128 ,rerum
283 3067 443 3121 vestrarum
464 3060 630 3140 providum,
651 3069 830 3124 constantem
849 3063 877 3122 in
897 3061 1052 3142 periculis,
1071 3059 1164 3121 olien-

163 3141 276 3203 sionum
291 3160 346 3222 pro
363 3143 483 3206 utilitate
498 3144 614 3224 publica
628 3164 686 3206 non
701 3144 834 3225 pavidum
849 3145 978 3212 credent.
1004 3145 1079 3206 haec
1094 3145 1165 3206 mihi

163 3227 193 3286 in
207 3228 307 3287 animis
318 3229 428 3296 ‚vestris
445 3229 572 3308 templa,
587 3229 642 3290 hae
665 3230 875 3309 pulcherrimae
898 3231 1013 3307 efligies
1035 3238 1063 3288 et
1084 3247 1163 3290 man·
1261 3249 1262 3310 ι

162 3325 258 3368 surae.
284 3329 349 3372 nam
369 3330 444 3391 quae
466 3331 538 3374 saxo
558 3322 718 3393 struuntur,
739 3315 764 3375 si
785 3315 919 3376 iudicium
933 3322 1119 3394 posterorum
1133 3313 1162 3370 in

163 3386 260 3453 odium
278 3397 380 3475 vertit,
406 3415 459 3478 pro
478 3396 640 3476 sepulchris
656 3408 839 3480 spernuntur.
868 3396 991 3480 proinde
1006 3397 1106 3459 socios
1122 3392 1163 3455 ci·
