2540 3874
417 170 523 218 ursan
535 171 571 218 11.
588 169 662 218 cnr.
675 167 795 222 tro—43.
958 161 960 165 ’
1064 162 1105 224 59

106 326 182 387 biam
196 327 345 402 omiserat,
364 325 416 385 sed
429 325 465 386 ah
481 326 582 384 intimis
597 324 720 402 Augusti
734 325 871 402 monitos,
895 326 961 405 quia
981 324 1104 385 florente

106 410 179 472 erto
196 407 325 470 (laesere
347 410 493 487 missoque
510 409 546 469 ad
566 427 614 468 res
636 409 754 469 orientis
775 409 863 469 intuta
878 409 986 470 'liberii
1008 409 1103 468 amici·

104 495 146 555 tia
163 490 346 554 credebatur.
380 503 410 552 ut
423 510 510 554 versa
526 491 680 554 Caesarum
696 492 800 553 subole
815 493 964 572 imperium
980 492 1104 571 adeptus
1114 508 1138 549 ro

105 585 168 651 est,
191 576 272 636 elicit
291 575 466 637 Archelaum
486 577 584 637 matris
603 576 713 652 literis,
741 593 815 655 quae
837 593 895 636 non
921 575 1104 638 dissimulatis
1126 613 1131 624 .

104 661 155 722 lilii
171 659 381 721 offensionibus
397 659 575 722 clementiam
591 658 749 737 offerebat,
770 660 794 720 si
811 660 847 721 ad
861 659 1036 740 precandum
1054 679 1103 720 ve·

103 746 189 804 m'ret.
226 741 278 802 ille
299 745 416 820 ignarus
437 742 497 803 doli
520 743 585 820 vel,
607 744 632 803 si
652 742 826 822 intellegere
847 745 1030 820 crederetur,
1047 745 1103 803 vim

102 835 235 887 metuens
249 827 278 885 in
295 826 394 888 urbem
409 836 562 908 properat;
579 834 779 907 exceptusque
790 828 887 888 immiti
903 827 1063 906 aprincipe
1075 835 1104 886 et

101 929 172 972 mox
186 917 341 970 accusatus
356 909 385 971 iu
400 919 517 986 senatu,
537 908 653 972 non-oh
675 912 792 970 crimina
812 929 886 992 quae
909 909 1102 988 tingebantur,
1114 931 1138 972 rs

102 1002 151 1054 set
166 1010 289 1070 angore,
308 993 390 1054 simul
405 994 501 1054 tessus
514 995 595 1054 senio
610 1003 640 1053 et
657 996 722 1073 qnia
737 995 857 1072 regibus
873 1013 980 1073 aequa,
1000 993 1104 1054 nedum

102 1078 199 1138 infima
223 1077 339 1137 insolite
361 1085 439 1154 sunt,
466 1077 551 1137 linem
569 1077 647 1137 vitae
673 1087 778 1156 sponte
806 1097 842 1140 an
872 1078 932 1138 iato
962 1077 1103 1157 implevit.

101 1178 226 1238 regnum
242 1161 271 1219 in
285 1161 463 1239 provinciam
480 1160 628 1222 redactum
644 1168 697 1238 est,
718 1161 914 1240 fructibusque
930 1161 991 1222 eius
1014 1161 1105 1222 levari

101 1261 194 1324 posse
218 1244 395 1306 centesimae
416 1244 543 1322 vectigal
571 1243 723 1324 professus
745 1243 855 1306 (laesor
880 1245 1104 1306 ducentesimam

100 1330 131 1388 in
150 1336 300 1405 posterum
313 1328 419 1388 statuit.
450 1345 503 1407 per
520 1326 594 1387 idem
611 1336 722 1407 tempus
733 1328 878 1390 Antiocho
892 1327 1102 1406 Commageno·
1113 1345 1137 1388 ro

100 1429 181 1486 rum,
203 1409 393 1489 Philopatore
409 1409 529 1472 Cilicum
549 1410 668 1488 regibus
688 1410 830 1474 defunctis
848 1412 1034 1474 turbabantur
1054 1431 1103 1472 na·

101 1497 214 1570 tiones,
234 1493 383 1573 plerisque
398 1494 572 1572 Romanum,
589 1495 653 1554 aliis
667 1495 779 1573 regium
797 1497 948 1576 imperium
966 1497 1103 1576 cupienti·

101 1578 172 1646 bus;
190 1585 221 1637 et
235 1577 405 1656 provinciae
420 1577 502 1638 Suria
517 1586 604 1657 etque
620 1576 741 1656 ludaea,
760 1579 858 1640 iessae
878 1581 1031 1657 oneribus,
1055 1578 1102 1640 de·

102 1663 290 1722 minutionem
304 1661 401 1722 tributi
416 1661 547 1724 orabant.

168 1745 219 1806 43.
249 1744 340 1822 igitur
362 1745 437 1807 haec
456 1754 485 1806 et
506 1744 542 1805 de
568 1746 704 1806 Armenia
728 1763 802 1824 quae
830 1763 917 1824 supra
947 1748 1103 1808 memoravi

101 1828 181 1908 apud
196 1837 295 1906 putres
309 1827 453 1906 disseruit,
467 1847 523 1890 nec
538 1846 626 1908 posse
638 1837 743 1890 motum
759 1830 900 1891 orientem
913 1830 968 1890 nisi
988 1829 1103 1892 Germa-

101 1912 162 1973 nici
183 1911 325 1989 sapientia
338 1913 486 1991 conponi:
516 1930 579 1972 nam
605 1929 684 1973 suam
711 1921 835 1974 aetatem
856 1931 997 1990 vergere,
1018 1911 1105 1973 Drusi

102 1994 228 2055 nondam
251 1995 320 2054 satis
344 1994 518 2056 adolevisse.
565 2005 633 2056 tunc
661 1995 782 2058 decreto
808 2006 919 2076 patrum
946 1997 1104 2076 permissae

102 2077 275 2140 Germanico
298 2079 468 2156 provinciae
490 2096 564 2157 quae
586 2081 658 2140 mari
677 2078 852 2158 dividuntur,
879 2081 1027 2158 maiusque
1055 2080 1130 2144 imo

103 2162 233 2240 perium,
256 2179 374 2240 quoquo
398 2162 522 2239 adisset,
546 2181 630 2244 quam
650 2165 685 2222 iis
700 2165 746 2243 qui
761 2173 842 2226 sorte
857 2172 904 2224 aut
922 2165 1011 2224 missu
1027 2165 1115 2242 prin-¹

102 2245 181 2324 cipis
202 2244 375 2306 obtinerent.
403 2245 455 2306 sed
470 2244 605 2307 Tiberius
621 2245 788 2309 demoverat
801 2249 885 2308 Suria
902 2246 1046 2308 Creticum
1062 2247 1104 2306 Si·

99 2329 207 2406 lanum,
223 2347 276 2407 per
290 2327 465 2390 adfinitatem
482 2346 625 2390 conexum
642 2329 829 2408 Germanico,
852 2332 917 2409 quia
937 2330 1027 2390 Silani
1048 2329 1104 2390 iilia

99 2410 214 2472 Neroni
229 2413 426 2475 vetustissimo
443 2412 601 2473 liberorum
623 2414 685 2473 eius
705 2423 789 2494 pacta
809 2423 886 2491 erat,
910 2414 1104 2493 praefecerat·

99 2505 160 2574 que
178 2493 228 2555 Gn.
245 2495 390 2574 Pisonem,
409 2497 528 2576 ingenio
540 2497 698 2558 violentum
715 2507 743 2557 et
756 2497 887 2577 obsequii
903 2499 1043 2576 ignarum,
1061 2499 1101 2556 in·
1115 2514 1139 2554 ro

100 2581 157 2639 sita
179 2578 290 2640 ferocia
312 2597 329 2640 a
350 2587 433 2660 patre
454 2579 579 2656 Pisone,
603 2582 652 2658 qui
672 2581 749 2642 civili
770 2580 849 2641 hello
871 2590 1061 2662 resurgentes
1076 2583 1105 2640 in

101 2661 204 2724 Africa
220 2671 318 2740 partes
343 2664 487 2725 acerrimo
507 2663 666 2724 ministerio
688 2663 828 2726 adversus
847 2663 1003 2726 Gaesarem
1024 2665 1105 2741 iuvit,

98 2763 169 2808 mox
183 2744 297 2808 Brutum
318 2757 347 2807 et
369 2746 502 2809 Cassium
522 2757 654 2824 secutus,
682 2765 826 2808 concesso
850 2748 944 2809 reditu
965 2749 1105 2828 petitione

99 2831 242 2892 houomm
262 2829 416 2909 abstinuit,
443 2831 539 2895 donec
563 2831 639 2893 ultro
661 2832 815 2892 ambiretur
837 2831 960 2898 delatum
986 2832 1023 2893 ab
1047 2833 1104 2894 Au·

100 2923 187 2991 gusto
214 2913 394 2976 consulatum
421 2915 569 2994 accipere.
607 2914 661 2975 scd
682 2925 799 2995 praeter
828 2924 965 2994 paternos
987 2917 1140 2996 spiritnsrs

100 2997 202 3057 uxoris
218 3015 336 3076 quoqne
350 2998 508 3060 Plancinae
529 2998 679 3069 nobilitate
701 3008 730 3059 et
752 2999 857 3078 opibus
876 2998 1104 3067 accendebatur:

104 3083 150 3140 rix
164 3079 286 3142 'liberio
303 3081 485 3159 concedere,
508 3080 621 3142 liberos
643 3083 705 3142 eius
726 3092 756 3142 ut
771 3083 888 3143 multum
912 3083 985 3144 inira
1001 3084 1105 3164 despe-

105 3173 191 3225 ctare.
225 3181 282 3224 nec
297 3163 411 3226 dubium
425 3164 551 3228 hahebat
565 3183 599 3224 se
614 3164 774 3243 delectum,
797 3165 845 3245 qui
859 3166 960 3227 Suriae
976 3167 1104 3245 impone·
1149 3172 1155 3182 '

104 3255 179 3308 retur
194 3245 233 3308 ad
248 3265 319 3326 spes
335 3248 498 3312 Germanici
512 3248 704 3310 coercendas.
738 3249 889 3310 credidere
910 3246 1024 3327 quidam
1041 3250 1105 3309 data

106 3338 131 3388 at
146 3349 162 3392 a
179 3330 298 3392 Tiberio
314 3332 429 3407 occulta
447 3330 592 3401 mandatas
618 3341 647 3392 et
667 3333 831 3394 Plancinam
853 3331 928 3392 hand
944 3329 1036 3390 dnbio
1047 3330 1139 3390 An-oo
1234 3345 1245 3362 ·

106 3423 182 3486 rusa
205 3415 317 3475 monuit
339 3415 528 3476 aemulatione
555 3414 690 3476 muliebri
729 3415 919 3494 Agrippinam
950 3412 1105 3468 insectans.
