2570 3878
148 137 209 200 tot
411 141 902 209 conuuuuuaoumsunnmnn

123 305 263 365 unionem
278 318 336 362 non
356 301 435 362 initia
456 303 565 378 nostri,
586 317 644 360 nou
665 299 766 375 finem,
788 314 845 357 non
870 297 995 376 denique
1018 296 1150 358 homines

145 388 190 450 dis
207 403 310 456 ourae;
328 384 394 445 ideo
410 385 586 446 creberrime
602 385 692 445 tristia
707 385 736 443 in
751 381 863 459 bonos,
885 381 960 441 laeta
978 381 1056 460 apud
1069 381 1150 442 dete·

145 475 241 533 riores
257 488 335 530 csse.
371 478 471 530 contra
486 469 534 529 alii
552 466 776 548 iatum-quidem
799 479 964 544 congruere
986 464 1075 527 rebus
1098 485 1151 546 pu·

144 565 214 636 tant,
229 554 281 616 sed
299 572 357 616 uon
373 571 389 614 e
406 555 488 632 ragis
506 553 615 631 stellis,
636 569 737 614 rerum
760 550 836 630 apud
858 550 1001 631 principia
1014 559 1044 610 et
1057 568 1152 611 nexus

145 639 324 702 naturalium¹
337 655 503 709 causarum3
534 655 568 699 ac
589 647 685 698 tamen
705 634 880 698 electionem
902 636 980 696 vitae
999 633 1083 695 nobis
1104 653 1152 694 re·

110 725 294 806 relinquunt,
314 740 398 802 quam
416 721 464 783 ubi
482 722 629 802 elegeris,
653 730 762 782 certum
783 720 986 780 imminentium
1009 719 1150 784 ordinem.

142 826 241 887 ,neque
265 806 340 867 mala
359 801 410 867 'vel
431 807 508 869 bona
527 825 603 886 quac
623 804 729 884 vulgus
749 812 846 886 putet:
873 802 995 880 multos,
1018 803 1067 882 qui
1083 820 1150 864 con·

145 892 249 953 lliotari
266 890 398 952 adversis
415 891 580 968 videantur,
604 890 722 968 beatos,
748 898 777 950 at
800 888 960 968 plerosque
982 905 1152 968 quamquam

145 993 265 1054 magnas
281 993 335 1056 per
351 992 425 1055 opes
449 975 643 1052 miserrimos,
666 974 690 1033 si
713 973 755 1034 illi
776 990 896 1050 gravem
917 971 1061 1032 fortunam
1084 989 1152 1034 oon·

146 1067 255 1121 stanter
277 1057 417 1136 tolerent,
446 1057 475 1118 bi
502 1075 645 1138 prospera
675 1056 837 1118 inconsulte
864 1063 987 1120 utantur.
1023 1065 1154 1117 ceterum

112 1170 137 1212 ιι
146 1141 276 1223 plurimis
297 1141 459 1203 mortalium
480 1159 538 1203 non
563 1142 695 1202 eximitur
717 1141 785 1220 quin
805 1141 897 1221 primo
920 1141 1058 1220 cuiusque
1088 1150 1153 1203 ortu

146 1235 267 1288 ventura
282 1225 470 1304 destinentur,
490 1224 543 1286 sed
558 1225 698 1304 quaedam
714 1242 801 1286 secus
821 1241 905 1303 quam
928 1224 1004 1286 dicta
1025 1226 1081 1285 sint
1105 1243 1154 1286 ce·

146 1311 233 1386 dere,
255 1308 380 1370 fallaciis
403 1309 507 1387 ignara
528 1308 698 1370 dicentium:
727 1311 766 1370 ita
788 1308 933 1389 corrumpi
959 1309 1044 1370 fidem
1069 1309 1154 1386 artis,

147 1395 227 1455 cuius
257 1393 336 1454 clara
364 1391 535 1454 documenta
565 1402 594 1454 et
619 1393 733 1474 antiqua
758 1403 839 1455 aetas
864 1401 894 1452 et
918 1401 1018 1454 nostra
1042 1393 1152 1457 tulerit.

147 1478 256 1559 quippe
278 1496 296 1538 a
318 1475 378 1538 lilio
402 1477 531 1538 eiusdem
553 1476 697 1538 Thrasulli
719 1477 896 1558 praedictum
915 1475 1042 1538 Neronis
1062 1478 1164 1558 impe·

113 1589 137 1631 ιο
146 1564 219 1624 rium
246 1562 273 1621 in
300 1569 434 1642 tempore
467 1561 686 1641 memorabitur,
720 1580 757 1639 ne
783 1579 858 1621 nunc
887 1561 1003 1641 incepto
1036 1561 1155 1639 lougius

147 1646 277 1708 abierim.

209 1725 260 1796 23.
285 1728 381 1789 Isdem
397 1731 563 1791 consulibus
585 1730 678 1790 Asinii
701 1727 775 1791 Galli
797 1745 876 1788 mors
897 1728 1046 1808 vulgatur,
1067 1747 1153 1814 quem

147 1821 279 1893 egestate
300 1812 357 1872 cibi
379 1823 558 1895 peremptum
581 1814 657 1875 baud
679 1812 808 1892 dubium,
829 1821 935 1892 sponte
955 1812 1004 1875 vel
1023 1817 1152 1876 necessi·

148 1907 221 1975 tate,
245 1897 386 1956 incertum
406 1897 575 1959 habebatur.
614 1899 822 1976 consultusque
846 1895 955 1959 Caesar
974 1916 1010 1958 an
1031 1899 1153 1979 sepeliri

147 1983 266 2057 sineret,
283 1997 342 2040 nou
359 1980 472 2042 erubuit
489 1985 654 2062 permittere
669 1982 802 2062 ultroque
824 1981 959 2044 incusare
980 2000 1082 2062 oasus,
1105 1983 1154 2063 qui

124 2083 227 2146 rreum
249 2063 452 2142 abstulissent,
474 2076 626 2146 antequam
647 2084 745 2128 coram
770 2067 1010 2130 convinceretur:
1030 2061 1154 2128 'scilicet

147 2149 242 2209 medio
259 2149 381 2210 triennio
402 2149 534 2212 doluerat
554 2160 665 2232 tempus
687 2149 828 2212 subeundi
850 2150 984 2212 iudicium
1007 2151 1153 2213 consulari

147 2234 225 2311 seui,
249 2240 292 2291 tot
315 2234 509 2294 consularium
530 2239 651 2314 parenti.
691 2236 803 2297 Drusus
823 2233 927 2296 deinde
953 2237 1153 2314 exstinguitur,

147 2337 210 2378 cum
235 2335 268 2376 se
293 2317 465 2379 miserandis
487 2319 645 2398 alimentis,
675 2319 836 2380 mandendo
865 2337 882 2378 e
907 2319 993 2381 cubili
1012 2328 1153 2400 tomento,

146 2419 253 2462 nonum
273 2401 308 2462 ad
327 2402 402 2462 diem
423 2402 604 2464 detinuisset.
639 2404 785 2465 tradidere
809 2403 923 2484 quidam
939 2405 1153 2485 praescriptum

112 2486 238 2553 abluisse
256 2485 408 2564 Macroni,
427 2487 451 2546 si
466 2505 544 2548 arma
567 2488 602 2548 ab
624 2489 729 2551 Seiano
754 2496 975 2568 temptarentur,
993 2496 1154 2551 extractum

148 2568 298 2631 custodiae
319 2570 451 2632 iuvenem
474 2573 555 2651 (uam
575 2573 603 2632 in
625 2572 735 2634 Palatio
757 2570 946 2652 attinebatur)
975 2573 1077 2634 ducem
1100 2591 1152 2653 po·

146 2652 216 2733 pulo
241 2653 402 2732 imponere.
438 2670 522 2734 mox,
553 2657 617 2735 quia
645 2673 742 2717 rumor
765 2655 919 2719 incedebat
938 2657 1003 2720 lore
1029 2667 1059 2719 ut
1081 2676 1154 2719 nuru

146 2756 181 2799 ac
192 2737 300 2882 lnepoti
316 2738 520 2800 conciliaretur
536 2736 662 2819 Caesar,
681 2743 831 2804 saevitiam
847 2759 933 2820 quam
948 2743 1153 2822 paenitentiam

145 2840 190 2883 ma
203 2840 253 2881 ιιι.
1259 2878 1263 2886 .

19 2830 261 2970 ΝΞ.
291 2907 366 2982 Quin
392 2916 420 2968 et
446 2909 580 2970 invectus
610 2909 637 2969 iu
669 2909 834 2971 defunctum
871 2910 978 2991 probra
1008 2911 1149 2992 corporis,

147 2987 324 3051 exitiabilem
346 2991 375 3050 in
397 3009 482 3075 suos,
504 2993 646 3055 infensum
667 2995 710 3054 rei
734 2994 869 3074 publicae
895 2997 1018 3056 animum
1044 2995 1152 3057 obiecit

145 3074 322 3153 recitarique
350 3075 494 3138 iacturum
518 3077 717 3158 dictorumque
745 3079 807 3140 eius
835 3079 982 3160 descripta
1007 3099 1063 3160 per
1089 3080 1152 3142 dies

145 3159 238 3233 iussit,
255 3177 314 3239 quo
329 3176 387 3220 uon
402 3160 480 3222 aliud
494 3163 622 3224 atrocius
637 3164 744 3224 visum:
775 3162 919 3226 adstitisse
934 3173 978 3226 tot
994 3183 1048 3245 per
1060 3182 1153 3228 annos

123 3243 194 3321 iqui
213 3242 336 3321 vultum,
355 3246 495 3323 gemitus,
515 3247 661 3308 occultum
678 3248 763 3308 etiam
778 3265 903 3310 murmur
919 3249 1106 3329 exciperent,
1124 3259 1167 3311 et·

147 3329 277 3402 potuisse
293 3347 377 3388 avum
392 3329 499 3408 audire,
508 3330 627 3411 legere,
644 3333 672 3392 in
688 3331 834 3412 publicum
851 3351 986 3415 promere
1003 3334 1052 3394 vix
1067 3333 1152 3412 fides,

145 3409 200 3468 nisi
227 3411 305 3490 quod
329 3412 399 3474 Attii
427 3416 603 3477 centurionis
629 3425 657 3478 et
674 3417 788 3494 Didymi
809 3418 907 3480 liberti
927 3417 1070 3500 epis'trdae
1090 3435 1152 3479 ser·
