2570 3878
380 180 486 228 arasa
505 180 553 228 xr.
575 181 650 230 cnr.
671 180 802 236 as-sa
1042 171 1101 234 195

101 335 310 417 Calpurnianus
331 335 448 412 vigilum
469 335 651 416 praefectus,
678 337 823 417 Sulpicius
843 338 935 401 Rufus
953 337 1011 400 ludi
1034 357 1100 421 pro·

12 497 17 510 ι
101 430 229 497 curratur,
244 419 349 482 Iuncus
364 419 551 498 Vergilianus
566 431 684 482 senator
699 421 798 482 eadem
815 441 910 503 poena
927 421 1044 484 adlecti.

160 505 210 566 36.
227 503 323 572 ,Solus
343 503 472 564 Mnester
494 507 704 566 cunctationem
728 506 835 585 attolit,
860 506 996 568 dilaniata
1017 513 1110 568 vcstc'

100 589 248 649 clamitans
270 588 416 667 aspiceret
440 586 592 648 verberum
618 599 718 668 notas,
751 593 985 652 reminisceretur
1008 594 1099 672 vocis,

99 691 154 752 quo
171 689 206 732 se
224 671 380 733 obnoxium
396 672 482 732 iussis
495 671 671 734 Messalinae
692 674 836 736 dedisset:
859 675 923 736 aliis
944 675 1099 754 largitione

98 765 145 818 aut
163 756 227 835 spei
248 755 457 834 magnitudine,
479 756 535 816 sibi
554 774 590 816 ex
612 759 787 820 necessitate
810 759 938 838 culpam;
962 777 1018 820 nec
1041 761 1097 820 cui-

99 858 183 920 quam
197 849 263 900 ante
279 838 455 919 pereundum
470 840 570 918 luisse,
586 843 610 906 si
625 841 712 902 Silius
724 861 820 904 reram
834 851 995 922 poteretur.
1018 861 1121 904 com-s

96 933 205 985 motum
222 923 267 984 bis
281 933 311 984 et
325 941 446 1003 pronum
462 923 498 984 ad
519 925 744 988 misericordiam
761 924 918 988 (laesuram
942 928 1098 1006 perpulere

13 1027 14 1098 ᾗ
96 1007 212 1085 liberti,
234 1025 271 1068 ne
286 1016 329 1067 tot
343 1007 508 1068 inlustribus
524 1010 594 1069 viris
610 1010 769 1071 interiectis
784 1011 916 1072 histrioni
932 1012 1097 1072 consulere·

96 1103 157 1154 tur:
175 1100 280 1171 sponte
297 1110 332 1154 an
348 1100 466 1152 coactus
480 1100 536 1154 tam
553 1111 657 1171 magna
673 1096 874 1174 peccavisset,
890 1094 960 1156 nihil
975 1096 1097 1156 rcicrre.

96 1175 252 1237 neTranli
277 1175 390 1255 quidem
411 1175 538 1236 Montani
560 1178 664 1256 equitis
683 1179 805 1240 Rotnani
827 1178 959 1240 defensio
975 1187 1099 1258 recepta
1115 1163 1163 1190 ’⁸'
1175 1163 1193 1176 “

97 1270 151 1322 est.
181 1261 205 1320 is
226 1259 356 1336 modesta
379 1259 510 1338 iuventa,
533 1261 585 1320 sed
606 1279 733 1341 corpore
751 1263 872 1340 insigni,
896 1263 1005 1323 accitus
1022 1262 1096 1322 ultro
1108 1276 1131 1319 rc

95 1353 270 1423 noctemque
291 1345 365 1404 intra
381 1361 464 1404 unam
481 1361 497 1404 a
511 1344 667 1407 Messalina
681 1343 866 1425 proturbatus
884 1355 960 1423 erat,
981 1345 1097 1424 paribus

95 1428 227 1490 lasciviis
242 1427 277 1489 ad
294 1427 456 1507 cupidinem
472 1436 501 1487 et
515 1427 638 1490 fastidia.
673 1429 774 1490 Suillio
791 1427 956 1489 Caesonino
973 1438 1000 1489 et
1015 1429 1096 1489 Plau-

94 1515 136 1574 tio
152 1513 294 1574 laterano
309 1528 387 1572 mors
403 1511 570 1588 remittitur,
592 1511 659 1572 huie
681 1512 720 1573 ob
737 1514 830 1592 patrui
846 1513 997 1591 egregium
1013 1514 1096 1571 meri·

95 1607 169 1658 tum:
187 1594 366 1657 Caesoninus
385 1596 460 1656 vitiis
475 1603 626 1674 protectus
643 1605 704 1676 est,
719 1606 862 1675 tamquam
877 1598 905 1656 in
922 1595 973 1657 illo
989 1595 1096 1656 laedis·

95 1683 167 1742 simo
185 1689 270 1741 coetu
284 1697 387 1760 passus
402 1678 559 1739 muliebria.
1105 1693 1130 1734 rs

156 1763 206 1826 37.
226 1763 343 1826 interim
361 1761 518 1825 Messalina
539 1761 713 1824 Lneullianis
734 1764 763 1824 io
783 1763 876 1824 hortis
891 1762 1038 1842 prolatare
1054 1763 1094 1820 vi·

93 1858 167 1925 tarn,
184 1864 360 1927 componere
378 1865 499 1927 preces,
515 1847 653 1908 nonnulla
669 1865 728 1927 spe
743 1856 771 1908 et
788 1845 940 1927 aliquando
955 1847 1013 1906 ira:
1036 1854 1094 1905 tan-

94 1943 152 1993 turn
173 1933 248 1992 inter
268 1940 397 1992 extrema
420 1930 574 2011 superbiae
598 1929 731 2009 gerebat.
773 1950 807 2017 ap
833 1931 861 1990 ni
886 1929 1004 1990 caedem
1034 1929 1095 1989 eius

92 2016 249 2076 Narcissus
270 2016 505 2095 properauisset,
523 2022 652 2076 verterat
671 2015 819 2094 pernicies
839 2015 868 2074 in
883 2020 1093 2074 accusatorem.

23 2147 24 2174 ,
93 2117 158 2160 nam
176 2097 312 2172 Claudius
335 2098 448 2159 domum
468 2115 623 2176 regressus
647 2107 675 2170 at
696 2091 878 2179 tempestivis
898 2096 993 2175 epulis
1013 2089 1116 2159 dele-s

24 2220 25 2242 t
93 2185 185 2262 nitus,
208 2183 256 2242 ubi
271 2185 339 2244 vinc
360 2182 493 2260 incaluit,
518 2179 559 2256 iri,
577 2180 656 2242 iubet
676 2183 856 2260 nuntiarique
878 2181 1002 2240 miserae
1020 2178 1094 2258 (hoc

93 2269 168 2328 enirn
190 2266 282 2328 verbu
304 2284 385 2328 usum
403 2259 522 2343 lerunt)
545 2261 694 2325 dicendam
719 2265 754 2325 ad
776 2282 889 2325 causam
909 2263 1031 2344 postero
1047 2261 1093 2322 die

91 2351 220 2434 adesset.
240 2349 328 2430 quod
349 2349 397 2411 ubi
419 2348 543 2410 auditum
561 2359 589 2409 et
609 2348 802 2426 languescere
817 2345 885 2427 ira,
899 2346 996 2408 redire
1014 2364 1093 2407 amor

90 2454 136 2514 ac,
152 2435 177 2495 si
195 2443 411 2512 cunctarentur,
429 2421 591 2514 propinqua
611 2450 671 2493 non
688 2427 720 2492 el
732 2433 826 2492 uxorii
843 2430 966 2492 cubiculi
986 2447 1092 2491 memo·

91 2522 131 2580 ria
156 2517 263 2580 timeba
284 2498 343 2596 tur,
371 2518 530 2614 prorumpit
549 2517 704 2577 Narcissus
724 2501 937 2596 denuntiatque
950 2515 1091 2582 centurio·
1104 2537 1127 2577 rt

91 2604 174 2664 nibus
187 2611 216 2663 et
228 2537 355 2686 tribuno,
368 2603 416 2682 qui
430 2601 539 2680 aderat,
555 2601 675 2680 exsequi
688 2599 822 2684 caedem:
838 2600 876 2660 ita
888 2599 1091 2689 imperatorem

92 2687 204 2748 iubere.
245 2695 343 2748 custos
368 2695 396 2746 et
424 2689 544 2765 emautur
567 2703 583 2744 e
607 2683 719 2744 libertis
738 2683 857 2745 Euodus
881 2683 972 2744 datur.
1009 2685 1092 2762 isque
1119 2749 1127 2762 ι

89 2769 195 2850 raptim
211 2771 240 2850 iu
253 2769 355 2854 hortos
371 2746 563 2848 praegresdus
578 2755 709 2847 repperit
723 2761 934 2844 lusam'humi,
944 2765 1092 2844 adsidente

90 2865 182 2916 matre
196 2853 316 2934 Lepida,
336 2853 539 2936 quaqilorenti
553 2853 630 2914 illiue
646 2845 721 2912 haud
734 2851 859 2936 cpricors
874 2851 1016 2931 supremis
1029 2850 1112 2939 eius,

88 2936 314 2999 necessitatibus
338 2937 373 3018 ad
395 2931 609 3020 miseratiduem
634 2937 728 3024 evicta
749 2944 811 2996 erat
833 2934 1032 3012 suadebatque
1054 2952 1126 2995 neu

89 3022 518 3102 percussoremcpperiretur:
542 3020 682 3081 transisse
699 3019 786 3079 vitam
801 3036 897 3098 neque
912 3016 988 3080 aliud
1007 3035 1091 3098 qoam

29 3171 30 3176 ,
88 3107 175 3167 morti
190 3105 280 3167 decus
296 3103 499 3184 quaerendum.
530 3097 582 3164 sed
598 3103 697 3186 ,animo
718 3121 771 3182 per
792 3101 928 3184 libidines
948 3110 1091 3180 'corrupto

88 3191 159 3252 nibil
182 3191 335 3252 honesturn
357 3189 463 3258 inerat;
490 3186 684 3265 lacrimaeque
706 3196 735 3246 et
756 3195 876 3265 questus
903 3186 978 3264 inriti
1005 3183 1091 3244 duce·

88 3273 207 3352 bantur,
234 3292 297 3335 cum
318 3273 425 3353 impetu
445 3261 619 3350 venientium
636 3269 738 3350 pulsae
759 3270 842 3330 iores
863 3265 1025 3345 adstititque
1041 3266 1090 3325 tri·

87 3358 182 3420 bunos
198 3376 252 3439 per
267 3357 420 3435 silentium,
437 3365 464 3416 at
479 3355 600 3417 libertus
615 3355 770 3433 increpans
781 3352 879 3412 multis
890 3360 919 3426 et
934 3346 1088 3410 servilibus
1099 3363 1124 3403 uu

89 3441 216 3521 probris.
586 3445 590 3452 '
793 3443 798 3450 '

856 3517 916 3576 13*
