2596 3872
421 135 527 184 meua
544 135 620 183 x111.
645 133 720 184 cna.
736 132 868 188 49—54.
1086 124 1153 188 249

143 291 265 354 abolitio
293 289 551 371 quadragensimo
576 290 911 371 quinquagensimaeque
939 300 969 352 et
995 311 1069 374 quae
1093 294 1149 356 alia

143 374 346 438 exactionibus
362 373 479 434 inlicitis
493 377 608 436 nomina
623 374 770 457 publicani
786 377 966 437 invenerant.
989 387 1148 458 temperata

141 461 219 540 apud
234 459 440 521 transmarinas
455 461 622 538 provincias
641 460 775 521 frumenti
796 458 948 522 subvectio
970 470 999 521 et
1021 480 1058 522 ne
1080 481 1146 522 can·
1158 485 1187 525 re

141 547 223 607 sibus
234 545 449 621 negotiatorum
460 561 552 604 naves
563 543 798 606 adscriberentur
812 543 1005 625 tributumque
1020 563 1073 626 pro
1089 546 1148 607 illis

142 630 305 710 penderent
320 628 513 690 coustitutum.

202 713 253 774 52.
274 713 356 774 Reos
379 728 419 772 ex
439 713 590 791 provincia
611 711 727 789 Africa,
751 715 799 792 qui
823 713 1036 792 proconsulare
1057 715 1147 794 impe

139 798 213 859 rium
235 796 297 857 illic
317 794 492 875 habuerant,
523 796 681 876 Sulpicium
703 794 886 857 Camerinum
907 804 937 855 et
972 795 1147 876 Pompeium

139 883 288 944 Silvanum
309 879 437 941 absolvit
456 879 582 959 Caesar,
606 877 788 942 Camerinum
810 881 951 942 adversus
966 883 1096 961 privatos
1119 891 1148 941 et

137 982 268 1048 paucos,
290 964 431 1025 saevitiae
447 967 541 1042 magis
556 983 640 1045 quam
654 973 804 1044 captarum
818 967 1005 1046 pecuniarum
1030 966 1148 1026 crimina

137 1049 312 1111 obicientes.
343 1048 490 1109 Siluanum
509 1068 613 1128 magna
632 1051 678 1110 ris
698 1059 899 1111 accusatorum
914 1050 1174 1114 circumsteterata

138 1132 343 1216 poscebatque
356 1143 473 1214 tempus
486 1127 703 1196 evocandorum
718 1135 845 1196 testium:
860 1152 930 1195 reus
943 1134 1013 1195 ilico
1029 1133 1146 1195 delendi

139 1216 317 1300 postulabat.
348 1216 497 1298 valuitque
518 1221 679 1298 pecuniosa
702 1217 826 1280 orbitate
848 1227 878 1279 et
900 1228 1038 1297 senecta,
1062 1236 1148 1299 marn

139 1304 214 1365 ultra
230 1303 319 1363 vitam
335 1319 436 1390 eopom
452 1303 600 1382 produxit,
616 1320 738 1383 quorum
750 1303 857 1363 ambitu
873 1311 1018 1365 evaserat.

202 1388 254 1449 53.
278 1386 402 1463 Quietae
421 1387 459 1448 ad
479 1387 509 1448 id
524 1396 638 1466 tempus
660 1405 710 1449 res
733 1388 762 1447 in
778 1387 931 1448 Germania
950 1387 1082 1464 fuerant,
1103 1387 1145 1446 in-

140 1473 227 1549 genio
243 1470 363 1547 ducum,
385 1472 433 1546 qui
460 1471 640 1551 pervulgatis
659 1470 794 1550 triumphi
813 1468 976 1548 insignibus
995 1472 1086 1530 maius
1109 1487 1147 1530 ex

141 1572 178 1616 eo
191 1555 281 1616 decus
294 1553 461 1635 sperabant,
479 1557 503 1617 sl
515 1573 618 1635 pacem
631 1557 886 1616 continuavissent.
916 1552 1051 1614 Paulinus
1062 1554 1146 1615 Pom-

139 1640 224 1719 peius
246 1648 276 1700 et
288 1639 320 1700 L.
338 1641 431 1700 Vetus
452 1658 487 1701 ea
508 1646 682 1720 tempestate
698 1640 839 1700 exercitui
855 1646 1020 1718 praeerant.
1050 1655 1087 1697 ne
1104 1645 1146 1697 ta·

137 1742 205 1786 men
228 1741 351 1800 segnem
372 1724 491 1784 militem
513 1725 683 1801 attinerent,
703 1722 754 1783 ille
772 1723 937 1784 inchoatum
959 1730 1025 1782 ante
1040 1730 1101 1781 tres
1115 1729 1175 1780 ete

138 1808 293 1884 sexaginta
309 1824 401 1867 annos
417 1825 433 1868 a
449 1807 545 1868 Druso
561 1826 702 1887 aggerem
714 1806 881 1869 coercendo
892 1805 996 1868 Rbeno
1009 1805 1146 1881 absolvit,

138 1894 233 1953 Vetus
252 1891 407 1952 blosellam
430 1901 517 1972 atque
538 1890 668 1954 Ararim
687 1893 765 1953 lacta
791 1892 867 1952 inter
889 1899 1041 1970 utrumque
1065 1890 1147 1951 fossa

138 1984 299 2038 conectere
326 1974 464 2054 parabat,
487 1984 519 2036 nt
539 1978 644 2056 copiae
668 1994 722 2057 per
741 1993 837 2053 mare,
864 1975 930 2036 dein
953 1973 1096 2034 Rhodano
1118 1981 1148 2032 et

137 2061 234 2120 Arare
250 2059 410 2120 subvectae
426 2077 555 2138 peream
569 2061 690 2137 fossam,
709 2076 777 2119 mox
793 2059 881 2120 fluvio
891 2058 1018 2121 blosella
1032 2056 1145 2120 inRha-

138 2161 221 2220 nnm,
243 2144 320 2203 exim
340 2142 488 2204 Oceanum
509 2144 714 2222 decurrerent,
741 2143 922 2221 sublatisque
942 2142 1053 2203 itineris
1072 2140 1144 2202 dilli-
1156 2151 1186 2193 ¹⁸

139 2225 295 2289 cultatibus
309 2226 487 2307 navigabilia
502 2229 578 2288 inter
598 2247 632 2289 se
649 2227 809 2288 occidentis
826 2226 1094 2305 septentrionisque
1113 2223 1145 2284 li-

136 2323 203 2372 tcra
226 2313 339 2396 tierent.
374 2311 477 2372 invidit
499 2313 583 2392 operi
597 2312 699 2373 Aelius
716 2310 839 2372 Gracilis
856 2310 996 2390 Belgicae
1019 2310 1146 2386 legatus,

138 2396 315 2457 deterrendo
330 2397 470 2457 Veterem
489 2415 527 2456 ne
546 2397 683 2474 legiones
704 2395 817 2455 alienae
834 2395 1005 2474 provinciae
1025 2393 1147 2453 inlerret

137 2479 292 2558 studiaque
316 2478 472 2542 Galliarum
494 2480 673 2558 adfectaret,
692 2478 912 2540 formidolosum
931 2481 961 2540 id
978 2476 1146 2557 imperatori

138 2564 284 2641 dictitans,
300 2581 359 2643 quo
371 2563 543 2644 plerumque
557 2563 747 2644 probibentur
762 2573 882 2624 conatus
897 2564 1024 2624 bonesti.
1155 2576 1183 2617 ra

201 2649 253 2710 54.
272 2645 557 2710 Getarumccntinuc
569 2648 750 2711 exercituum
764 2647 825 2707 otio
843 2647 917 2708 lama
938 2646 1061 2707 incessit
1081 2661 1145 2705 ere·
1249 2716 1252 2721 Ι

138 2741 218 2813 ptum
240 2731 285 2791 ius
301 2732 407 2810 legatis
421 2731 546 2793 docendi
562 2734 592 2792 in
607 2732 731 2793 bostem.
758 2747 856 2811 eoque
870 2731 957 2792 Frisii
970 2731 1146 2791 iuventutem

138 2816 260 2879 saltibus
276 2826 324 2877 aut
338 2817 509 2896 paludibus,
530 2817 669 2877 inbellem
683 2822 807 2877 aetatem
822 2833 876 2894 per
891 2815 973 2877 lacus
988 2813 1146 2875 admovere

138 2905 223 2980 ripae
245 2918 394 2981 agrosque
415 2918 525 2962 vacuos
547 2910 577 2961 et
598 2901 716 2961 militum
739 2901 803 2960 usui
824 2901 974 2980 sepositos
995 2898 1145 2973 insedere,

137 2993 260 3048 auctore
278 2987 397 3046 Verrito
413 2995 443 3046 et
455 2985 617 3062 Malorige,
638 2987 686 3064 qui
699 2986 843 3044 nationem
858 3002 922 3046 eam
937 2983 1095 3061 regebant,
1116 2983 1174 3040 ino

138 3078 274 3149 qnantum
289 3069 423 3130 Germani
439 3079 607 3148 regnantur.
639 3071 753 3147 iamque
769 3069 893 3129 fixerant
906 3068 1018 3147 domos,
1036 3067 1145 3127 semina

136 3154 216 3215 arvis
237 3153 395 3215 intulerant
415 3162 504 3233 utque
527 3151 650 3233 patrium
671 3153 765 3213 solum
788 3153 984 3227 exercebant,
1010 3170 1074 3212 oum
1086 3149 1145 3208 llu-

138 3236 205 3298 bius
223 3237 346 3313 Auitus,
376 3247 501 3315 accepta
529 3237 686 3298 al'aulino
709 3237 877 3315 provincia,
905 3235 1061 3308 minitando
1089 3233 1145 3291 rim

136 3321 312 3399 Romanam,
336 3319 397 3380 nisi
412 3321 606 3382 abscederent
626 3321 713 3381 Frisii
735 3329 854 3381 veteres
871 3323 900 3380 in
921 3319 1007 3378 locos
1024 3324 1073 3378 aut
1093 3332 1143 3374 no-

138 3420 204 3467 sam
221 3405 321 3466 sedern
337 3423 353 3466 a
370 3405 499 3467 Gaesare
519 3407 717 3485 impetrarent,
738 3403 866 3483 perpulit
879 3401 1025 3463 Verritum
1041 3408 1071 3459 at
1084 3397 1143 3460 bla-
1155 3409 1183 3449 ω
