2596 3872
416 137 521 186 uranu
541 139 617 188 xur.
641 140 716 189 ear.
733 139 854 195 38—41.
1074 134 1138 198 243

132 289 333 369 adgrediendi.
351 309 408 352 nec
418 300 513 354 tamen
525 296 657 373 proximo
671 297 775 360 itinere
786 299 890 360 ductae
902 298 1046 378 legiones,
1063 319 1138 380 quae

132 379 156 436 sl
172 393 285 436 amnem
296 375 429 454 Araxen,
446 378 494 457 qui
507 381 621 460 moenia
636 379 839 463 adluit,pcute
854 381 1136 462 transgrederentur,

132 458 185 520 sub
200 460 287 522 ictum
304 459 458 524 dabantur:
478 461 582 542 procul
597 472 627 522 et
640 463 791 526 latioribus
805 465 885 527 vadis
901 467 1052 527 transiere.
1146 491 1172 533 co

194 545 246 607 40.
269 544 308 604 m
324 543 466 606 Tiridates
483 545 593 626 pudore
613 555 642 606 et
657 557 750 628 metu,
771 569 807 610 ne
819 552 847 612 ,si
871 551 1068 612 concessisset
1085 551 1136 610 cb·
1258 546 1261 551 ’

132 627 246 705 sidioni,
262 627 332 688 nihil
347 630 413 708 opis
432 629 543 708 inipso
559 630 723 709 uideretur,
746 634 770 692 si
792 633 979 712 prohiberet,
1001 633 1137 714 inpeditis
1207 659 1209 662 ·

130 712 206 774 locis
226 729 318 791 seque
341 721 370 772 et
388 723 541 791 equestres
564 716 666 794 copias
689 716 839 794 inligaret,
868 719 964 778 statuit
984 729 1136 798 postremo

130 796 289 857 ostendere
309 796 404 858 aciem
428 806 457 856 et
477 797 543 859 dato
566 797 614 858 die
637 799 781 878 proelium
802 803 933 880 iureipere
951 801 1000 861 vel
1023 801 1135 862 simula-

15 911 16 968 ,
129 883 209 943 tione
230 879 320 958 fugae
339 879 436 942 locum
456 881 549 943 lraudi
568 901 682 962 parare.
715 885 803 962 igitur
817 893 939 964 repente
957 903 1060 962 agmen
1078 885 1160 947 lic-s

128 982 243 1026 manum
258 961 472 1044 circumfundit,
491 983 551 1026 non
572 967 676 1044 ignaro
702 967 776 1029 duce
797 977 916 1048 nostro,
937 969 985 1048 qui
1000 967 1065 1029 viae
1085 987 1135 1047 pa-

127 1053 199 1111 riter
216 1057 245 1110 et
262 1065 378 1128 pugnae
394 1059 601 1129 composuerat
616 1051 785 1112 exercitum.
824 1052 915 1114 latere
931 1051 1033 1115 dextro
1051 1055 1137 1113 tertia

127 1126 225 1212 legio,
242 1133 357 1193 sinistro
374 1143 458 1194 sexta
472 1133 634 1213 incedebat,
650 1135 751 1196 mediis
763 1134 985 1196 decumanorum
998 1134 1135 1206 delectis;

126 1226 252 1296 recepta
272 1217 347 1278 iuter
369 1217 485 1278 ordines
502 1219 720 1297 impedimenta,
741 1229 771 1280 et
792 1229 906 1297 tergum
922 1219 1001 1280 mille
1022 1220 1136 1298 equites
1176 1255 1177 1258 =

21 1315 23 1320 '
127 1301 299 1378 tuebantur,
323 1300 426 1380 quibus
446 1303 572 1363 iusserat
592 1311 622 1364 nt
642 1303 814 1364 instantibus
837 1303 995 1368 comminus
1017 1303 1133 1363 resiste·
1146 1320 1171 1362 ro

128 1394 209 1461 rent,
223 1385 419 1463 relugcsnon
435 1387 637 1465 sequerentur.
663 1387 692 1446 in
708 1386 845 1448 cornibus
860 1385 951 1466 pedus
967 1387 1134 1463 sagittarius

131 1479 160 1530 et
174 1477 387 1530 ceterananus
403 1471 530 1548 equitum
544 1470 619 1546 ibat,
637 1467 1065 1550 productiore[cornulsinistro
1082 1487 1136 1548 per

130 1554 184 1614 ima
208 1552 343 1632 collium,
366 1562 411 1632 nt,
435 1554 460 1614 si
481 1553 576 1615 bostis
598 1555 779 1631 intravisset,
801 1553 897 1614 ironte
912 1552 994 1614 simul
1018 1560 1048 1612 et
1071 1554 1135 1612 sinu

130 1638 326 1717 exciperetur.
361 1637 508 1698 adsultare
531 1657 569 1699 ex
589 1637 708 1698 diverso
730 1637 890 1713 Tiridates,
911 1653 969 1696 non
990 1635 1134 1715 usquead

43 1724 44 1728 ’
127 1723 215 1783 ictum
230 1721 295 1800 teli,
312 1721 437 1781 sedtum
452 1723 594 1799 minitans,
610 1731 667 1782 turn
681 1722 782 1802 specie
797 1720 979 1800 trepidantis,
997 1719 1022 1780 si
1033 1720 1133 1779 laxare
1145 1739 1171 1782 rc

128 1805 246 1868 ordines
269 1813 298 1866 ct
319 1805 454 1867 diversos
479 1808 642 1866 consectari
667 1815 779 1886 posset.
812 1805 861 1866 nbi
884 1803 953 1865 nihil
970 1805 1133 1864 temeritate

45 1915 48 1947 r
128 1890 268 1969 solcum,
291 1907 347 1950 uec
366 1889 489 1969 amplius
511 1908 594 1970 quam
616 1889 735 1950 decurio
752 1890 879 1969 equitum
894 1887 1047 1947 audentius
1065 1903 1133 1966 pro·

48 2022 52 2040 .
127 1991 250 2052 gressus
272 1981 302 2034 et
323 1974 436 2052 sagittis
456 1975 587 2036 conixus
608 1983 726 2036 ceteros
748 1973 783 2034 ad
802 1973 974 2053 obsequium
997 1970 1132 2050 exemplo

127 2059 307 2134 firmaverat,
327 2058 498 2137 propinquis
515 2059 571 2120 iam
587 2057 717 2118 tenebris
732 2057 887 2120 abscessit.

191 2143 244 2204 41.
263 2139 446 2203 lltGorbulo
470 2150 566 2203 castra
585 2143 616 2201 in
630 2140 700 2202 loco
716 2151 857 2217 metatus,
881 2158 917 2201 an
932 2138 1077 2220 expeditis
1093 2137 1135 2198 le·

126 2225 265 2306 giouibus
292 2234 380 2287 nocte
409 2224 551 2286 Artaxata
578 2234 719 2302 pergeret
746 2224 918 2304 obsidioque
943 2221 1136 2282 circumdaret

56 2349 57 2353 =
127 2311 261 2389 agitavit,
276 2309 462 2370 concessisse
476 2309 546 2370 illuc
558 2307 703 2369 Tiridaten
715 2305 804 2370 ratus.
834 2307 899 2368 dein
914 2315 1068 2387 postquam
1084 2321 1136 2362 err·

128 2395 296 2476 ploratures
318 2393 441 2454 attulere
457 2393 646 2472 longinquum
666 2394 748 2470 regis
763 2393 819 2452 iter
842 2400 870 2452 et
882 2388 961 2452 bledi
978 2408 1013 2450 an
1028 2387 1135 2450 Albani

127 2487 296 2560 peterentur
304 2470 1032 2554 incertumlucemopperitnr,praemissaquelcvis
1042 2488 1133 2532 arma·
1146 2489 1160 2530 s

54 2572 57 2629 :
127 2574 206 2641 tura,
228 2579 304 2642 quae
317 2577 416 2622 muros
431 2559 545 2620 interim
564 2556 686 2618 ambiret
703 2556 1008 2638 oppugnationemque
1024 2556 1135 2616 emistus

55 2658 59 2717 ¹,
127 2649 281 2728 inciperet.
319 2644 372 2708 sed
392 2643 531 2724 oppidani
553 2641 646 2723 portis
667 2649 772 2720 sponte
794 2639 950 2721 patefactis
970 2657 1004 2699 se
1024 2655 1135 2717 suaque

57 2730 60 2765 ²
127 2732 266 2796 Romanis
295 2729 473 2810 permisere,
508 2725 585 2806 qnod
617 2723 739 2788 salutem
769 2725 843 2804 ipsis
867 2722 947 2784 tulit:
984 2721 1134 2783 Artaxatis

124 2819 200 2897 ignis
211 2819 346 2880 inmissus
360 2818 517 2896 deletaque
524 2826 554 2878 et
565 2815 632 2878 solo
642 2822 768 2895 aequata
778 2822 857 2892 sunt,
876 2815 943 2894 quia
955 2832 1013 2876 nec
1026 2813 1122 2874 teneri

120 2910 266 2982 poterant
279 2903 342 2962 sine
357 2901 452 2962 valido
465 2901 615 2980 praesidio
630 2900 668 2960 ob
675 2898 899 2978 magnitudinem
906 2900 1062 2975 moenium,
1070 2915 1125 2960 nec
1142 2923 1167 2963 uc

119 2986 151 3047 id
179 2985 264 3047 uobis
288 2987 391 3048 virium
418 2993 497 3062 erat,
529 2984 608 3065 qnod
632 2983 771 3047 firmando
800 2981 947 3064 praesidio
973 2991 1003 3043 et
1026 2999 1129 3060 capes·

121 3070 216 3132 sendo
237 3069 317 3132 bello
339 3069 533 3146 divideretur,
557 3067 605 3128 vel
626 3069 650 3128 si
671 3069 784 3145 integra
806 3075 835 3127 et
852 3065 1027 3129 incustodita
1042 3065 1129 3126 relin-

120 3165 295 3232 querentur,
319 3153 397 3215 uulla
417 3153 446 3214 in
465 3170 502 3214 eo
517 3152 625 3213 utilitas
645 3159 692 3212 aut
713 3150 810 3228 gloria
821 3150 903 3228 quod
917 3159 1002 3230 capta
1019 3156 1129 3210 essent.

122 3241 249 3304 adicitur
262 3239 427 3301 miraculum
441 3237 525 3298 velut
539 3236 654 3298 nomine
670 3233 813 3298 oblatum:
840 3251 904 3302 narn
914 3244 1022 3301 ,cuncta
1039 3233 1125 3296 Arta·

55 3307 61 3407 l
124 3326 203 3388 xatis
219 3333 304 3386 teum
320 3323 386 3386 sole
402 3321 536 3384 inlustria
550 3319 651 3390 iuerc;
675 3317 752 3398 qued
771 3317 926 3380 moenibus
942 3316 1129 3398 cingebatur,
1142 3327 1168 3372 rs

55 3430 59 3443 ·
124 3416 253 3491 repente
277 3409 318 3470 ita
343 3415 405 3470 atra
429 3405 508 3468 nube
530 3410 703 3483 coopertum
724 3400 1126 3546 fulgoribusqupiscreturn
