2568 3870
438 169 544 242 nnana
557 194 611 241 111.
632 193 707 242 cnr.
722 191 852 247 tta—st.
1085 185 1143 242 107

147 349 260 431 pudore
270 348 384 427 flagitii,
399 346 605 409 crebrescente
617 347 731 425 invidia,
744 348 834 409 edixit
844 366 881 408 ne
893 351 958 426 qois
966 348 1143 410 Gremonen·

147 452 209 494 sem
229 435 373 508 captivom
395 431 547 493 detineret.
582 433 752 510 inritamque
770 431 907 510 praedam
921 433 1058 493 militibus
1073 433 1142 492 elle·

147 526 228 577 eerat
239 531 398 574 consensus
406 513 518 589 ltaliae,
531 515 705 590 emptionem
716 515 813 574 talium
825 516 1033 592 mancipiorum
1042 533 1141 593 asper·
1153 528 1178 567 no

145 600 256 658 nantis:
281 597 377 657 occidi
394 613 537 674 coepere;
559 595 637 674 quod
654 594 703 654 nbi
725 597 851 673 enotuit,
872 598 1077 675 apropinquis
1092 596 1142 656 ad·

145 681 307 759 limibusque
332 678 450 738 occulte
474 677 735 757 redemptabontur.
772 694 841 738 mox
864 678 951 739 rediit
974 678 1144 740 Cremonam

144 764 273 843 reliquus
287 761 430 842 populos:
445 764 576 841 reposita
585 763 650 822 fora
657 763 821 841 templaque
829 763 1043 838 maguiiiceutia
1054 764 1143 822 muni-

145 850 257 928 cipunu
277 855 307 907 et
323 846 523 924 Vespasianus
537 844 716 908 hortabatur.

208 931 259 992 35.
289 928 427 990 Ceterum
447 929 583 989 adsidere
604 929 737 1009 sepultae
757 928 838 989 urbis
860 930 949 991 ruinis
968 933 1055 991 noxia
1075 931 1143 990 tabo

144 1016 246 1077 humus
262 1013 336 1074 baud
351 1013 397 1074 diu
409 1013 549 1092 permisit.
576 1013 612 1074 ad
622 1015 737 1073 tertium
748 1012 873 1092 lapidem
885 1015 1038 1094 progressi
1049 1025 1162 1091 vagos

146 1107 346 1180 parentesque
361 1097 552 1174 Vitellianos,
575 1095 626 1158 sna
647 1114 791 1176 quemque
808 1098 884 1176 apud
904 1102 1001 1177 signa,
1027 1116 1143 1178 compo·

145 1190 230 1252 ntrnt;
252 1190 282 1242 et
305 1182 401 1242 victae
421 1180 556 1259 legiones
575 1199 613 1241 ne
632 1189 765 1242 manente
787 1179 880 1242 adbuc
896 1183 973 1242 cirili
988 1181 1068 1242 bello
1087 1201 1143 1242 am·

144 1267 233 1345 bigne
255 1273 394 1344 agerent,
419 1284 474 1345 per
486 1265 634 1341 illyricum
651 1265 813 1345 dispersae.
843 1266 872 1324 in
887 1265 1061 1326 Britanniam
1076 1257 1168 1326 indes

146 1361 176 1412 et
188 1350 343 1430 Hispanias
366 1349 481 1410 nuntios
501 1349 681 1428 iamamqne,
703 1350 731 1408 in
749 1347 870 1409 Galliam
887 1348 990 1409 lolium
1006 1349 1145 1411 Galenum

144 1435 297 1510 tribunum,
313 1435 342 1493 in
361 1433 541 1496 Germaniam
555 1433 702 1513 Alpinium
719 1432 884 1493 biontauum
901 1433 1081 1511 praelectum
1096 1448 1144 1492 co·

144 1519 253 1597 ltortis,
269 1517 347 1598 quod
360 1517 409 1578 bic
423 1517 535 1595 Trevir,
551 1515 677 1577 Galenus
690 1516 842 1593 Haeduus,
859 1526 982 1595 uterque
996 1516 1144 1578 Vitelliani
1267 1542 1271 1548 ·

145 1604 273 1680 inerant,
295 1603 421 1663 ostentui
440 1601 558 1662 misere.
596 1601 679 1661 simol
699 1601 836 1662 transitus
851 1599 968 1679 Alpium
991 1600 1145 1680 praesidiis

147 1687 296 1765 occupati,
320 1695 457 1765 suspecta
478 1684 644 1764 Germania,
665 1695 807 1765 tamquam
828 1685 858 1744 in
880 1682 1179 1747 auxiliumvttetttta

147 1771 359 1848 adcingeretur.

209 1855 260 1918 36.
281 1855 320 1914 m
330 1853 465 1915 Vitellius
480 1853 617 1935 proiecto
634 1853 770 1933 Caecina,
786 1871 849 1915 cum
860 1851 981 1915 Fabium
990 1851 1145 1914 Valentem

146 1941 248 2020 paucis
266 1948 335 2019 post
351 1937 455 1999 diebus
472 1938 508 2000 ad
524 1937 631 1999 bellum
646 1938 814 2019 inpulisset,
838 1939 914 2000 curis
930 1938 1028 1999 lurum
1044 1937 1144 1998 obten-

146 2024 249 2085 debat:
273 2039 331 2082 non
349 2040 453 2101 parare
469 2040 563 2100 arma,
585 2040 644 2084 non
660 2023 796 2103 adloquio
812 2023 1013 2102 exercitioque
1026 2021 1145 2082 militem

145 2110 275 2186 drmare,
296 2123 355 2166 non
374 2108 403 2166 iu
427 2123 479 2166 ore
499 2105 581 2184 volgi
601 2121 709 2184 agere,
733 2107 786 2168 sed
804 2105 978 2167 umbraculis
996 2105 1145 2165 hortorum

147 2191 271 2269 abditus,
286 2199 317 2250 ut
332 2192 438 2268 ignava
450 2189 592 2266 animalia,
609 2191 713 2268 quibus
728 2193 753 2251 si
769 2189 864 2250 oibnm
879 2206 1034 2268 suggeras,
1050 2189 1168 2254 iacente

144 2283 338 2355 torpentque,
362 2275 518 2354 praeterita
541 2274 673 2334 instantia
693 2274 787 2335 lutura
811 2274 874 2354 pari
895 2273 1046 2333 oblivione
1067 2271 1145 2331 dimi·

147 2368 236 2421 serat.
274 2368 361 2438 atque
381 2358 459 2418 illmn
480 2359 509 2418 in
529 2372 649 2417 nemore
671 2355 791 2418 Aricino
812 2357 942 2418 desidem
963 2365 994 2416 et
1017 2372 1145 2416 marcen-

147 2453 205 2504 tem
221 2443 348 2522 proditio
362 2441 462 2502 Lucilii
475 2440 560 2501 Bassi
575 2458 611 2501 ac
626 2440 754 2502 deiectio
771 2441 875 2501 classis
890 2440 1066 2500 Ravennatis
1081 2456 1145 2517 per·

147 2527 233 2600 culit;
249 2545 305 2597 nee
321 2526 411 2587 multo
428 2534 496 2607 post
510 2524 547 2584 de
563 2523 689 2598 Gaeoiua
705 2524 834 2585 adfertur
850 2526 955 2586 mixtos
971 2523 1079 2601 gaudio
1096 2521 1145 2582 do·

145 2611 201 2690 lor,
216 2621 245 2672 et
256 2611 418 2672 descivisse
431 2618 460 2669 et
471 2608 507 2670 ab
519 2609 650 2669 exercitu
661 2609 798 2668 vinctum.
824 2609 889 2687 plus
902 2607 979 2686 apud
989 2606 1145 2667 socordem
1155 2627 1180 2668 1o

144 2698 268 2757 animum
285 2693 395 2754 laetitia
411 2709 496 2770 mam
511 2708 581 2750 cura
594 2691 693 2751 valuit.
723 2691 811 2751 multa
828 2710 891 2752 oum
909 2690 1147 2750 exsultationem

144 2778 247 2839 urbem
261 2785 399 2838 revectus
415 2774 560 2854 frequenti
575 2775 710 2836 contione
728 2775 866 2853 pietatem
881 2774 1002 2836 militnm
1015 2773 1147 2834 laudibus

141 2861 442 2936 cumulat;l’ublilium
450 2861 586 2920 Sabinum
599 2861 740 2938 praetorii
755 2860 934 2939 praelectum
941 2860 979 2920 ob
991 2860 1147 2920 amicitiam

142 2945 287 3008 Caecinae
298 2946 401 3007 vinciri
413 2945 510 3022 iubet,
532 2944 690 3008 substituto
702 2945 731 3002 in
749 2943 843 3003 locum
855 2944 919 3003 eius
932 2941 1042 3004 Alieno
1053 2943 1148 3005 Varo.

207 3033 258 3105 37„
280 3031 351 3092 blox
371 3037 502 3091 senatum
524 3031 687 3109 composita
707 3029 736 3090 in
755 3030 997 3109 magnificentiam
1013 3031 1146 3090 oratione

146 3114 316 3190 adlocutus,
332 3114 482 3193 exquisitis
497 3123 609 3192 patrum
627 3113 839 3175 adulationibus
854 3115 1005 3176 attollitur.
1037 3114 1145 3173 initium

147 3197 257 3260 atrocis
271 3199 299 3256 in
315 3195 470 3258 Caecinam
487 3199 647 3258 sententiae
664 3216 680 3258 a
695 3198 726 3258 t.
738 3197 858 3260 Vitellio
874 3199 996 3264 iactum:
1014 3196 1081 3257 dein
1098 3215 1144 3256 ce·

147 3281 203 3342 teri
216 3283 381 3360 composita
396 3280 612 3359 indignatione,
629 3281 707 3360 quod
724 3281 824 3342 consul
839 3299 900 3344 rem
916 3281 1071 3360 publicam,
1087 3279 1146 3340 dux

146 3369 365 3446 imperatorem,
388 3367 475 3427 tantis
495 3363 602 3445 opdtns
615 3375 660 3426 tot
673 3365 833 3426 bonoribus
849 3366 1008 3426 cumulatus
1023 3364 1168 3425 amicums

145 3449 341 3534 proditdsset,
362 3451 443 3513 velut
460 3467 514 3530 pro
530 3449 651 3512 Vitellio
669 3459 897 3530 conquerentes,
916 3464 999 3508 suum
1012 3445 1144 3507 dolorem
