2440 3886
115 158 134 221 8
371 147 535 213 corennum
548 162 665 211 sacrm
677 161 861 210 annnorum

114 325 248 394 bsoento
261 323 372 400 privato
386 321 555 397 exercitum,
570 327 722 399 corruptas
734 321 862 381 consulis
876 320 1021 397 legiones,
1035 319 1132 380 simu·

89 408 202 470 alatam
217 406 455 484 Pompeianarum
469 404 591 482 gratiam
611 404 747 482 partium;
768 423 836 466 mox
856 403 905 463 ubi
926 405 1048 464 decreto
1073 421 1132 483 pa-

117 501 190 552 trum
205 492 303 551 fasces
319 497 348 549 et
362 490 406 549 ius
420 489 565 568 praetoris
581 489 728 566 invaserit,
745 491 840 550 caesis
855 487 947 549 llirtio
971 497 999 548 et
1015 487 1139 562 Pansa,

117 577 180 635 sive
198 575 289 635 hostis
306 573 384 648 illos,
401 591 454 633 seu
471 573 592 632 Pansam
606 585 750 634 venenum
769 573 881 634 vulneri
904 572 1054 648 adfusum,
1080 573 1132 632 sui

116 659 221 720 milites
235 658 356 718 Hirtium
372 667 401 716 et
416 656 594 717 machinator
609 657 670 717 doli
685 653 795 717 Caesar
815 656 1001 733 abstulerat,
1015 656 1130 716 utrius·

118 761 175 822 que
191 744 294 820 copias·
306 743 516 819 occupavisse:
535 742 785 802 extortum'invito
807 749 907 802 senatu
929 740 1129 816 consulatum,

84 846 108 886 ro
118 845 255 905 armaque
278 844 352 906 quae
372 827 401 884 in
423 824 577 885 Antonium
599 827 750 903 occeperit
771 835 871 886 contra
893 824 1129 903 rempublicam

118 928 222 980 versa;
240 910 483 989 proscriptionem
500 909 618 986 civium,
640 908 797 978 divisiones
815 926 950 987 agrorum
990 927 1026 968 ne
1049 909 1127 986 ipsis

118 995 232 1073 quidem
248 996 297 1074 qui
310 993 412 1054 iecere
430 993 568 1053 laudatas.
597 1010 668 1052 sano
686 990 779 1054 Cassii
801 1003 831 1053 et
851 993 1003 1054 Brutorum
1025 993 1127 1052 exitus

117 1080 246 1157 paternis
260 1079 414 1139 inimicitiis
431 1077 526 1153 datos,
543 1093 714 1155 quamquam
735 1076 787 1137 fas.
801 1079 838 1136 sit
859 1077 970 1156 privata
984 1076 1049 1137 odia
1068 1093 1123 1154 pu·

118 1162 203 1222 blicis
215 1161 384 1222 utilitatibus
396 1163 559 1222 remittere:
573 1160 625 1221 sed
638 1160 804 1239 Pompeium
816 1161 940 1238 imagine
955 1161 1048 1239 pacis,
1067 1159 1123 1218 sed

84 1246 256 1324 rsLepidum
273 1248 373 1326 specie
395 1247 538 1308 amicitiae
559 1247 716 1325 deceptos:
739 1255 806 1326 post
820 1246 990 1320 Antonium,
1012 1243 1123 1304 Taren·

117 1331 175 1389 tino
191 1329 422 1410 Brundisinoque
439 1331 560 1392 loedere
578 1340 606 1391 et
621 1331 725 1409 nuptiis
746 1331 857 1390 sororis
879 1328 1032 1405 iniectum,
1053 1325 1122 1386 sub·

118 1412 204 1474 dolae
224 1414 379 1476 adfinitatis
394 1433 506 1495 poenas
523 1425 616 1475 morte
633 1415 807 1475 exsolvisse.
837 1431 939 1492 paoem
957 1413 1019 1470 sine
1033 1410 1121 1471 dubio

119 1497 293 1576 posthaec,
315 1517 415 1560 verum
438 1508 600 1560 cruentam:
622 1497 768 1559 Lollianas
788 1497 988 1573 Varianasque
1009 1496 1122 1570 clades,

101 1581 288 1643 ,interlectos
308 1582 418 1645 Romae
429 1584 590 1659 varrones,
605 1582 763 1661 Egnatius,
779 1582 868 1642 lulos.
884 1598 939 1641 nec
953 1579 1122 1640 domesticis

36 1673 41 1682 '
84 1687 110 1728 ao
120 1664 333 1728 abstinebatur:
351 1667 474 1728 abducta
487 1665 597 1727 Neroni
611 1684 685 1726 uxor
701 1675 730 1726 et
745 1666 869 1726 consulti
892 1682 947 1742 per
967 1663 1121 1724 ludibrium

119 1749 273 1828 pontifices
286 1769 322 1811 an
337 1760 481 1830 concepto
501 1751 624 1810 necdum
646 1751 723 1810 edito
746 1759 830 1828 partu
850 1751 907 1808 rite
929 1747 1065 1818 nuberet;
1084 1746 1118 1820 Q.

116 1831 503 1902 ilediietVediil'ollionis
520 1836 620 1904 luxus:
643 1844 791 1912 postremo
807 1832 887 1892 Livia
903 1833 1001 1910 gravis
1017 1833 1045 1890 in
1059 1849 1119 1890 rem

118 1916 264 1995 publicam
279 1927 381 1995 mater,
398 1920 496 1996 gravis
513 1918 608 1978 domui
625 1915 781 1978 (laesarum
796 1933 934 1978 noverca.
962 1916 1032 1976 nibil
1050 1915 1118 1975 deo·

118 2017 180 2058 rum
195 1999 353 2062 honoribus
369 2004 518 2076 relictum,
536 2019 599 2062 oum
615 2021 647 2062 se
671 2002 788 2080 templis
810 1995 845 2060 et'
859 2000 957 2078 elligie
979 2001 1118 2059 numinum

84 2101 172 2162 nuper
188 2083 317 2144 ilamines
334 2095 364 2146 et
383 2087 554 2148 sacerdotes
577 2085 634 2146 coli
655 2086 755 2148 vellet.
785 2105 822 2146 ne
838 2085 984 2146 'liberium
1006 2083 1117 2162 quidem

119 2167 238 2228 caritate
259 2178 307 2228 aut
329 2171 373 2229 rei
398 2170 532 2248 publicae
555 2188 623 2230 cura
648 2187 852 2230 successorem
873 2168 1034 2244 adscitum,
1066 2165 1117 2226 sed

119 2251 252 2328 quoniam
268 2253 466 2330 adrogantiam
487 2254 695 2332 saevitiamque
717 2255 1020 2332 eius-introspexerit,
1042 2268 1115 2312 oom-

119 2336 269 2412 paratione
286 2336 441 2398 deterrima
457 2337 511 2396 sibi
530 2336 653 2414 gloriam
669 2339 862 2417 quaesivisse.
894 2339 999 2398 etenim
1019 2336 1114 2410 Augu·

119 2427 179 2478 stus
196 2420 297 2496 paucis
318 2430 384 2480 ante
404 2422 500 2498 annis,
523 2439 585 2481 cum
606 2420 723 2482 Tiberio
745 2421 925 2482 tribunicium
945 2427 1114 2500 potestatem

85 2521 135 2571 soa
160 2503 290 2580 patribus
313 2522 426 2565 rursum
450 2505 627 2584 postularet,
656 2523 825 2585 quamquam
845 2506 956 2565 honora
976 2504 1114 2577 oratioue,

120 2585 260 2666 quaedam
276 2587 312 2648 de
332 2588 430 2650 habitu
448 2589 583 2666 cultuque
605 2599 635 2649 et
658 2591 793 2650 institutis
815 2591 877 2650 eius
899 2591 1026 2664 iecerat,
1045 2604 1115 2667 quae

118 2671 198 2730 velut
214 2673 379 2734 excusando
399 2672 601 2752 exprobraret.
634 2683 762 2734 ceterum
783 2675 932 2752 sepultura
950 2689 1032 2733 more
1052 2689 1112 2750 per·

118 2753 196 2814 lecta
211 2756 348 2835 templum
364 2765 393 2816 et
409 2758 556 2818 caelestes
570 2758 730 2834 religiones
744 2759 946 2819 decernuntur.

184 2839 233 2898 11.
256 2838 369 2900 Versae
383 2842 450 2902 inde
467 2840 503 2901 ad
519 2839 664 2900 Tiberium
686 2860 804 2921 preces.
838 2851 867 2902 et
888 2841 940 2902 ille
960 2840 1042 2900 varie
1063 2839 1113 2898 dis-

119 2921 238 2981 serebat
261 2922 298 2983 de
318 2924 512 3002 magnitudine
533 2925 661 3002 imperii,
684 2943 735 2986 sua
756 2925 908 2985 modestia.
949 2923 1040 2984 solam
1062 2923 1114 2982 divi

118 3005 242 3082 Augusti
256 3018 381 3068 mentem
396 3018 491 3070 tantae
516 3009 600 3068 molis
622 3027 778 3086 capacem:
801 3027 834 3068 so
856 3009 884 3068 in
897 3017 1016 3086 partem
1039 3024 1113 3066 cura·

118 3105 179 3146 rum
209 3088 245 3148 ab
271 3091 322 3151 illo
349 3102 482 3154 vocaturn
510 3092 688 3171 experiendo
714 3092 850 3154 didicisse
877 3108 962 3172 quam
990 3090 1113 3166 arduum,

94 3190 205 3251 squam
226 3175 387 3236 subiectum
406 3176 539 3236 fortunae
559 3176 681 3252 regendi
707 3185 809 3236 cuncta
832 3193 915 3235 onus.
950 3175 1070 3254 proinde
1086 3175 1113 3233 in
1177 3225 1181 3229 .

120 3258 234 3318 eivitate
249 3269 292 3318 tot
305 3260 473 3320 inlustribus
490 3262 559 3320 viris
574 3262 768 3324 subnixa'non
788 3263 824 3325 ad
846 3279 930 3326 unum
953 3260 1046 3323 omnia
1067 3258 1109 3318 de·

118 3338 361 3421 lerrentzplures
376 3344 492 3404 facilius
511 3346 604 3406 munia
622 3348 665 3407 rei
681 3347 816 3425 publicae
832 3352 951 3410 sociatis
967 3351 1111 3412 laboribus

121 3435 322 3486 exsecuturos.
358 3428 424 3508 plus
440 3429 469 3488 in
484 3429 615 3490 oratione
630 3431 680 3494 tali
696 3433 840 3510 dignitatis
857 3453 942 3514 quam
957 3436 1024 3496 fidei
1038 3447 1108 3497 erato
