2568 3870
195 127 235 191 78
414 136 578 186 connnnrr
591 135 710 186 nactur
727 133 966 217 moronrnnnn

41 281 43 288 ’
170 292 275 370 sutile,
294 291 367 370 ipsis
385 289 561 367 gloriosum,
591 305 628 350 an
652 295 815 367 promptum
840 285 947 347 edaetu
968 293 1017 347 aut
1039 295 1122 348 eerte
1138 303 1201 346 non

196 375 315 436 arduum
339 375 392 444 sit;
420 371 504 434 simul
526 373 591 451 ipsa
615 373 663 450 qai
687 370 790 432 suadet
815 368 1042 432 considerandas
1057 379 1120 448 est,
1148 369 1201 432 ad·

195 459 301 520 loiatne
317 455 440 518 oonsilio
459 454 617 536 perieulum
629 471 724 532 auum,
740 463 788 531 et,
801 455 825 513 si
842 455 956 514 iortuna
967 453 1083 533 coeptis
1094 453 1202 514 adine·

196 543 253 619 rit,
269 543 314 602 eui
332 557 469 600 summum
485 539 575 600 daeus
594 536 770 618 adquiratur.
801 554 859 615 ego
875 545 920 614 te,
940 537 1143 614 vespasiana,
1163 536 1203 596 ad

195 625 346 704 imperium
366 639 442 684 vooo
466 630 523 684 tarn
540 621 665 684 salutare
683 621 727 682 rei
743 621 877 699 publieae
893 636 977 698 quam
997 618 1049 680 tibi
1064 619 1201 698 magnili-

164 727 188 769 ro
198 726 276 777 oum;
293 709 371 768 iuxta
386 706 459 766 deos
474 706 503 766 in
518 713 565 766 tua
587 721 671 766 mann
686 704 810 784 positum
826 711 880 764 est.
912 720 968 769 neo
980 703 1112 781 speeiem
1128 702 1200 764 adu-

195 791 281 851 lantis
300 789 471 869 expaveris:
500 805 517 848 a
539 786 711 850 oontnmelia
728 803 847 865 querna
870 784 955 847 laude
969 787 1090 866 propius
1107 786 1202 846 inerit

195 882 264 952 post
284 871 433 935 Vitellium
457 871 538 948 eligi.
571 887 628 930 non
651 871 791 931 adversus
813 869 872 929 divi
885 869 1009 947 Augusti
1024 870 1202 930 uberrimam

195 964 336 1030 mentem,
360 971 418 1014 nee
435 952 577 1015 aduersus
601 954 792 1014 nantissimam
815 951 923 1014 'liberii
947 960 1143 1028 senectutem,
1160 970 1203 1012 ne

195 1046 297 1099 eontra
318 1036 370 1098 Gai
393 1035 507 1114 quidem
528 1045 576 1097 aut
599 1034 780 1102 claudiane}
797 1035 923 1096 Neronis
942 1035 1088 1096 fundatam
1101 1035 1202 1113 longo
1255 1089 1258 1097 ,

162 1120 318 1199 reimperio
340 1118 455 1180 domum
476 1120 673 1196 exsurgimus3
698 1119 812 1179 oessisti
833 1118 919 1178 etiam
934 1117 1045 1180 Galbae
1064 1118 1201 1196 imagini·

196 1204 265 1263 bus:
283 1211 402 1282 torpere
423 1200 496 1261 ultra
511 1209 541 1262 et
564 1201 748 1280 polluendam
771 1200 1005 1280 perdendamque
1021 1219 1083 1262 rem
1100 1200 1198 1280 publi·

196 1303 258 1348 aum
272 1284 441 1365 relinquere
458 1301 550 1363 sopor
565 1292 596 1344 et
612 1284 727 1362 inania
738 1284 902 1360 videretur,
919 1284 1003 1344 etiam
1019 1283 1195 1364 sitibiquam

194 1368 361 1445 inhonesta,
375 1376 433 1428 tarn
449 1375 508 1428 tuta
526 1368 651 1428 seruitus
671 1377 760 1428 esset.
788 1367 857 1428 abiit
880 1367 936 1428 iarn
956 1374 987 1427 et
1000 1375 1194 1428 tranaueotun

195 1461 241 1512 est
260 1461 387 1529 tempus,
404 1468 463 1530 quo
475 1468 582 1529 posses
596 1449 689 1510 videri
702 1451 894 1529 oonoupisse:
913 1449 1139 1526 confugiendum
1149 1458 1193 1509 est

160 1534 232 1598 ttad
252 1535 414 1613 imperium.
444 1550 481 1595 an
502 1531 610 1594 enoidit
631 1532 787 1594 trneidatus
812 1531 963 1596 Corbulo?
977 1530 1188 1608 splendidioris

194 1619 308 1695 origine
324 1633 408 1695 quam
429 1631 484 1675 nos
499 1633 611 1692 sumus,
627 1615 743 1693 iatoor,
758 1615 813 1676 sed
829 1624 859 1676 et
874 1614 954 1675 Naro
973 1613 1126 1677 nobilitate
1145 1631 1190 1674 na·

194 1701 290 1761 talium
321 1697 470 1759 Vitellium
495 1696 632 1758 anteibat.
664 1699 735 1759 satis
763 1696 859 1759 elanus
885 1706 930 1758 est
950 1696 1028 1777 apud
1045 1699 1193 1761 timentem

194 1782 324 1861 quisquis
350 1783 473 1841 timetur.
506 1787 536 1839 et
558 1784 647 1858 posse
662 1779 699 1841 ab
716 1781 848 1842 exercitu
869 1781 1028 1860 prinoipem
1054 1779 1118 1841 dori
1138 1779 1194 1840 sibi

159 1861 602 2023 ,tittl‘tllt'lttbttl‘
616 1861 1200 2024 tlbtt‘tttllttildlltlttt

194 2029 341 2090 exereitus
361 2029 407 2106 vi,
437 2028 490 2089 sed
510 2045 709 2108 praepropera
729 2029 820 2108 ipsius
845 2028 1050 2107 desperatione
1073 2031 1193 2106 motum,
1256 2019 1257 2031 ¹

193 2116 247 2174 iam
263 2109 486 2172 desiderabilem
508 2121 538 2171 et
558 2128 691 2190 magnum
714 2113 874 2191 prinoipem
887 2112 973 2190 feeit,
995 2133 1057 2174 eum
1078 2114 1192 2176 interim
1255 2103 1256 2134 ¹

193 2196 306 2275 spargit
325 2194 475 2271 legiones,
501 2203 630 2256 exarmat
655 2194 808 2274 cobortes,
834 2211 910 2255 nora
926 2197 1031 2257 eotidie
1047 2195 1128 2258 bello
1144 2216 1190 2258 sa·
1254 2199 1255 2238 l

192 2279 266 2338 mina
280 2277 429 2338 ministrat.
454 2277 563 2357 siquid
580 2275 693 2338 ardoris
708 2295 742 2338 ao
754 2279 886 2340 ierooiae
905 2278 989 2341 miles
1003 2279 1113 2357 babuit,
1137 2297 1189 2360 po·
1253 2315 1254 2341 r

157 2357 583 2504 ttfttttsuttttttbt
597 2366 627 2420 θ’
640 2361 1191 2506 rualodustrauatu
1252 2413 1253 2445 ψ

191 2526 254 2588 aeie
270 2523 446 2599 exhaustae,
473 2541 531 2587 non
554 2459 701 2587 dtldl'rdts
729 2461 900 2606 eorruptgae,
922 2526 974 2589 sed
994 2463 1122 2588 tilmatls
1136 2546 1189 2589 usu
1251 2497 1252 2549 l

190 2608 274 2668 miles
294 2616 323 2667 et
342 2606 412 2666 belli
433 2605 557 2667 domitor
577 2609 705 2678 exteroi;
730 2609 865 2670 classium
894 2609 1001 2673 alarum
1028 2610 1186 2672 eobortinm
1250 2611 1251 2650 l

191 2691 300 2750 robora
317 2698 346 2750 et
362 2689 491 2752 fidissimi
509 2707 598 2767 reges
613 2699 643 2752 et
657 2699 705 2752 tua
721 2700 788 2752 ante
806 2685 899 2752 omnis
915 2694 1120 2774 experientia!
1249 2697 1250 2755 l

251 2773 302 2834 77.
325 2771 430 2832 ‘Nobis
446 2772 517 2833 nibil
536 2772 609 2833 ultra
628 2773 789 2851 adrogabo,
805 2792 889 2853 quam
903 2793 941 2835 ne
954 2786 1022 2858 post
1035 2776 1187 2840 Valentem
1247 2781 1249 2864 l

191 2865 220 2915 et
236 2853 391 2916 Caecinam
411 2871 607 2917 numeremur:
634 2875 670 2917 ne
692 2866 786 2919 maren
804 2857 966 2920 Mucianum
980 2860 1091 2922 socium
1106 2878 1186 2940 spre-

191 2939 278 3016 veris,
295 2940 360 3016 quia
376 2937 516 2998 aemulum
531 2955 589 2999 uon
604 2939 758 3019 experiris.
788 2958 835 3001 me
849 2941 971 3003 Vitellio
989 2952 1142 3023 antepono,
1157 2953 1186 3004 te

191 3021 268 3082 mibi.
301 3030 368 3082 tuae
380 3020 475 3080 domui
488 3022 660 3100 triumphale
672 3039 793 3101 nomen,
809 3023 865 3086 duo
877 3023 1009 3102 iuvenes,
1026 3042 1119 3106 oapax
1133 3028 1186 3087 iarn

165 3104 303 3185 nimperii
324 3103 398 3164 alter
421 3113 450 3164 et
470 3104 568 3183 primis
583 3105 700 3166 militiae
724 3108 805 3167 annis
822 3105 898 3186 apud
912 3105 1101 3170 Germanieos
1116 3127 1183 3189 quo·
1235 3155 1244 3185 ,η

191 3207 248 3267 que
269 3187 417 3249 exereitus
441 3187 545 3248 clarus.
578 3188 729 3250 absurdum
751 3190 839 3252 fuerit
858 3206 916 3251 non
938 3191 1046 3252 oedere
1064 3193 1181 3271 imperio

190 3273 234 3348 ei,
252 3271 332 3330 ouius
348 3269 434 3330 filium
449 3270 637 3350 adoptaturus
654 3290 760 3350 essem,
779 3273 804 3334 si
817 3274 881 3353 ipse
894 3273 1075 3354 imperarem.
1108 3283 1180 3335 oete-

189 3371 250 3411 rum
270 3353 345 3413 inter
363 3370 489 3414 noanon
509 3355 585 3415 idem
602 3372 809 3436 prosperarum
830 3356 1075 3439 adversarumque
1091 3375 1182 3418 rerum
