<?xml version="1.0" encoding="UTF-8"?>
<!DOCTYPE html PUBLIC "-//W3C//DTD XHTML 1.0 Transitional//EN"
    "http://www.w3.org/TR/xhtml1/DTD/xhtml1-transitional.dtd">
<html xmlns="http://www.w3.org/1999/xhtml" xml:lang="en" lang="en">
 <head>
  <title>
</title>
<meta http-equiv="Content-Type" content="text/html;charset=utf-8" />
  <meta name='ocr-system' content='tesseract 3.04.00' />
  <meta name='ocr-capabilities' content='ocr_page ocr_carea ocr_par ocr_line ocrx_word'/>
</head>
<body>
  <div class='ocr_page' id='page_1' title='image "./libriquisupersu02tacigoog/libriquisupersu02tacigoog_0506.png"; bbox 0 0 2568 3870; ppageno 0'>
   <div class='ocr_carea' id='block_1_1' title="bbox 417 191 1218 276">
    <p class='ocr_par' dir='ltr' id='par_1_1' title="bbox 417 191 1218 276">
     <span class='ocr_line' id='line_1_1' title="bbox 417 191 1218 276; baseline 0.001 -26"><span class='ocrx_word' id='word_1_1' title='bbox 417 201 806 256; x_wconf 80' lang='lat' dir='ltr'>uuuus11.car.32-—36.</span> <span class='ocrx_word' id='word_1_2' title='bbox 1066 191 1103 251; x_wconf 85' lang='grc'>61</span> <span class='ocrx_word' id='word_1_3' title='bbox 1215 270 1218 276; x_wconf 18' lang='lat'>⁵</span> 
     </span>
    </p>
   </div>
   <div class='ocr_carea' id='block_1_2' title="bbox 112 356 1250 436">
    <p class='ocr_par' dir='ltr' id='par_1_2' title="bbox 112 356 1250 436">
     <span class='ocr_line' id='line_1_2' title="bbox 112 356 1250 436; baseline -0.004 -16"><span class='ocrx_word' id='word_1_4' title='bbox 112 378 165 422; x_wconf 88' lang='lat' dir='ltr'>nus</span> <span class='ocrx_word' id='word_1_5' title='bbox 186 359 338 436; x_wconf 85' lang='lat' dir='ltr'>discessit,</span> <span class='ocrx_word' id='word_1_6' title='bbox 362 368 392 417; x_wconf 91' lang='lat' dir='ltr'>et</span> <span class='ocrx_word' id='word_1_7' title='bbox 418 358 623 435; x_wconf 88' lang='lat' dir='ltr'>remanentium</span> <span class='ocrx_word' id='word_1_8' title='bbox 648 357 757 418; x_wconf 81' lang='lat' dir='ltr'>fractus</span> <span class='ocrx_word' id='word_1_9' title='bbox 780 359 905 433; x_wconf 88' lang='lat' dir='ltr'>animus,</span> <span class='ocrx_word' id='word_1_10' title='bbox 929 356 1043 436; x_wconf 89' lang='lat' dir='ltr'>quando</span> <span class='ocrx_word' id='word_1_11' title='bbox 1060 375 1106 417; x_wconf 88' lang='lat' dir='ltr'>su·</span> <span class='ocrx_word' id='word_1_12' title='bbox 1182 427 1184 430; x_wconf 23' lang='lat'>¹</span> <span class='ocrx_word' id='word_1_13' title='bbox 1248 392 1250 396; x_wconf 93' lang='lat'>·</span> 
     </span>
    </p>
   </div>
   <div class='ocr_carea' id='block_1_3' title="bbox 68 439 1141 1707">
    <p class='ocr_par' dir='ltr' id='par_1_3' title="bbox 109 439 1106 671">
     <span class='ocr_line' id='line_1_3' title="bbox 109 439 1106 545; baseline -0.006 -39"><span class='ocrx_word' id='word_1_14' title='bbox 109 444 207 545; x_wconf 75' lang='lat' dir='ltr'>specii</span> <span class='ocrx_word' id='word_1_15' title='bbox 226 441 317 502; x_wconf 86' lang='lat' dir='ltr'>duces</span> <span class='ocrx_word' id='word_1_16' title='bbox 342 449 372 506; x_wconf 83' lang='lat' dir='ltr'>et</span> <span class='ocrx_word' id='word_1_17' title='bbox 387 440 479 518; x_wconf 89' lang='lat' dir='ltr'>Otho,</span> <span class='ocrx_word' id='word_1_18' title='bbox 502 441 547 500; x_wconf 92' lang='lat' dir='ltr'>cui</span> <span class='ocrx_word' id='word_1_19' title='bbox 574 441 622 500; x_wconf 91' lang='lat' dir='ltr'>uni</span> <span class='ocrx_word' id='word_1_20' title='bbox 644 440 721 518; x_wconf 92' lang='lat' dir='ltr'>apud</span> <span class='ocrx_word' id='word_1_21' title='bbox 742 440 859 500; x_wconf 90' lang='lat' dir='ltr'>militem</span> <span class='ocrx_word' id='word_1_22' title='bbox 882 439 970 517; x_wconf 86' lang='lat' dir='ltr'>lidos,</span> <span class='ocrx_word' id='word_1_23' title='bbox 991 439 1056 502; x_wconf 93' lang='lat' dir='ltr'>dum</span> <span class='ocrx_word' id='word_1_24' title='bbox 1077 451 1106 500; x_wconf 90' lang='lat' dir='ltr'>et</span> 
     </span>
     <span class='ocr_line' id='line_1_4' title="bbox 109 523 1105 607; baseline -0.006 -18"><span class='ocrx_word' id='word_1_25' title='bbox 109 532 176 607; x_wconf 89' lang='lat' dir='ltr'>ipsc</span> <span class='ocrx_word' id='word_1_26' title='bbox 192 543 250 586; x_wconf 91' lang='lat' dir='ltr'>uon</span> <span class='ocrx_word' id='word_1_27' title='bbox 264 527 320 584; x_wconf 86' lang='lat' dir='ltr'>nisu</span> <span class='ocrx_word' id='word_1_28' title='bbox 312 523 471 584; x_wconf 82' lang='lat' dir='ltr'>militibus</span> <span class='ocrx_word' id='word_1_29' title='bbox 489 524 579 584; x_wconf 88' lang='lat' dir='ltr'>credit</span> <span class='ocrx_word' id='word_1_30' title='bbox 587 525 732 602; x_wconf 88' lang='lat' dir='ltr'>,imperia</span> <span class='ocrx_word' id='word_1_31' title='bbox 746 523 895 584; x_wconf 82' lang='lat' dir='ltr'>documen</span> <span class='ocrx_word' id='word_1_32' title='bbox 910 525 1022 584; x_wconf 88' lang='lat' dir='ltr'>incerto</span> <span class='ocrx_word' id='word_1_33' title='bbox 1038 523 1105 584; x_wconf 89' lang='lat' dir='ltr'>reli-</span> 
     </span>
     <span class='ocr_line' id='line_1_5' title="bbox 132 619 223 676; baseline -0.012 -5"><span class='ocrx_word' id='word_1_34' title='bbox 132 619 223 676; x_wconf 87' lang='lat' dir='ltr'>uerat.</span> 
     </span>
    </p>

    <p class='ocr_par' dir='ltr' id='par_1_4' title="bbox 109 631 1127 1270">
     <span class='ocr_line' id='line_1_6' title="bbox 109 631 1105 769; baseline -0.006 -13"><span class='ocrx_word' id='word_1_35' title='bbox 109 631 128 690; x_wconf 66' lang='lat' dir='ltr'><strong>q</strong></span> <span class='ocrx_word' id='word_1_36' title='bbox 174 694 226 756; x_wconf 81' lang='lat'>34.</span> <span class='ocrx_word' id='word_1_37' title='bbox 245 689 323 752; x_wconf 88' lang='lat' dir='ltr'>Nihil</span> <span class='ocrx_word' id='word_1_38' title='bbox 338 708 438 751; x_wconf 90' lang='lat' dir='ltr'>eorum</span> <span class='ocrx_word' id='word_1_39' title='bbox 452 690 624 752; x_wconf 88' lang='lat' dir='ltr'>Vitellianos</span> <span class='ocrx_word' id='word_1_40' title='bbox 635 689 772 769; x_wconf 82' lang='lat' dir='ltr'>fallebat,</span> <span class='ocrx_word' id='word_1_41' title='bbox 789 689 918 767; x_wconf 79' lang='lat' dir='ltr'>crebris,</span> <span class='ocrx_word' id='word_1_42' title='bbox 933 701 963 751; x_wconf 89' lang='lat' dir='ltr'>ut</span> <span class='ocrx_word' id='word_1_43' title='bbox 979 693 1008 752; x_wconf 90' lang='lat' dir='ltr'>in</span> <span class='ocrx_word' id='word_1_44' title='bbox 1028 677 1105 752; x_wconf 87' lang='lat' dir='ltr'>civili</span> 
     </span>
     <span class='ocr_line' id='line_1_7' title="bbox 109 773 1105 853; baseline -0.003 -16"><span class='ocrx_word' id='word_1_45' title='bbox 109 777 209 853; x_wconf 88' lang='lat' dir='ltr'>bello,</span> <span class='ocrx_word' id='word_1_46' title='bbox 226 773 407 851; x_wconf 77' lang='lat' dir='ltr'>transfugiis3</span> <span class='ocrx_word' id='word_1_47' title='bbox 427 783 456 836; x_wconf 91' lang='lat' dir='ltr'>et</span> <span class='ocrx_word' id='word_1_48' title='bbox 472 773 692 852; x_wconf 72' lang='lat' dir='ltr'>exploratores,</span> <span class='ocrx_word' id='word_1_49' title='bbox 714 791 783 835; x_wconf 88' lang='lat' dir='ltr'>cura</span> <span class='ocrx_word' id='word_1_50' title='bbox 798 773 913 834; x_wconf 88' lang='lat' dir='ltr'>diversa</span> <span class='ocrx_word' id='word_1_51' title='bbox 928 773 1105 850; x_wconf 89' lang='lat' dir='ltr'>sciscitandi,</span> 
     </span>
     <span class='ocr_line' id='line_1_8' title="bbox 109 855 1105 938; baseline -0.005 -17"><span class='ocrx_word' id='word_1_52' title='bbox 109 879 163 924; x_wconf 85' lang='lat' dir='ltr'>sua</span> <span class='ocrx_word' id='word_1_53' title='bbox 184 875 243 920; x_wconf 92' lang='lat' dir='ltr'>non</span> <span class='ocrx_word' id='word_1_54' title='bbox 264 857 458 918; x_wconf 86' lang='lat' dir='ltr'>occultabant.</span> <span class='ocrx_word' id='word_1_55' title='bbox 493 858 581 937; x_wconf 79' lang='lat' dir='ltr'>quieti</span> <span class='ocrx_word' id='word_1_56' title='bbox 603 859 762 938; x_wconf 89' lang='lat' dir='ltr'>intentique</span> <span class='ocrx_word' id='word_1_57' title='bbox 783 855 908 917; x_wconf 78' lang='lat' dir='ltr'>Caecina</span> <span class='ocrx_word' id='word_1_58' title='bbox 933 876 968 920; x_wconf 84' lang='lat' dir='ltr'>uc</span> <span class='ocrx_word' id='word_1_59' title='bbox 983 857 1105 934; x_wconf 82' lang='lat' dir='ltr'>Valens,</span> 
     </span>
     <span class='ocr_line' id='line_1_9' title="bbox 110 939 1105 1022; baseline -0.004 -18"><span class='ocrx_word' id='word_1_60' title='bbox 110 942 225 1022; x_wconf 80' lang='lat' dir='ltr'>quondo</span> <span class='ocrx_word' id='word_1_61' title='bbox 246 942 340 1004; x_wconf 84' lang='lat' dir='ltr'>bostis</span> <span class='ocrx_word' id='word_1_62' title='bbox 356 939 536 1020; x_wconf 77' lang='lat' dir='ltr'>inprudentia</span> <span class='ocrx_word' id='word_1_63' title='bbox 553 949 668 1016; x_wconf 88' lang='lat' dir='ltr'>rueret,</span> <span class='ocrx_word' id='word_1_64' title='bbox 690 939 768 1020; x_wconf 92' lang='lat' dir='ltr'>quod</span> <span class='ocrx_word' id='word_1_65' title='bbox 788 941 855 1002; x_wconf 94' lang='lat' dir='ltr'>loco</span> <span class='ocrx_word' id='word_1_66' title='bbox 873 941 1034 1020; x_wconf 87' lang='lat' dir='ltr'>sapientiae</span> <span class='ocrx_word' id='word_1_67' title='bbox 1050 949 1105 1017; x_wconf 87' lang='lat' dir='ltr'>est,</span> 
     </span>
     <span class='ocr_line' id='line_1_10' title="bbox 112 1023 1127 1104; baseline 0.002 -18"><span class='ocrx_word' id='word_1_68' title='bbox 112 1027 235 1086; x_wconf 88' lang='lat' dir='ltr'>alienam</span> <span class='ocrx_word' id='word_1_69' title='bbox 255 1024 401 1087; x_wconf 74' lang='lat' dir='ltr'>stultitiam</span> <span class='ocrx_word' id='word_1_70' title='bbox 423 1025 665 1104; x_wconf 77' lang='lat' dir='ltr'>opperiebantur,</span> <span class='ocrx_word' id='word_1_71' title='bbox 690 1023 826 1084; x_wconf 85' lang='lat' dir='ltr'>inchoato</span> <span class='ocrx_word' id='word_1_72' title='bbox 847 1031 937 1102; x_wconf 88' lang='lat' dir='ltr'>ponte</span> <span class='ocrx_word' id='word_1_73' title='bbox 957 1025 1127 1088; x_wconf 73' lang='lat' dir='ltr'>transitumn</span> 
     </span>
     <span class='ocr_line' id='line_1_11' title="bbox 113 1107 1106 1187; baseline -0.004 -17"><span class='ocrx_word' id='word_1_74' title='bbox 113 1107 183 1170; x_wconf 87' lang='lat' dir='ltr'>Padi</span> <span class='ocrx_word' id='word_1_75' title='bbox 201 1108 366 1170; x_wconf 85' lang='lat' dir='ltr'>simulantes</span> <span class='ocrx_word' id='word_1_76' title='bbox 383 1109 523 1169; x_wconf 85' lang='lat' dir='ltr'>adversus</span> <span class='ocrx_word' id='word_1_77' title='bbox 542 1107 706 1187; x_wconf 85' lang='lat' dir='ltr'>obpositam</span> <span class='ocrx_word' id='word_1_78' title='bbox 721 1107 912 1184; x_wconf 76' lang='lat' dir='ltr'>gladiatorum</span> <span class='ocrx_word' id='word_1_79' title='bbox 923 1126 1049 1183; x_wconf 89' lang='lat' dir='ltr'>manum,</span> <span class='ocrx_word' id='word_1_80' title='bbox 1070 1127 1106 1170; x_wconf 88' lang='lat' dir='ltr'>ac</span> 
     </span>
     <span class='ocr_line' id='line_1_12' title="bbox 115 1191 1105 1270; baseline -0.004 -16"><span class='ocrx_word' id='word_1_81' title='bbox 115 1211 153 1254; x_wconf 92' lang='lat' dir='ltr'>ue</span> <span class='ocrx_word' id='word_1_82' title='bbox 174 1193 302 1270; x_wconf 89' lang='lat' dir='ltr'>ipsorum</span> <span class='ocrx_word' id='word_1_83' title='bbox 321 1191 404 1251; x_wconf 90' lang='lat' dir='ltr'>miles</span> <span class='ocrx_word' id='word_1_84' title='bbox 426 1209 519 1268; x_wconf 90' lang='lat' dir='ltr'>segne</span> <span class='ocrx_word' id='word_1_85' title='bbox 541 1193 629 1252; x_wconf 89' lang='lat' dir='ltr'>otium</span> <span class='ocrx_word' id='word_1_86' title='bbox 646 1199 767 1252; x_wconf 89' lang='lat' dir='ltr'>tereret.</span> <span class='ocrx_word' id='word_1_87' title='bbox 801 1209 892 1252; x_wconf 87' lang='lat' dir='ltr'>naves</span> <span class='ocrx_word' id='word_1_88' title='bbox 907 1193 970 1270; x_wconf 89' lang='lat' dir='ltr'>pari</span> <span class='ocrx_word' id='word_1_89' title='bbox 983 1193 1057 1252; x_wconf 88' lang='lat' dir='ltr'>inter</span> <span class='ocrx_word' id='word_1_90' title='bbox 1073 1209 1105 1250; x_wconf 89' lang='lat' dir='ltr'>se</span> 
     </span>
    </p>

    <p class='ocr_par' dir='ltr' id='par_1_5' title="bbox 68 1273 1141 1688">
     <span class='ocr_line' id='line_1_13' title="bbox 68 1273 1106 1374; baseline -0.002 -38"><span class='ocrx_word' id='word_1_91' title='bbox 68 1280 70 1284; x_wconf 81' lang='grc'>’</span> <span class='ocrx_word' id='word_1_92' title='bbox 111 1277 222 1355; x_wconf 82' lang='lat' dir='ltr'>spatio,</span> <span class='ocrx_word' id='word_1_93' title='bbox 244 1275 347 1336; x_wconf 84' lang='lat' dir='ltr'>validis</span> <span class='ocrx_word' id='word_1_94' title='bbox 368 1276 508 1374; x_wconf 85' lang='lat' dir='ltr'>utrimque</span> <span class='ocrx_word' id='word_1_95' title='bbox 525 1275 657 1336; x_wconf 87' lang='lat' dir='ltr'>trabibus</span> <span class='ocrx_word' id='word_1_96' title='bbox 676 1290 825 1374; x_wconf 83' lang='lat' dir='ltr'>conexae,</span> <span class='ocrx_word' id='word_1_97' title='bbox 845 1273 997 1336; x_wconf 83' lang='lat' dir='ltr'>adversum</span> <span class='ocrx_word' id='word_1_98' title='bbox 1011 1275 1040 1334; x_wconf 92' lang='lat' dir='ltr'>in</span> <span class='ocrx_word' id='word_1_99' title='bbox 1055 1275 1106 1336; x_wconf 89' lang='lat' dir='ltr'>llu-</span> 
     </span>
     <span class='ocr_line' id='line_1_14' title="bbox 109 1357 1105 1439; baseline -0.003 -19"><span class='ocrx_word' id='word_1_100' title='bbox 109 1377 177 1420; x_wconf 90' lang='lat' dir='ltr'>men</span> <span class='ocrx_word' id='word_1_101' title='bbox 191 1357 404 1436; x_wconf 81' lang='lat' dir='ltr'>dirigebantur,</span> <span class='ocrx_word' id='word_1_102' title='bbox 417 1359 503 1419; x_wconf 88' lang='lat' dir='ltr'>iactis</span> <span class='ocrx_word' id='word_1_103' title='bbox 518 1376 608 1439; x_wconf 82' lang='lat' dir='ltr'>super</span> <span class='ocrx_word' id='word_1_104' title='bbox 622 1359 755 1433; x_wconf 86' lang='lat' dir='ltr'>ancoris,</span> <span class='ocrx_word' id='word_1_105' title='bbox 772 1375 845 1437; x_wconf 89' lang='lat' dir='ltr'>quae</span> <span class='ocrx_word' id='word_1_106' title='bbox 860 1358 1020 1419; x_wconf 88' lang='lat' dir='ltr'>firmitatem</span> <span class='ocrx_word' id='word_1_107' title='bbox 1036 1376 1105 1438; x_wconf 91' lang='lat' dir='ltr'>pon·</span> 
     </span>
     <span class='ocr_line' id='line_1_15' title="bbox 110 1440 1141 1520; baseline 0.003 -16"><span class='ocrx_word' id='word_1_108' title='bbox 110 1444 147 1504; x_wconf 89' lang='lat' dir='ltr'>tis</span> <span class='ocrx_word' id='word_1_109' title='bbox 168 1444 365 1509; x_wconf 78' lang='lat' dir='ltr'>continerent:</span> <span class='ocrx_word' id='word_1_110' title='bbox 388 1440 442 1502; x_wconf 90' lang='lat' dir='ltr'>sed</span> <span class='ocrx_word' id='word_1_111' title='bbox 459 1457 629 1504; x_wconf 79' lang='lat' dir='ltr'>ancorarum</span> <span class='ocrx_word' id='word_1_112' title='bbox 647 1440 732 1501; x_wconf 85' lang='lat' dir='ltr'>funes</span> <span class='ocrx_word' id='word_1_113' title='bbox 747 1457 806 1501; x_wconf 90' lang='lat' dir='ltr'>uon</span> <span class='ocrx_word' id='word_1_114' title='bbox 823 1443 931 1500; x_wconf 78' lang='lat' dir='ltr'>extenti</span> <span class='ocrx_word' id='word_1_115' title='bbox 946 1441 1106 1520; x_wconf 89' lang='lat' dir='ltr'>iluitabant,</span> <span class='ocrx_word' id='word_1_116' title='bbox 1118 1467 1141 1506; x_wconf 93' lang='grc' dir='ltr'>ιι</span> 
     </span>
     <span class='ocr_line' id='line_1_16' title="bbox 110 1523 1105 1604; baseline -0.002 -16"><span class='ocrx_word' id='word_1_117' title='bbox 110 1537 142 1588; x_wconf 89' lang='lat' dir='ltr'>ut</span> <span class='ocrx_word' id='word_1_118' title='bbox 163 1533 342 1604; x_wconf 78' lang='lat' dir='ltr'>augescente</span> <span class='ocrx_word' id='word_1_119' title='bbox 364 1527 478 1586; x_wconf 77' lang='lat' dir='ltr'>dulmine</span> <span class='ocrx_word' id='word_1_120' title='bbox 503 1524 661 1586; x_wconf 76' lang='lat' dir='ltr'>inoffensus</span> <span class='ocrx_word' id='word_1_121' title='bbox 683 1525 756 1586; x_wconf 93' lang='lat' dir='ltr'>ordo</span> <span class='ocrx_word' id='word_1_122' title='bbox 781 1525 893 1585; x_wconf 87' lang='lat' dir='ltr'>nauium</span> <span class='ocrx_word' id='word_1_123' title='bbox 914 1523 1105 1586; x_wconf 85' lang='lat' dir='ltr'>attolleretur</span> 
     </span>
     <span class='ocr_line' id='line_1_17' title="bbox 112 1607 1107 1707; baseline -0.002 -37"><span class='ocrx_word' id='word_1_124' title='bbox 112 1609 266 1671; x_wconf 89' lang='lat' dir='ltr'>claudebat</span> <span class='ocrx_word' id='word_1_125' title='bbox 291 1616 409 1688; x_wconf 87' lang='lat' dir='ltr'>pontem</span> <span class='ocrx_word' id='word_1_126' title='bbox 437 1609 563 1707; x_wconf 86' lang='lat' dir='ltr'>inposita</span> <span class='ocrx_word' id='word_1_127' title='bbox 587 1607 673 1668; x_wconf 89' lang='lat' dir='ltr'>turris</span> <span class='ocrx_word' id='word_1_128' title='bbox 702 1617 732 1668; x_wconf 94' lang='lat' dir='ltr'>et</span> <span class='ocrx_word' id='word_1_129' title='bbox 762 1609 791 1666; x_wconf 93' lang='lat' dir='ltr'>in</span> <span class='ocrx_word' id='word_1_130' title='bbox 820 1617 976 1668; x_wconf 82' lang='lat' dir='ltr'>extremam</span> <span class='ocrx_word' id='word_1_131' title='bbox 1004 1626 1107 1669; x_wconf 84' lang='lat' dir='ltr'>navem</span> 
     </span>
    </p>
   </div>
   <div class='ocr_carea' id='block_1_4' title="bbox 6 1690 1167 1933">
    <p class='ocr_par' dir='ltr' id='par_1_6' title="bbox 6 1690 1167 1933">
     <span class='ocr_line' id='line_1_18' title="bbox 114 1690 1105 1771; baseline -0.001 -19.098"><span class='ocrx_word' id='word_1_132' title='bbox 114 1692 231 1770; x_wconf 85' lang='lat' dir='ltr'>educta,</span> <span class='ocrx_word' id='word_1_133' title='bbox 252 1692 328 1753; x_wconf 88' lang='lat' dir='ltr'>unde</span> <span class='ocrx_word' id='word_1_134' title='bbox 350 1693 499 1754; x_wconf 90' lang='lat' dir='ltr'>tormentis</span> <span class='ocrx_word' id='word_1_135' title='bbox 518 1709 554 1752; x_wconf 86' lang='lat' dir='ltr'>ac</span> <span class='ocrx_word' id='word_1_136' title='bbox 574 1690 712 1752; x_wconf 86' lang='lat' dir='ltr'>machinis</span> <span class='ocrx_word' id='word_1_137' title='bbox 731 1691 833 1752; x_wconf 87' lang='lat' dir='ltr'>hostes</span> <span class='ocrx_word' id='word_1_138' title='bbox 856 1691 1105 1771; x_wconf 86' lang='lat' dir='ltr'>propulsarentur.</span> 
     </span>
     <span class='ocr_line' id='line_1_19' title="bbox 111 1775 1167 1922; baseline -0.005 -83.543"><span class='ocrx_word' id='word_1_139' title='bbox 111 1775 265 1922; x_wconf 47' lang='grc' dir='ltr'>1(ιιιιῑοιιιίιιιιί</span> <span class='ocrx_word' id='word_1_140' title='bbox 284 1777 312 1835; x_wconf 90' lang='lat' dir='ltr'>in</span> <span class='ocrx_word' id='word_1_141' title='bbox 333 1778 396 1855; x_wconf 86' lang='lat' dir='ltr'>ripa</span> <span class='ocrx_word' id='word_1_142' title='bbox 419 1777 517 1836; x_wconf 88' lang='lat' dir='ltr'>turrim</span> <span class='ocrx_word' id='word_1_143' title='bbox 532 1784 695 1837; x_wconf 82' lang='lat' dir='ltr'>struxerant</span> <span class='ocrx_word' id='word_1_144' title='bbox 712 1793 839 1855; x_wconf 80' lang='lat' dir='ltr'>sanaque</span> <span class='ocrx_word' id='word_1_145' title='bbox 863 1783 893 1836; x_wconf 91' lang='lat' dir='ltr'>et</span> <span class='ocrx_word' id='word_1_146' title='bbox 905 1776 986 1838; x_wconf 86' lang='lat' dir='ltr'>iaces</span> <span class='ocrx_word' id='word_1_147' title='bbox 1000 1776 1105 1838; x_wconf 88' lang='lat' dir='ltr'>iacula·</span> <span class='ocrx_word' id='word_1_148' title='bbox 1163 1827 1167 1833; x_wconf 90' lang='grc'><em>,</em></span> 
     </span>
     <span class='ocr_line' id='line_1_20' title="bbox 6 1889 1140 1933; baseline -0.009 3"><span class='ocrx_word' id='word_1_149' title='bbox 6 1901 8 1930; x_wconf 62' lang='grc' dir='ltr'>ἕ</span> <span class='ocrx_word' id='word_1_150' title='bbox 216 1906 223 1918; x_wconf 91' lang='grc'><em>·</em></span> <span class='ocrx_word' id='word_1_151' title='bbox 330 1925 336 1933; x_wconf 94' lang='grc'>.</span> <span class='ocrx_word' id='word_1_152' title='bbox 1119 1889 1140 1926; x_wconf 75' lang='lat' dir='ltr'>ib</span> 
     </span>
    </p>
   </div>
   <div class='ocr_carea' id='block_1_5' title="bbox 110 1942 1129 2358">
    <p class='ocr_par' dir='ltr' id='par_1_7' title="bbox 111 1942 1108 2190">
     <span class='ocr_line' id='line_1_21' title="bbox 175 1942 1106 2022; baseline -0.002 -16"><span class='ocrx_word' id='word_1_153' title='bbox 175 1944 226 2006; x_wconf 84' lang='lat'>35.</span> <span class='ocrx_word' id='word_1_154' title='bbox 249 1943 287 2004; x_wconf 84' lang='lat' dir='ltr'>Et</span> <span class='ocrx_word' id='word_1_155' title='bbox 304 1951 367 2004; x_wconf 89' lang='lat' dir='ltr'>erat</span> <span class='ocrx_word' id='word_1_156' title='bbox 380 1942 473 2004; x_wconf 87' lang='lat' dir='ltr'>insula</span> <span class='ocrx_word' id='word_1_157' title='bbox 490 1960 572 2003; x_wconf 86' lang='lat' dir='ltr'>amne</span> <span class='ocrx_word' id='word_1_158' title='bbox 588 1943 700 2020; x_wconf 86' lang='lat' dir='ltr'>medio,</span> <span class='ocrx_word' id='word_1_159' title='bbox 722 1945 750 2004; x_wconf 89' lang='lat' dir='ltr'>in</span> <span class='ocrx_word' id='word_1_160' title='bbox 765 1961 849 2022; x_wconf 91' lang='lat' dir='ltr'>quam</span> <span class='ocrx_word' id='word_1_161' title='bbox 864 1943 1042 2020; x_wconf 89' lang='lat' dir='ltr'>gladiatores</span> <span class='ocrx_word' id='word_1_162' title='bbox 1058 1962 1106 2004; x_wconf 93' lang='lat' dir='ltr'>na-</span> 
     </span>
     <span class='ocr_line' id='line_1_22' title="bbox 112 2025 1107 2107; baseline -0.002 -19"><span class='ocrx_word' id='word_1_163' title='bbox 112 2027 196 2088; x_wconf 87' lang='lat' dir='ltr'>vibus</span> <span class='ocrx_word' id='word_1_164' title='bbox 223 2028 395 2104; x_wconf 84' lang='lat' dir='ltr'>molientes,</span> <span class='ocrx_word' id='word_1_165' title='bbox 418 2025 552 2087; x_wconf 81' lang='lat' dir='ltr'>Germani</span> <span class='ocrx_word' id='word_1_166' title='bbox 575 2025 669 2086; x_wconf 92' lang='lat' dir='ltr'>nando</span> <span class='ocrx_word' id='word_1_167' title='bbox 697 2026 929 2107; x_wconf 87' lang='lat' dir='ltr'>perlabebantur.</span> <span class='ocrx_word' id='word_1_168' title='bbox 971 2045 1007 2088; x_wconf 88' lang='lat' dir='ltr'>ac</span> <span class='ocrx_word' id='word_1_169' title='bbox 1031 2028 1107 2088; x_wconf 90' lang='lat' dir='ltr'>lorte</span> 
     </span>
     <span class='ocr_line' id='line_1_23' title="bbox 111 2109 1108 2202; baseline -0.003 -30"><span class='ocrx_word' id='word_1_170' title='bbox 111 2113 212 2189; x_wconf 86' lang='lat' dir='ltr'>plures</span> <span class='ocrx_word' id='word_1_171' title='bbox 226 2121 429 2189; x_wconf 87' lang='lat' dir='ltr'>transgressos</span> <span class='ocrx_word' id='word_1_172' title='bbox 452 2109 608 2188; x_wconf 87' lang='lat' dir='ltr'>completis</span> <span class='ocrx_word' id='word_1_173' title='bbox 622 2109 782 2171; x_wconf 88' lang='lat' dir='ltr'>Libnmicis</span> <span class='ocrx_word' id='word_1_174' title='bbox 803 2127 858 2202; x_wconf 87' lang='lat' dir='ltr'>per</span> <span class='ocrx_word' id='word_1_175' title='bbox 877 2111 1108 2190; x_wconf 87' lang='lat' dir='ltr'>promptissimos</span> 
     </span>
    </p>

    <p class='ocr_par' dir='ltr' id='par_1_8' title="bbox 110 2191 1129 2358">
     <span class='ocr_line' id='line_1_24' title="bbox 134 2191 1106 2273; baseline 0 -19"><span class='ocrx_word' id='word_1_176' title='bbox 134 2194 303 2256; x_wconf 89' lang='lat' dir='ltr'>ludiatomm</span> <span class='ocrx_word' id='word_1_177' title='bbox 316 2194 416 2257; x_wconf 87' lang='lat' dir='ltr'>llacer</span> <span class='ocrx_word' id='word_1_178' title='bbox 434 2192 616 2272; x_wconf 87' lang='lat' dir='ltr'>adgreditur:</span> <span class='ocrx_word' id='word_1_179' title='bbox 640 2191 693 2254; x_wconf 87' lang='lat' dir='ltr'>sed</span> <span class='ocrx_word' id='word_1_180' title='bbox 708 2210 803 2273; x_wconf 90' lang='lat' dir='ltr'>neque</span> <span class='ocrx_word' id='word_1_181' title='bbox 818 2209 854 2253; x_wconf 88' lang='lat' dir='ltr'>ea</span> <span class='ocrx_word' id='word_1_182' title='bbox 871 2195 1031 2258; x_wconf 87' lang='lat' dir='ltr'>constantia</span> <span class='ocrx_word' id='word_1_183' title='bbox 1045 2193 1106 2270; x_wconf 88' lang='lat' dir='ltr'>gla-</span> 
     </span>
     <span class='ocr_line' id='line_1_25' title="bbox 110 2216 1129 2358; baseline -0.001 -20"><span class='ocrx_word' id='word_1_184' title='bbox 110 2216 271 2340; x_wconf 56' lang='lat' dir='ltr'>iterantur</span> <span class='ocrx_word' id='word_1_185' title='bbox 292 2277 328 2348; x_wconf 86' lang='lat' dir='ltr'>ad</span> <span class='ocrx_word' id='word_1_186' title='bbox 346 2277 459 2358; x_wconf 90' lang='lat' dir='ltr'>proelia</span> <span class='ocrx_word' id='word_1_187' title='bbox 475 2294 550 2355; x_wconf 88' lang='lat' dir='ltr'>quae</span> <span class='ocrx_word' id='word_1_188' title='bbox 564 2276 715 2352; x_wconf 85' lang='lat' dir='ltr'>militibus,</span> <span class='ocrx_word' id='word_1_189' title='bbox 737 2295 794 2336; x_wconf 91' lang='lat' dir='ltr'>nec</span> <span class='ocrx_word' id='word_1_190' title='bbox 808 2275 930 2356; x_wconf 90' lang='lat' dir='ltr'>perinde</span> <span class='ocrx_word' id='word_1_191' title='bbox 944 2285 1076 2336; x_wconf 86' lang='lat' dir='ltr'>nutantes</span> <span class='ocrx_word' id='word_1_192' title='bbox 1091 2295 1129 2338; x_wconf 86' lang='lat' dir='ltr'>es</span> 
     </span>
    </p>
   </div>
   <div class='ocr_carea' id='block_1_6' title="bbox 6 2359 1142 2922">
    <p class='ocr_par' dir='ltr' id='par_1_9' title="bbox 6 2359 1108 2460">
     <span class='ocr_line' id='line_1_26' title="bbox 111 2359 1108 2460; baseline -0.004 -38.381"><span class='ocrx_word' id='word_1_193' title='bbox 111 2361 233 2422; x_wconf 86' lang='lat' dir='ltr'>navibus</span> <span class='ocrx_word' id='word_1_194' title='bbox 243 2379 326 2442; x_wconf 91' lang='lat' dir='ltr'>quam</span> <span class='ocrx_word' id='word_1_195' title='bbox 341 2360 437 2422; x_wconf 90' lang='lat' dir='ltr'>stabili</span> <span class='ocrx_word' id='word_1_196' title='bbox 450 2359 542 2439; x_wconf 86' lang='lat' dir='ltr'>gradu</span> <span class='ocrx_word' id='word_1_197' title='bbox 555 2379 571 2420; x_wconf 99' lang='lat' dir='ltr'>e</span> <span class='ocrx_word' id='word_1_198' title='bbox 582 2361 645 2440; x_wconf 90' lang='lat' dir='ltr'>ripa</span> <span class='ocrx_word' id='word_1_199' title='bbox 658 2360 778 2421; x_wconf 88' lang='lat' dir='ltr'>volnera</span> <span class='ocrx_word' id='word_1_200' title='bbox 791 2359 971 2460; x_wconf 80' lang='lat' dir='ltr'>derigebant.</span> <span class='ocrx_word' id='word_1_201' title='bbox 999 2369 1027 2420; x_wconf 91' lang='lat' dir='ltr'>et</span> <span class='ocrx_word' id='word_1_202' title='bbox 1044 2378 1108 2420; x_wconf 88' lang='lat' dir='ltr'>oum</span> 
     </span>
    </p>

    <p class='ocr_par' dir='ltr' id='par_1_10' title="bbox 6 2443 1106 2606">
     <span class='ocr_line' id='line_1_27' title="bbox 6 2443 1106 2525; baseline -0.006 -16"><span class='ocrx_word' id='word_1_203' title='bbox 6 2451 7 2514; x_wconf 73' lang='lat' dir='ltr'>l</span> <span class='ocrx_word' id='word_1_204' title='bbox 112 2446 201 2508; x_wconf 82' lang='lat' dir='ltr'>variis</span> <span class='ocrx_word' id='word_1_205' title='bbox 224 2444 427 2525; x_wconf 85' lang='lat' dir='ltr'>trepidantium</span> <span class='ocrx_word' id='word_1_206' title='bbox 448 2443 679 2505; x_wconf 74' lang='lat' dir='ltr'>inclinationibus</span> <span class='ocrx_word' id='word_1_207' title='bbox 701 2445 781 2504; x_wconf 84' lang='lat' dir='ltr'>mixti</span> <span class='ocrx_word' id='word_1_208' title='bbox 798 2445 924 2519; x_wconf 84' lang='lat' dir='ltr'>remiges</span> <span class='ocrx_word' id='word_1_209' title='bbox 942 2460 1106 2522; x_wconf 88' lang='lat' dir='ltr'>propugna-</span> 
     </span>
     <span class='ocr_line' id='line_1_28' title="bbox 111 2526 1107 2606; baseline -0.004 -17"><span class='ocrx_word' id='word_1_210' title='bbox 111 2539 251 2606; x_wconf 87' lang='lat' dir='ltr'>toresque</span> <span class='ocrx_word' id='word_1_211' title='bbox 266 2528 468 2604; x_wconf 88' lang='lat' dir='ltr'>turbarentur,</span> <span class='ocrx_word' id='word_1_212' title='bbox 485 2526 629 2590; x_wconf 87' lang='lat' dir='ltr'>desilire</span> <span class='ocrx_word' id='word_1_213' title='bbox 620 2547 649 2588; x_wconf 90' lang='lat' dir='ltr'>ur</span> <span class='ocrx_word' id='word_1_214' title='bbox 664 2527 738 2588; x_wconf 85' lang='lat' dir='ltr'>vada</span> <span class='ocrx_word' id='word_1_215' title='bbox 754 2527 829 2588; x_wconf 90' lang='lat' dir='ltr'>ultro</span> <span class='ocrx_word' id='word_1_216' title='bbox 842 2526 995 2603; x_wconf 84' lang='lat' dir='ltr'>Germani,</span> <span class='ocrx_word' id='word_1_217' title='bbox 1012 2534 1107 2587; x_wconf 89' lang='lat' dir='ltr'>reten-</span> 
     </span>
    </p>

    <p class='ocr_par' dir='ltr' id='par_1_11' title="bbox 6 2611 1142 2922">
     <span class='ocr_line' id='line_1_29' title="bbox 6 2611 1107 2711; baseline -0.003 -39"><span class='ocrx_word' id='word_1_218' title='bbox 6 2633 8 2690; x_wconf 78' lang='lat' dir='ltr'>j</span> <span class='ocrx_word' id='word_1_219' title='bbox 111 2623 175 2672; x_wconf 90' lang='lat' dir='ltr'>tare</span> <span class='ocrx_word' id='word_1_220' title='bbox 195 2629 325 2711; x_wconf 86' lang='lat' dir='ltr'>puppes,</span> <span class='ocrx_word' id='word_1_221' title='bbox 346 2611 488 2672; x_wconf 88' lang='lat' dir='ltr'>scandere</span> <span class='ocrx_word' id='word_1_222' title='bbox 509 2611 591 2672; x_wconf 80' lang='lat' dir='ltr'>loros</span> <span class='ocrx_word' id='word_1_223' title='bbox 613 2622 661 2673; x_wconf 90' lang='lat' dir='ltr'>aut</span> <span class='ocrx_word' id='word_1_224' title='bbox 682 2612 839 2673; x_wconf 87' lang='lat' dir='ltr'>comminus</span> <span class='ocrx_word' id='word_1_225' title='bbox 859 2627 1010 2688; x_wconf 86' lang='lat' dir='ltr'>mergere:</span> <span class='ocrx_word' id='word_1_226' title='bbox 1034 2628 1107 2688; x_wconf 90' lang='lat' dir='ltr'>quae</span> 
     </span>
     <span class='ocr_line' id='line_1_30' title="bbox 111 2689 1142 2774; baseline -0.004 -18"><span class='ocrx_word' id='word_1_227' title='bbox 111 2705 216 2756; x_wconf 88' lang='lat' dir='ltr'>cuncta</span> <span class='ocrx_word' id='word_1_228' title='bbox 233 2697 261 2756; x_wconf 91' lang='lat' dir='ltr'>in</span> <span class='ocrx_word' id='word_1_229' title='bbox 280 2689 376 2756; x_wconf 88' lang='lat' dir='ltr'>oculis</span> <span class='ocrx_word' id='word_1_230' title='bbox 389 2697 538 2774; x_wconf 89' lang='lat' dir='ltr'>utriusque</span> <span class='ocrx_word' id='word_1_231' title='bbox 553 2695 701 2756; x_wconf 83' lang='lat' dir='ltr'>exercitus</span> <span class='ocrx_word' id='word_1_232' title='bbox 717 2703 823 2773; x_wconf 87' lang='lat' dir='ltr'>quanto</span> <span class='ocrx_word' id='word_1_233' title='bbox 839 2694 961 2755; x_wconf 88' lang='lat' dir='ltr'>laetiora</span> <span class='ocrx_word' id='word_1_234' title='bbox 975 2692 1107 2755; x_wconf 83' lang='lat' dir='ltr'>Vitellia·</span> <span class='ocrx_word' id='word_1_235' title='bbox 1119 2716 1142 2755; x_wconf 88' lang='lat' dir='ltr'>m</span> 
     </span>
     <span class='ocr_line' id='line_1_31' title="bbox 112 2775 1108 2858; baseline -0.002 -20"><span class='ocrx_word' id='word_1_236' title='bbox 112 2780 174 2854; x_wconf 86' lang='lat' dir='ltr'>nis,</span> <span class='ocrx_word' id='word_1_237' title='bbox 195 2787 274 2838; x_wconf 89' lang='lat' dir='ltr'>tanto</span> <span class='ocrx_word' id='word_1_238' title='bbox 295 2779 391 2838; x_wconf 89' lang='lat' dir='ltr'>acrius</span> <span class='ocrx_word' id='word_1_239' title='bbox 410 2777 564 2840; x_wconf 84' lang='lat' dir='ltr'>Othoniani</span> <span class='ocrx_word' id='word_1_240' title='bbox 583 2795 699 2838; x_wconf 90' lang='lat' dir='ltr'>oausam</span> <span class='ocrx_word' id='word_1_241' title='bbox 719 2786 926 2858; x_wconf 78' lang='lat' dir='ltr'>auctoremque</span> <span class='ocrx_word' id='word_1_242' title='bbox 947 2775 1038 2838; x_wconf 87' lang='lat' dir='ltr'>cladis</span> <span class='ocrx_word' id='word_1_243' title='bbox 1058 2776 1108 2837; x_wconf 90' lang='lat' dir='ltr'>de·</span> 
     </span>
     <span class='ocr_line' id='line_1_32' title="bbox 113 2861 301 2922; baseline -0.006 0"><span class='ocrx_word' id='word_1_244' title='bbox 113 2861 301 2922; x_wconf 88' lang='lat' dir='ltr'>testabantur.</span> 
     </span>
    </p>
   </div>
   <div class='ocr_carea' id='block_1_7' title="bbox 111 2942 1132 3521">
    <p class='ocr_par' dir='ltr' id='par_1_12' title="bbox 111 2942 1109 3521">
     <span class='ocr_line' id='line_1_33' title="bbox 173 2942 1107 3025; baseline -0.002 -19"><span class='ocrx_word' id='word_1_245' title='bbox 173 2945 225 3007; x_wconf 87' lang='lat'>36.</span> <span class='ocrx_word' id='word_1_246' title='bbox 247 2944 285 3006; x_wconf 85' lang='lat' dir='ltr'>llt</span> <span class='ocrx_word' id='word_1_247' title='bbox 303 2945 445 3024; x_wconf 90' lang='lat' dir='ltr'>proelium</span> <span class='ocrx_word' id='word_1_248' title='bbox 467 2944 597 3024; x_wconf 92' lang='lat' dir='ltr'>quidem,</span> <span class='ocrx_word' id='word_1_249' title='bbox 620 2942 753 3023; x_wconf 83' lang='lat' dir='ltr'>abruptis</span> <span class='ocrx_word' id='word_1_250' title='bbox 769 2962 845 3023; x_wconf 88' lang='lat' dir='ltr'>quac</span> <span class='ocrx_word' id='word_1_251' title='bbox 869 2954 1042 3025; x_wconf 84' lang='lat' dir='ltr'>supererant</span> <span class='ocrx_word' id='word_1_252' title='bbox 1061 2963 1107 3004; x_wconf 89' lang='lat' dir='ltr'>na·</span> 
     </span>
     <span class='ocr_line' id='line_1_34' title="bbox 113 3027 1108 3107; baseline -0.002 -19"><span class='ocrx_word' id='word_1_253' title='bbox 113 3028 215 3102; x_wconf 81' lang='lat' dir='ltr'>ribus,</span> <span class='ocrx_word' id='word_1_254' title='bbox 232 3029 301 3104; x_wconf 86' lang='lat' dir='ltr'>iuga</span> <span class='ocrx_word' id='word_1_255' title='bbox 317 3028 504 3107; x_wconf 84' lang='lat' dir='ltr'>diremptum:</span> <span class='ocrx_word' id='word_1_256' title='bbox 524 3027 625 3105; x_wconf 79' lang='lat' dir='ltr'>liacer</span> <span class='ocrx_word' id='word_1_257' title='bbox 642 3027 686 3090; x_wconf 85' lang='lat' dir='ltr'>od</span> <span class='ocrx_word' id='word_1_258' title='bbox 700 3029 816 3088; x_wconf 86' lang='lat' dir='ltr'>exitium</span> <span class='ocrx_word' id='word_1_259' title='bbox 832 3027 1022 3107; x_wconf 86' lang='lat' dir='ltr'>poscebatur,</span> <span class='ocrx_word' id='word_1_260' title='bbox 1040 3029 1108 3087; x_wconf 90' lang='lat' dir='ltr'>iam-</span> 
     </span>
     <span class='ocr_line' id='line_1_35' title="bbox 112 3110 1107 3191; baseline -0.003 -19"><span class='ocrx_word' id='word_1_261' title='bbox 112 3129 170 3191; x_wconf 85' lang='lat' dir='ltr'>que</span> <span class='ocrx_word' id='word_1_262' title='bbox 198 3111 377 3172; x_wconf 89' lang='lat' dir='ltr'>volneratum</span> <span class='ocrx_word' id='word_1_263' title='bbox 405 3113 514 3171; x_wconf 89' lang='lat' dir='ltr'>eminus</span> <span class='ocrx_word' id='word_1_264' title='bbox 540 3111 643 3173; x_wconf 87' lang='lat' dir='ltr'>lancea</span> <span class='ocrx_word' id='word_1_265' title='bbox 669 3112 777 3172; x_wconf 87' lang='lat' dir='ltr'>strictis</span> <span class='ocrx_word' id='word_1_266' title='bbox 802 3110 908 3190; x_wconf 84' lang='lat' dir='ltr'>gladiis</span> <span class='ocrx_word' id='word_1_267' title='bbox 933 3113 1107 3184; x_wconf 85' lang='lat' dir='ltr'>invaserant,</span> 
     </span>
     <span class='ocr_line' id='line_1_36' title="bbox 113 3191 1109 3273; baseline -0.001 -19"><span class='ocrx_word' id='word_1_268' title='bbox 113 3211 178 3256; x_wconf 91' lang='lat' dir='ltr'>cum</span> <span class='ocrx_word' id='word_1_269' title='bbox 199 3196 360 3256; x_wconf 87' lang='lat' dir='ltr'>intercursu</span> <span class='ocrx_word' id='word_1_270' title='bbox 383 3191 559 3255; x_wconf 84' lang='lat' dir='ltr'>tribunorum</span> <span class='ocrx_word' id='word_1_271' title='bbox 577 3196 834 3273; x_wconf 88' lang='lat' dir='ltr'>centurionumque</span> <span class='ocrx_word' id='word_1_272' title='bbox 850 3196 1021 3272; x_wconf 89' lang='lat' dir='ltr'>protegitur.</span> <span class='ocrx_word' id='word_1_273' title='bbox 1054 3212 1109 3254; x_wconf 89' lang='lat' dir='ltr'>neo</span> 
     </span>
     <span class='ocr_line' id='line_1_37' title="bbox 112 3275 1132 3356; baseline -0.004 -18"><span class='ocrx_word' id='word_1_274' title='bbox 112 3278 202 3338; x_wconf 89' lang='lat' dir='ltr'>multo</span> <span class='ocrx_word' id='word_1_275' title='bbox 215 3287 284 3356; x_wconf 90' lang='lat' dir='ltr'>post</span> <span class='ocrx_word' id='word_1_276' title='bbox 293 3279 457 3339; x_wconf 82' lang='lat' dir='ltr'>Vestricius</span> <span class='ocrx_word' id='word_1_277' title='bbox 472 3279 638 3356; x_wconf 87' lang='lat' dir='ltr'>Spurinna</span> <span class='ocrx_word' id='word_1_278' title='bbox 629 3296 708 3338; x_wconf 80' lang='lat' dir='ltr'>iussu</span> <span class='ocrx_word' id='word_1_279' title='bbox 720 3275 858 3354; x_wconf 82' lang='lat' dir='ltr'>Othonis,</span> <span class='ocrx_word' id='word_1_280' title='bbox 872 3277 977 3338; x_wconf 85' lang='lat' dir='ltr'>relicto</span> <span class='ocrx_word' id='word_1_281' title='bbox 991 3278 1132 3337; x_wconf 83' lang='lat' dir='ltr'>Placen-s</span> 
     </span>
     <span class='ocr_line' id='line_1_38' title="bbox 111 3354 1107 3439; baseline -0.002 -19"><span class='ocrx_word' id='word_1_282' title='bbox 111 3363 171 3422; x_wconf 89' lang='lat' dir='ltr'>tiae</span> <span class='ocrx_word' id='word_1_283' title='bbox 181 3354 300 3421; x_wconf 91' lang='lat' dir='ltr'>modico</span> <span class='ocrx_word' id='word_1_284' title='bbox 316 3360 480 3439; x_wconf 85' lang='lat' dir='ltr'>praesidio,</span> <span class='ocrx_word' id='word_1_285' title='bbox 505 3379 569 3421; x_wconf 86' lang='lat' dir='ltr'>cunr</span> <span class='ocrx_word' id='word_1_286' title='bbox 590 3360 757 3423; x_wconf 81' lang='lat' dir='ltr'>cohortibus</span> <span class='ocrx_word' id='word_1_287' title='bbox 780 3359 924 3422; x_wconf 83' lang='lat' dir='ltr'>subvenit</span> <span class='ocrx_word' id='word_1_288' title='bbox 961 3359 1028 3420; x_wconf 89' lang='lat' dir='ltr'>dein</span> <span class='ocrx_word' id='word_1_289' title='bbox 1043 3357 1107 3420; x_wconf 77' lang='lat' dir='ltr'>lila-</span> 
     </span>
     <span class='ocr_line' id='line_1_39' title="bbox 114 3441 1108 3521; baseline -0.006 -17"><span class='ocrx_word' id='word_1_290' title='bbox 114 3445 189 3504; x_wconf 82' lang='lat' dir='ltr'>vium</span> <span class='ocrx_word' id='word_1_291' title='bbox 212 3442 346 3504; x_wconf 86' lang='lat' dir='ltr'>Sabinum</span> <span class='ocrx_word' id='word_1_292' title='bbox 373 3444 522 3506; x_wconf 88' lang='lat' dir='ltr'>consulem</span> <span class='ocrx_word' id='word_1_293' title='bbox 544 3443 724 3521; x_wconf 87' lang='lat' dir='ltr'>designatum</span> <span class='ocrx_word' id='word_1_294' title='bbox 747 3442 822 3501; x_wconf 87' lang='lat' dir='ltr'>Otbo</span> <span class='ocrx_word' id='word_1_295' title='bbox 840 3451 984 3502; x_wconf 88' lang='lat' dir='ltr'>rectorem</span> <span class='ocrx_word' id='word_1_296' title='bbox 1014 3441 1108 3518; x_wconf 88' lang='lat' dir='ltr'>copiis</span> 
     </span>
    </p>
   </div>
   <div class='ocr_carea' id='block_1_8' title="bbox 0 0 1288 3870">
    <p class='ocr_par' dir='ltr' id='par_1_13' title="bbox 0 0 1288 3870">
     <span class='ocr_line' id='line_1_40' title="bbox 0 0 1288 3870; baseline 0 0"><span class='ocrx_word' id='word_1_297' title='bbox 0 0 1288 3870; x_wconf 95' lang='lat' dir='ltr'> </span> 
     </span>
    </p>
   </div>
  </div>
 </body>
</html>
