2568 3870
160 169 202 228 nt
378 175 542 223 connuuu
558 171 930 223 uac1u1u1sroaranurs

165 351 261 407 suam,
286 339 391 392 metum
409 347 445 390 ac
462 329 614 390 discrimen
637 328 803 403 ostendere,
819 329 843 388 si
861 345 925 389 eum
941 336 1071 388 exercitu
1088 326 1167 388 Gae-

143 419 230 478 scina
246 413 408 494 patentibus
431 413 539 491 campis
560 423 618 474 tam
638 430 747 491 paucas
768 413 907 474 cohortes
923 410 1168 472 circumfudisset.

165 502 278 578 iamque
305 499 373 558 totis
400 498 502 557 castris
521 496 644 558 modesti
665 513 832 570 semones,
863 504 893 555 et
913 494 1109 555 inserentibus
1134 514 1172 556 se

167 580 384 645 centurionibus
401 580 578 659 tribunisque
594 580 704 641 laudari
720 578 900 658 providentia
916 578 1006 654 (lucis,
1020 578 1099 656 quod
1116 598 1173 640 co-

166 669 273 729 loniam
293 666 394 725 virium
410 673 439 724 et
455 682 541 742 opum
557 663 682 724 validam
695 663 784 723 robur
801 681 836 723 ac
857 661 957 722 sedem
978 662 1057 722 bello
1074 662 1174 740 legis-

167 761 222 811 set.
254 751 318 828 ipse
341 757 490 829 postremo
513 748 674 826 Spurinna,
699 764 756 807 non
776 757 833 806 tam
853 747 967 823 culpam
982 745 1173 824 exprobrans

133 849 251 912 mquam
266 835 406 893 rationem
418 831 586 907 ostendens,
600 830 711 891 relictis
723 829 958 909 exploratoribus
971 839 1088 890 ceteros
1099 829 1172 890 Pla·

165 918 288 978 ceutiam
303 915 419 976 reduxit
433 916 526 975 minus
539 913 671 976 turbidos
691 923 720 974 et
734 915 854 994 imperia
875 915 1064 994 accipientes.
1096 914 1174 974 soli-

166 1001 224 1062 dati
241 1001 324 1075 muri,
337 999 557 1077 propugnacula
575 998 685 1073 addita,
702 1007 804 1058 auctae
820 1007 931 1074 turres,
946 999 1065 1075 provisa
1081 1015 1172 1076 para·

165 1093 253 1161 taque
273 1098 331 1142 non
346 1099 425 1142 arma
438 1082 525 1143 morlo
542 1081 595 1141 secl
609 1081 778 1160 obsequium
797 1091 825 1142 et
843 1082 964 1159 parendi
979 1099 1071 1159 amor,
1088 1083 1172 1160 quod

166 1166 259 1226 solum
275 1165 333 1226 illie
352 1164 483 1245 partibus
499 1164 604 1241 deluit,
620 1183 684 1226 cnm
699 1167 812 1225 virtutis
828 1164 904 1226 haud
920 1168 1093 1243 paeniteret.

228 1250 279 1313 20.
302 1249 342 1310 At
365 1247 511 1325 Caecina,
532 1249 725 1310 velutrelicta
743 1257 810 1328 post
832 1249 927 1328 Alpes
948 1251 1071 1310 saevitia
1085 1268 1122 1311 ac
1135 1252 1167 1310 li·

167 1336 278 1409 centia,
294 1332 429 1395 modesto
444 1335 557 1411 agmine
575 1351 629 1412 per
641 1331 751 1393 ltaliam
767 1333 893 1393 incessit.
930 1343 1059 1394 ornatum
1076 1335 1163 1412 ipsius

165 1418 318 1498 municipia
336 1426 367 1478 et
381 1417 516 1478 coloniae
529 1418 558 1478 in
572 1416 738 1496 superbiam
751 1416 919 1494 trabebant,
943 1416 1021 1496 quod
1034 1417 1165 1478 versico*

83 1524 89 1536 “
163 1505 221 1565 lori
233 1501 353 1580 sagulo,
370 1501 472 1560 bracas
488 1499 652 1578 {barbarum
666 1497 795 1576 tegmen]
811 1496 943 1573 indutus,
956 1502 1075 1574 togatos
1086 1497 1168 1558 asllo-

167 1595 317 1665 queretur.
327 1579 1170 1660 uxoremautemeiusSalouiuam,quodquamquamionul·
1277 1643 1278 1656 ,

166 1672 222 1731 lius
233 1670 377 1743 inierim,
386 1668 510 1741 insignis
523 1683 599 1740 equo
612 1673 752 1739 ostroque
761 1663 928 1734 veheretur,
937 1672 1079 1743 tamquam
1091 1664 1170 1724 laesi

165 1747 373 1824 gravabantur,
395 1746 480 1805 insita
500 1745 668 1805 mortalibus
683 1753 782 1805 natura
797 1754 946 1805 recentem
962 1746 1084 1807 aliorum
1100 1746 1172 1806 ieli-

166 1833 281 1889 citatem
304 1827 419 1889 aeribus
446 1828 539 1888 oculis
563 1829 757 1907 introspicere
785 1829 959 1908 modumque
986 1830 1121 1890 fortunae
1154 1850 1170 1890 a

165 1911 250 1972 nullis
265 1913 357 1989 magis
375 1911 498 1988 exigere
516 1929 600 1990 quam
616 1929 690 1991 quos
705 1914 733 1971 in
751 1929 846 1990 aequo
863 1913 1005 1973 viderunt.
1038 1911 1170 1975 caecina

129 1996 270 2057 nnl'adum
286 2005 497 2072 transgressus,
518 2004 656 2073 temptata
672 1994 896 2056 Othonianorum
912 1995 969 2056 lide
991 2014 1045 2076 per
1062 1997 1169 2057 conlo-

164 2079 259 2158 quium
274 2089 304 2140 et
321 2079 480 2158 promissa,
496 2079 588 2139 isdem
601 2081 725 2156 petitus,
740 2088 894 2158 postquam
918 2098 975 2158 pax
997 2090 1027 2139 et
1042 2097 1169 2140 concor-

163 2163 209 2223 slia
224 2163 369 2240 speciosis
385 2172 414 2222 et
425 2162 516 2222 inritis
533 2161 694 2222 nominibus
707 2165 811 2223 iactata
827 2171 902 2237 sunt,
926 2163 1048 2223 consilia
1065 2181 1169 2225 curas·

164 2248 265 2324 quein
279 2246 526 2325 oppugnationem
548 2245 714 2306 Placentiae
729 2263 833 2323 magno
847 2255 963 2306 terrore
982 2248 1081 2322 vertit,
1094 2265 1168 2325 gna·

163 2347 224 2407 rus,
239 2338 270 2389 ut
287 2330 365 2389 initia
380 2328 451 2388 belli
465 2329 681 2407 provenissent,
698 2330 801 2390 lamam
815 2331 844 2390 in
859 2339 958 2390 cetera
972 2331 1048 2391 iore.

224 2414 276 2474 21.
298 2413 357 2472 Sel
380 2414 488 2491 primus
517 2413 579 2473 dies
594 2413 703 2492 impetu
718 2414 811 2491 magis
831 2431 915 2493 quarn
933 2416 1063 2476 ueterani
1077 2434 1167 2478 exer·

165 2498 238 2556 citus
262 2497 373 2556 artibus
393 2505 573 2558 transactus:
597 2500 690 2574 aperti
718 2499 883 2576 incautique
908 2514 1005 2558 muros
1033 2499 1166 2578 subiere,
1276 2483 1277 2488 ἵ

165 2579 230 2640 cibo
245 2583 371 2659 vinoque
385 2598 576 2657 praegraves.
598 2584 626 2640 in
643 2598 680 2641 eo
694 2583 849 2642 certamine
866 2581 1091 2660 pulcherrimum
1106 2601 1166 2645 am·

164 2663 320 2743 phitheatri
335 2681 427 2742 opus,
443 2665 526 2723 situm
541 2673 622 2724 extra
639 2683 752 2742 muros,
765 2665 966 2744 conflagravit,
981 2667 1044 2726 sive
1062 2667 1097 2726 ab
1110 2685 1165 2746 op·

136 2747 373 2825 ,pugnatoribus
398 2748 563 2828 incensum,
584 2748 650 2808 dum
669 2749 752 2810 iaces
774 2759 804 2811 ot
824 2748 946 2828 glandes
973 2759 1004 2811 et
1024 2752 1167 2815 missilem

163 2833 305 2910 ignomin
321 2831 463 2892 obsessos
480 2832 655 2908 iaculantur,
673 2835 737 2893 sive
755 2833 790 2894 ab
808 2835 952 2912 obsessis,
968 2834 1032 2895 dum
1049 2844 1165 2898 retorta

162 2910 309 2992 ingerunt.
329 2916 501 2995 municipale
512 2915 628 2991 volgus,
640 2934 760 2993 pronum
768 2919 802 2977 aul
811 2916 1114 2996 suspiciones,lraude
1121 2918 1164 2978 in·

161 3001 219 3060 lata
238 3002 314 3076 iguis
335 3000 470 3061 alimenta
493 2999 617 3062 credidit
641 3018 657 3060 a
679 3001 847 3078 quibusdam
865 3019 903 3060 ex
917 3002 1020 3060 vicinis
1036 3002 1166 3062 coloniis

161 3083 268 3144 invidia
284 3092 313 3143 et
330 3084 540 3158 aemulatione,
558 3082 635 3162 quod
650 3083 728 3145 nulla
743 3086 771 3142 in
786 3082 868 3144 ltalia
884 3084 979 3145 moles
994 3094 1051 3146 tam
1067 3104 1164 3166 capax

127 3169 249 3228 soleret.
278 3186 461 3247 quocumque
478 3186 547 3228 casu
564 3166 686 3244 accidit,
703 3167 768 3227 dum
784 3168 928 3228 atrociora
946 3169 1162 3237 metuebantur.
1275 3189 1276 3210 ¹

161 3255 190 3310 in
205 3251 263 3311 leui
279 3250 415 3327 habitum,
428 3251 536 3312 reddita
550 3251 716 3328 securitate,
731 3259 873 3330 tamquam
887 3252 958 3312 nibil
968 3252 1088 3329 gravius
1101 3255 1163 3330 pati

162 3335 336 3410 potuissent,
358 3334 536 3396 maerebant.
560 3343 687 3394 ceterum
698 3334 789 3396 multo
804 3352 922 3394 suorum
935 3353 1040 3395 cruore
1058 3335 1161 3413 pulsus

163 3414 305 3493 Caecina,
324 3426 428 3478 etmox
444 3417 577 3496 parandis
592 3417 731 3494 operibus
748 3417 908 3497 absumpta.
935 3418 1084 3478 Vitelliani
1096 3419 1160 3498 plu-
