2510 3864
158 155 222 220 26²
396 157 513 218 nactur
529 171 624 218 osen.
638 169 686 218 ou
703 171 922 220 onsnonrnus

158 324 377 387 tuemttnssm:
419 341 457 384 ne
488 321 607 403 Epicuri
631 322 746 402 quidem
773 332 804 384 et
827 321 992 384 Metrodori
1019 322 1175 385 honestas

124 409 296 489 aequandam
325 407 551 468 exclamationes
574 406 726 467 adsumere
752 407 849 486 iisque
876 414 965 486 prout
993 423 1044 466 res
1064 410 1177 485 possit

159 492 201 553 uti
216 491 341 553 alienum
361 492 418 552 erit
436 491 554 551 oratori.
583 507 680 568 neque
703 490 779 550 enim
795 491 957 568 sapientem
973 489 1178 552 informamus

158 593 256 655 neque
274 575 439 635 Stoicorum
453 581 472 642 †
487 582 597 650 artem,
619 572 672 634 sed
688 589 753 633 eum
772 573 820 651 qui
839 573 976 652 quasdam
996 580 1080 633 artes
1099 573 1178 634 hau-

152 661 224 735 rire,
237 677 338 718 omnes
347 656 547 717 libanodelset.
564 656 691 732 ideoque
700 666 731 716 et
744 657 1080 716 iorisoivilisseieutiam
1089 669 1186 719 vete-

153 761 202 804 res
216 750 351 802 oratores
365 738 664 819 eomprehendebant,
677 748 708 800 et
719 740 1085 821 gmmmatioamasion[etl
1100 761 1185 820 geo·

115 843 142 884 ss
155 827 258 886 metria
266 825 480 886 imbuebantur.
495 823 623 884 insidunt
634 824 710 883 enim
723 841 840 902 eausae,
856 823 999 903 plurimae
1008 824 1135 903 quidem
1144 845 1184 888 ae

152 927 246 988 paene
262 927 382 984 omnes,
401 906 554 983 inquibus
575 908 646 966 iuris
669 909 772 968 notitia
787 907 988 986 desideratur,
1004 908 1182 990 pleraeque

145 987 256 1052 'numm
270 993 300 1052 ln
316 991 420 1070 quibua
434 989 509 1052 isaeo
521 1006 638 1070 quoque
652 990 774 1051 seientia
789 989 957 1068 requiritur.

223 1075 273 1136 32.
296 1073 518 1153 Neoquisquam
533 1073 711 1151 respondeat
724 1073 860 1134 sufdoere
874 1081 906 1133 ut
921 1073 957 1133 ad
968 1081 1088 1152 tempus
1106 1076 1170 1135 sim

161 1159 232 1239 plex
251 1156 383 1236 quiddam
407 1165 438 1218 et
461 1157 605 1217 uniforme
625 1155 788 1217 dooeamur.
832 1158 954 1235 primum
979 1158 1059 1216 enirn
1082 1158 1170 1218 aliter
1237 1173 1238 1176 ’

161 1243 266 1304 utimur
281 1241 427 1320 propriis,
444 1238 530 1300 aliter
552 1239 757 1316 commodatis,
772 1237 922 1318 longeque
939 1241 1097 1302 interesse
1110 1258 1147 1299 us

160 1327 297 1386 niiestum
310 1332 374 1402 est,
386 1324 536 1402 possideat
547 1323 611 1402 quis
623 1339 697 1401 quae
708 1323 824 1401 profert
836 1341 871 1382 an
880 1330 1036 1383 mutuetur.
1061 1321 1156 1384 deinde

134 1410 225 1489 sipsa
239 1408 390 1469 multarum
406 1408 509 1468 artium
524 1407 646 1467 seientia
660 1407 747 1466 etiam
763 1405 840 1467 aliud
854 1414 977 1484 agentes
995 1423 1053 1466 nos
1071 1415 1163 1483 ornat,

161 1503 248 1572 atque
264 1492 314 1552 ubi
328 1493 444 1552 minime
456 1490 557 1553 eredas
566 1532 577 1567 ‚
596 1490 705 1550 eminet
721 1498 750 1551 et
765 1489 893 1552 excellit.
924 1488 1012 1568 idque
1033 1506 1096 1550 non
1119 1491 1166 1551 do-

160 1585 225 1637 etus
240 1574 371 1636 modoet
386 1575 514 1654 prudens
525 1575 639 1635 auditor
654 1574 707 1634 sed
722 1575 808 1634 etiam
822 1571 949 1652 populus
965 1571 1120 1650 intellegit
1137 1592 1170 1634 ae

161 1661 257 1740 statim
273 1661 313 1719 ita
333 1657 419 1719 laude
441 1658 643 1737 prosequitur,
666 1666 698 1718 ut
720 1657 851 1736 legitime
868 1654 1033 1730 studuisse,
1061 1665 1094 1714 ut
1115 1676 1170 1735 per

161 1760 263 1804 omnes
280 1740 468 1819 eloquentiae
481 1760 617 1802 numeros
639 1744 715 1812 isse,
735 1750 767 1801 ut
781 1741 907 1818 denique
925 1746 1074 1799 oratorem
1095 1759 1170 1801 esse
1238 1813 1239 1816 Ἴ

127 1826 299 1892 tofateatum
324 1843 409 1904 quem
430 1843 488 1885 non
509 1843 601 1904 posse
621 1825 706 1885 aliter
722 1825 852 1885 existere
868 1840 925 1884 nee
948 1821 1085 1882 extitisse
1107 1843 1168 1884 um·
1238 1821 1239 1862 i

161 1927 244 1986 quam
265 1909 421 1985 confirmo,
442 1909 497 1969 nisi
523 1928 605 1986 eum,
626 1910 674 1987 qui
700 1917 840 1987 tamquam
861 1909 890 1968 in
911 1907 1003 1968 aniam
1028 1907 1169 1968 omnibus

161 1993 247 2052 armis
264 1992 438 2070 instructus,
455 1993 649 2053 siciniorum
665 1992 796 2052 omnibus
811 1991 922 2052 artibus
938 1997 1064 2051 armatus
1082 1993 1168 2052 exie·

160 2078 206 2135 rit.
244 2075 321 2153 quod
339 2075 413 2136 adeo
436 2076 603 2154 neglegitur
622 2075 657 2136 ab
674 2075 775 2136 horum
792 2084 954 2154 temporum
973 2073 1113 2152 disertis,
1137 2086 1168 2136 nt

160 2161 188 2217 in
210 2159 373 2219 notionibus
396 2177 495 2220 eornm
526 2161 589 2236 ipsa
618 2176 734 2238 quoque
757 2159 893 2218 cotidiani
912 2158 1057 2220 sermonis
1074 2159 1166 2220 foeda
1237 2209 1238 2218 ,

126 2267 150 2306 as
162 2260 196 2300 ae
210 2241 342 2320 pudenda
358 2243 427 2302 vitia
443 2241 711 2320 deprehendantun
728 2250 759 2300 ut
773 2242 912 2320 ignorent
926 2242 1028 2320 leges,
1043 2259 1104 2302 non
1122 2253 1164 2304 te-

159 2332 248 2384 neant
262 2334 380 2386 senatus
395 2325 542 2400 consulta,
564 2326 608 2384 ius
626 2325 752 2384 civitatis
767 2315 845 2384 sfltro
861 2325 1030 2402 derideant,
1045 2328 1163 2404 sapien-

160 2409 218 2468 tiae
233 2425 307 2468 vero
328 2408 451 2470 studium
470 2416 501 2468 et
518 2416 677 2486 praecepta
696 2408 877 2485 prudentium
894 2410 1010 2487 penitus
1027 2409 1162 2470 reformi-

160 2491 239 2552 dent.
259 2492 289 2551 in
304 2493 492 2570 paucissimos
509 2509 614 2551 sensus
631 2500 661 2550 et
675 2498 812 2568 angustas
828 2494 990 2552 sententias
1005 2491 1162 2553 detrudunt

160 2575 358 2653 eloquentiam
368 2575 449 2635 velut
461 2574 610 2653 expulsum
622 2592 715 2652 regno
731 2591 803 2652 suo,
815 2583 847 2634 nt
863 2593 937 2654 quae
950 2574 1019 2634 olim
1036 2579 1156 2636 omniun
1236 2617 1237 2622 κ

125 2659 264 2721 anartium
280 2657 392 2718 domina
408 2658 601 2735 pulcherrimo
619 2659 755 2718 comitatu
771 2666 892 2736 pentorn
911 2657 1052 2736 implebat
1058 2701 1069 2735 ,
1088 2677 1154 2720 nuso

160 2741 328 2800 eireumolsa
351 2750 382 2800 et
395 2749 554 2819 amputata,
576 2743 640 2801 sine
661 2750 816 2820 apparatu,
832 2743 896 2801 sine
913 2740 1044 2819 honore,
1067 2760 1158 2820 paene
1236 2741 1237 2815 l

160 2824 284 2884 dixerim
305 2825 369 2883 sine
391 2825 588 2902 ingenuitate,
607 2827 689 2904 qnasi
711 2842 767 2885 una
788 2841 827 2886 ex
844 2824 1053 2886 sordidissimis
1075 2827 1159 2885 artili-

161 2909 214 2968 oiis
232 2907 367 2968 discatur.
405 2925 478 2984 ergo
501 2908 573 2968 hane
593 2909 710 2987 primam
729 2916 760 2968 et
779 2909 963 2988 praeeipuam
985 2927 1099 2969 eausam
1115 2925 1154 2966 ar·
1235 2929 1236 3000 p

160 2991 271 3068 bitror,
292 3008 343 3050 eur
364 2991 394 3050 in
413 2999 521 3051 tentum
546 2991 583 3052 ab
609 2990 775 3070 eloquentia
803 2993 984 3070 antiquorum
1012 3001 1157 3052 oratortun
1235 3009 1236 3018 ²

128 3076 380 3137 mreeesserimus.
410 3075 435 3134 si
458 3084 551 3136 testes
573 3075 791 3152 desiderantur,
812 3091 886 3153 qnos
908 3076 1043 3152 potiores
1070 3075 1158 3134 nomi·

159 3156 236 3216 nabo
257 3173 338 3235 quam
359 3157 433 3236 apud
456 3157 586 3219 Graeoos
607 3157 851 3236 Demosthenem,
873 3173 959 3236 quem
980 3158 1158 3218 studiosissi-

159 3256 233 3297 mum
249 3239 378 3300 Platonis
399 3242 558 3301 auditorem
575 3241 665 3301 fuisse
686 3243 844 3304 memoriae
861 3241 1005 3320 proditum
1023 3237 1088 3300 esti
1127 3249 1157 3300 et

162 3318 267 3381 cicero
283 3321 344 3397 his,
361 3332 392 3382 ut
409 3326 530 3402 opinor,
546 3325 645 3384 verbis
663 3326 773 3402 refert,
790 3324 927 3404 quidquid
944 3325 972 3383 in
990 3323 1156 3400 eloquentia

160 3401 308 3484 eiieoerit,
322 3407 648 3469 idsenonistrlretorum
664 3407 814 3487 officiosis,
838 3409 890 3472 sed
905 3407 1077 3468 Academiae
1092 3423 1151 3483 spa
