2568 3870
194 137 234 196 64
408 146 572 194 cortuum
589 146 706 194 TAGI'H
722 147 960 196 fflsuortlhuttu

196 301 302 360 etenim
316 317 485 382 quamquam
497 302 593 359 vicino
607 299 693 362 hoste
707 300 862 380 adspectus
877 319 1020 373 armorum
1035 302 1135 365 densis
1149 324 1191 366 ar·

161 385 288 446 robustis
309 381 527 464 prohibebatur.
561 382 638 461 apud
662 382 839 445 Othonianos
860 384 956 463 pavidi
978 385 1085 465 duces,
1107 388 1191 448 miles

196 466 316 528 ducibus
343 467 487 543 intensus,
515 467 602 526 mixta
630 467 764 527 vehicula
790 475 820 527 et
845 466 941 544 lixae,
958 477 998 548 ,et
1026 473 1191 551 praeruptis

195 551 336 630 utrimque
356 549 446 610 iussis
467 549 514 609 via
536 548 632 628 quieto
649 567 764 629 qnoque
786 549 891 628 agmini
907 561 1035 629 angusta.
1070 553 1191 614 circum·

196 635 302 694 sistere
314 633 361 694 alii
374 634 458 710 signa
472 651 541 710 sua,
559 649 702 710 quaerere
717 633 779 702 alii;
795 633 924 694 incertus
941 634 1065 713 undique
1083 637 1194 698 clamor

196 717 415 794 adcurrentium,
436 714 633 776 volitantium:
657 723 688 774 ut
712 717 818 794 cuique
843 716 962 776 audacia
985 717 1033 778 vel
1056 719 1193 798 formido,

160 802 224 860 sain
249 803 368 878 primam
394 809 607 877 postremamve
635 799 725 859 aciem
750 798 977 878 prorumpebant
1001 810 1048 861 aut
1076 803 1195 864 relabe-

195 883 307 944 bantur.

257 966 308 1027 42.
332 965 477 1025 Attonitas
498 964 593 1024 subito
614 973 726 1024 terrore
749 973 860 1025 mentes
882 965 985 1026 ialsum
1006 967 1144 1043 gaudium
1167 971 1196 1030 in
1258 995 1259 1006 ι

196 1051 365 1127 languorem
379 1049 482 1125 vertit,
493 1048 618 1124 repertis
634 1047 682 1125 qui
697 1046 858 1108 descivisse
874 1039 1021 1112 allitellio
1034 1053 1195 1112 exercitum

197 1133 412 1193 ementireutur.
445 1132 470 1189 is
485 1146 581 1189 rruuor
598 1129 635 1190 ab
657 1129 891 1208 exploratoribus
907 1131 1018 1192 Vitellii
1032 1133 1191 1213 dispersus,

197 1235 233 1278 an
250 1217 279 1275 iu
302 1217 366 1295 ipsa
381 1213 502 1274 Othonis
524 1223 607 1292 parte
628 1212 763 1274 seudolo
779 1231 831 1274 seu
850 1215 927 1275 torte
951 1214 1124 1294 surrexerit,
1138 1237 1190 1296 pa·

171 1293 257 1361 s'rum
275 1307 463 1379 compertum.
500 1296 608 1358 omisso
631 1314 743 1376 pugnae
765 1296 869 1358 ardore
885 1293 1037 1359 Othoniani
1054 1300 1126 1360 ultro
1142 1318 1185 1360 sa·

197 1385 345 1453 lutavere;
367 1390 397 1442 et
415 1381 514 1442 hostili
533 1398 676 1440 murmuro
697 1380 828 1458 excepti,
847 1379 996 1460 plerisque
1018 1400 1135 1444 suorum
1147 1385 1189 1460 ig·

196 1467 274 1528 naris
296 1484 371 1547 qnae
392 1482 480 1525 causa
502 1463 658 1540 salutandi,
682 1471 786 1524 metum
806 1463 977 1540 proditionis
992 1465 1106 1526 iecere.
1135 1476 1189 1526 tum

196 1549 324 1610 incubuit
336 1549 461 1611 hostium
476 1549 570 1624 acies,
588 1547 709 1623 integris
725 1544 889 1624 ordinibus,
905 1545 1013 1608 robore
1028 1557 1059 1608 et
1071 1567 1191 1610 numero

196 1634 408 1712 praestantior:
419 1630 587 1706 Othoniani,
599 1646 768 1709 quamquam
780 1628 918 1708 dispersi,
929 1631 1083 1709 panciores
1092 1677 1101 1707 ,
1111 1633 1193 1707 lessi,

163 1728 188 1770 so
198 1714 342 1795 proelium
358 1724 453 1774 tamen
466 1715 573 1772 acriter
588 1729 750 1791 sumpsere.
782 1720 811 1771 et
826 1730 879 1792 per
891 1712 975 1773 locos
992 1712 1147 1774 arboribus
1162 1733 1195 1775 ac

198 1799 290 1858 vineis
306 1795 452 1875 inpeditos
474 1812 533 1855 non
553 1813 608 1855 una
624 1812 739 1874 pugnae
759 1794 866 1855 la'cies:
898 1797 1057 1860 comminus
1070 1799 1195 1876 eminus,

199 1880 324 1940 catervis
339 1888 368 1939 et
380 1879 480 1939 anneis
494 1877 715 1938 concurrebant.
736 1879 765 1936 in
776 1895 888 1957 aggero
899 1881 964 1940 viae
975 1878 1091 1940 conlato
1103 1880 1196 1958 gradu

199 1963 376 2044 corporibus
395 1971 424 2022 et
439 1961 609 2022 umbonibus
625 1962 693 2038 uiti,
716 1963 824 2021 omisso
845 1962 969 2040 pilorum
990 1963 1067 2022 iactu
1086 1963 1197 2039 gladiis
1256 2007 1257 2012 ι

200 2056 228 2107 et
243 2044 395 2107 securibus
414 2045 518 2123 galeas
534 2045 700 2124 loricasque
721 2062 928 2124 permmpere:
945 2052 1102 2105 noscentes
1119 2047 1199 2106 inter

163 2138 188 2179 ¹⁵
199 2149 246 2208 se,
263 2131 371 2190 ceteris
387 2129 552 2208 conspicui,
568 2131 596 2188 in
611 2135 744 2189 eventum
759 2130 847 2188 totius
862 2127 932 2188 belli
949 2126 1107 2188 certabant.

261 2213 312 2275 43.
333 2211 422 2274 Forte
439 2214 514 2272 inter
534 2213 639 2274 Padum
659 2213 791 2289 viamque
803 2212 921 2289 ”patenti
942 2227 1042 2289 campo
1061 2209 1135 2270 duae
1153 2211 1195 2272 la

198 2296 317 2373 giones·
330 2313 510 2374 congressae
532 2304 613 2372 sunt,
641 2311 694 2375 pro
713 2293 833 2355 Vitellio
856 2294 1117 2368 unaetvicensima,
1150 2297 1196 2354 coi

200 2396 363 2457 cognomen
384 2381 513 2458 Rapaci,
536 2387 637 2439 vetere
657 2378 753 2455 gloria
776 2376 914 2454 insignis,
936 2385 1051 2456 aparte
1072 2374 1195 2456 Othonis

159 2459 162 2464 ’
199 2464 289 2540 prima
304 2462 455 2539 Adiutrix,
472 2479 529 2521 nou
542 2471 607 2523 onte
618 2463 647 2519 in
659 2461 751 2520 aciem
766 2458 905 2535 deducta,
921 2459 973 2520 sed
987 2459 1072 2519 ierox
1086 2467 1115 2518 at
1125 2461 1194 2520 novi

178 2544 315 2605 tdecoris
343 2544 435 2604 avida.
467 2546 586 2623 primani
607 2545 704 2604 stratis
729 2543 1070 2604 unaetvicensimanorum
1087 2545 1195 2621 prinoi-

201 2628 256 2705 piis
279 2627 402 2706 aquilam
422 2627 584 2698 abstulere;
609 2644 665 2706 quo
688 2625 791 2689 dolore
808 2643 932 2686 accensa
946 2625 1026 2702 legio
1048 2635 1077 2685 et
1092 2626 1196 2704 inpulit

200 2729 299 2770 rursus
314 2711 477 2788 primanos,
499 2711 654 2771 interiecto
675 2708 784 2769 0rhdio
801 2709 933 2786 benigno
950 2709 1065 2786 legato,
1084 2717 1114 2768 et
1129 2709 1195 2787 plu·

200 2793 269 2853 rima
290 2795 372 2869 signa
388 2792 555 2871 vexillaque
571 2811 609 2854 ex
630 2791 763 2852 hostibus
784 2795 887 2871 rapuit.
921 2809 938 2851 a
958 2801 1040 2870 parte
1055 2791 1111 2852 alia
1125 2809 1194 2869 pro·

201 2877 283 2955 pulsa
304 2877 502 2955 quintanorum
522 2877 629 2956 impetu
648 2878 732 2937 tertia
753 2876 873 2936 decuma
888 2875 982 2953 legio;
1006 2873 1196 2935 circumventi

167 2960 324 3038 soplurium
348 2959 471 3018 adcursu
493 2960 753 3038 quartadecumani.
799 2969 828 3020 et
852 2958 972 3019 ducibus
994 2957 1115 3018 Othonis
1137 2959 1196 3018 iam

201 3041 311 3122 pridem
331 3042 463 3122 prologis
477 3042 603 3104 Caecina
619 3061 653 3102 ao
667 3043 778 3104 Valens
797 3041 931 3103 subsidiis
949 3060 1019 3102 suos
1034 3041 1196 3103 firmabant.

201 3127 327 3188 accessit
343 3143 449 3185 recens
466 3127 616 3203 auxilium,
638 3128 735 3187 Varus
753 3124 875 3188 suenus
896 3143 959 3185 cum
972 3125 1105 3202 Batavis,
1128 3123 1196 3183 lusa

201 3208 391 3287 gladiatorum
407 3227 504 3288 manu,
527 3228 613 3288 quam
625 3211 957 3270 navibus-transvectam
973 3207 1125 3286 obpositae
1143 3222 1196 3266 co·

201 3292 301 3351 hortes
318 3294 347 3351 in
365 3293 430 3371 ipso
452 3293 566 3354 domine
585 3292 814 3353 trucidaverant:
844 3293 883 3351 ita
903 3291 1029 3350 victores
1050 3292 1125 3351 latus
1140 3288 1196 3348 ho·

167 3384 192 3424 ιι
204 3374 284 3432 stium
299 3375 414 3434 invecti.
