2440 3886
183 161 222 222 20
432 172 596 220 conuentu
613 171 731 219 oacrrr
748 169 930 220 nuuaurunr

182 331 263 406 ritas,
279 328 424 406 flagitiosa
440 325 571 405 largitio:
586 345 639 386 seu
654 326 725 386 nihil
738 324 819 386 militi
840 325 902 385 sire
924 323 1018 382 omnia
1041 320 1186 382 concede·

182 423 291 491 rentur,
306 414 334 472 in
350 411 467 491 ancipiti
481 429 531 471 res
552 409 679 490 publica.
722 410 809 488 igitur
829 408 965 469 volutatis
985 408 1061 467 inter
1086 423 1120 465 se
1143 422 1190 464 ra-

149 519 174 562 ro
183 497 308 559 tionibus
325 496 461 575 placitum
477 505 507 555 ut
524 495 665 574 epistulae
681 495 795 554 nominc
811 493 951 571 principis
973 490 1190 551 scriberentur?

183 583 350 643 missionem
368 581 429 640 dari
444 581 547 640 vicena
564 579 707 658 stipendia
721 578 842 655 meritis,
860 577 1042 637 exauctorari
1055 573 1104 654 qui
1116 591 1191 634 aena

186 668 260 728 dana
277 667 417 726 fecissent
432 681 468 724 ao
482 664 601 724 retineri
619 662 672 723 sub
687 662 797 723 vexillo
813 670 976 722 ceterorum
991 661 1121 718 inmunes
1135 658 1191 717 nisi

183 743 1190 832 propulsandihostis,legataquaepetiverantoxsolviduplicariqoe.

248 836 298 897 37.
322 835 419 894 Sensit
434 833 517 892 miles
539 834 567 891 in
584 825 696 911 tenipus
719 831 842 892 conficta
863 831 1016 908 statimque
1038 827 1189 905 flagitavit.

184 921 282 980 missio
301 937 357 1001 per
369 917 500 978 tribunos
515 925 682 992 maturatur,
700 917 816 994 largitio
829 913 1016 974 differebatur
1028 913 1056 971 in
1067 911 1191 972 hiberna

186 1004 336 1082 cuiusque.
362 1018 420 1061 non
434 1001 611 1061 abscessere
628 1001 753 1078 quintani
777 998 1112 1075 unetvicensimanique,
1139 995 1191 1056 do·

184 1105 240 1147 nec
256 1087 349 1147 isdem
365 1088 392 1146 in
408 1085 527 1146 aestivis
544 1093 694 1145 contracta
715 1102 753 1144 ex
776 1085 883 1144 viatico
906 1084 1061 1143 amicorum
1082 1081 1192 1159 ipsius·

162 1190 241 1250 uque
258 1169 394 1230 Caesaris
410 1171 533 1248 pecunia
548 1169 778 1248 persolveretur.
812 1169 986 1244 primam'ac
1002 1166 1192 1225 vicensimam

184 1257 318 1332 legiones
335 1251 460 1314 Caecina
475 1254 590 1331 legatus
606 1253 634 1312 in
650 1253 795 1312 civitatem
810 1251 951 1312 Ubiorum
966 1250 1096 1325 reduxit,
1112 1250 1192 1326 turpi

185 1341 315 1417 agmine,
339 1357 402 1397 eum
424 1339 487 1398 iisai
508 1335 545 1398 de
569 1338 744 1416 imperatore
764 1338 838 1416 rapti
862 1338 937 1396 inter
957 1336 1038 1412 signa
1054 1336 1191 1411 interque

153 1437 157 1445 “
184 1423 296 1503 aquilas
320 1421 505 1483 veherentur.
543 1420 730 1483 Germanicus
756 1421 938 1499 superiorem
965 1419 1000 1480 ad
1030 1419 1192 1478 exercitum

185 1507 335 1587 profectus
351 1506 506 1568 secundam
525 1515 553 1565 et
569 1506 682 1566 tertiam
698 1506 844 1566 decumam
863 1514 891 1565 et
906 1512 1019 1565 sextam
1041 1503 1192 1563 decumam

151 1592 322 1670 relegiones
337 1590 406 1651 nihil
423 1599 572 1652 cunctatas
597 1599 777 1650 sacramento
801 1589 899 1668 adigit.
936 1588 1191 1668 quartadecumani

185 1677 300 1757 paulum
322 1675 539 1736 dubitaverant:
559 1674 683 1753 pecunia
706 1683 734 1734 et
757 1675 855 1734 missio
878 1673 1007 1752 quamvis
1029 1689 1086 1731 non
1107 1671 1186 1748 dagi-

162 1774 164 1780 ·
185 1761 309 1821 tentibus
327 1758 425 1820 oblata
444 1769 498 1818 est.

247 1844 295 1906 38.
318 1842 356 1902 At
371 1844 398 1902 in
414 1840 539 1903 Chaucis
554 1853 732 1923 coeptavere
744 1843 917 1903 seditionem
932 1840 1108 1921 praesidium
1129 1841 1187 1918 agi·

184 1937 277 1988 tantos
301 1927 443 1992 vexillarii
471 1927 645 1988 discordium
674 1923 869 2006 legionum'et
895 1926 1042 2006 praesenti
1070 1925 1189 1984 duorum

184 2011 302 2071 militnm
319 2011 465 2090 supplicio
480 2011 595 2090 paulurn
610 2014 741 2092 repressi
761 2021 835 2071 sunt.
871 2012 995 2071 iusserat
1015 2009 1043 2069 id
1064 2007 1114 2069 Μ’.
1131 2007 1188 2068 En·

184 2097 248 2156 nius
266 2105 426 2156 castrorum
441 2095 620 2175 praelectus,
637 2097 715 2157 hono
739 2096 830 2174 magis
854 2095 990 2174 exemplo
1014 2109 1098 2173 quam
1120 2110 1189 2154 oon-

159 2197 272 2249 soesso
289 2181 361 2240 iure.
393 2179 498 2240 deinde
514 2180 723 2242 intumescente
739 2190 817 2240 motu
830 2179 970 2259 profugus
981 2188 1188 2258 repertusque,

185 2274 336 2344 postquam
354 2265 461 2324 intutae
476 2264 623 2346 latebrae,
647 2265 821 2344 praesidium
843 2263 879 2324 ab
896 2264 1015 2326 audacia
1031 2270 1188 2327 mutuatur:

184 2365 241 2408 nou
258 2348 439 2428 praefectum
455 2349 492 2409 ab
508 2349 553 2426 iis,
571 2350 623 2410 sed
633 2348 832 2411 Germanicum
848 2347 960 2429 ducem,
977 2347 1029 2408 sed
1042 2346 1186 2408 Tiberium

185 2435 390 2512 imperatorem
405 2433 519 2494 violari.
550 2434 633 2494 simul
651 2435 799 2495 exterritis
817 2433 864 2511 qui
880 2433 1061 2508 obstiterant,
1074 2439 1186 2508 raptum

185 2517 322 2576 vexillum
334 2517 369 2576 ad
381 2517 472 2595 ripam
484 2520 581 2596 vertit,
595 2529 624 2578 et
636 2519 660 2578 si
672 2520 736 2597 quis
748 2519 861 2596 agmine
870 2513 1060 2592 decessisset,
1073 2533 1126 2594 pro
1135 2516 1185 2576 de-

149 2600 1185 2678 1osertoreioreclamitans,reduxitinhibernaturbidosetnihilausos.

145 2685 297 2747 mvii).
319 2683 434 2746 Interea
455 2687 545 2764 legati
569 2686 605 2747 ab
628 2697 729 2748 senatu
753 2687 996 2766 regressum'i'am
1020 2684 1095 2765 apud
1111 2704 1186 2746 aram

182 2768 321 2830 Ubiorum
339 2769 538 2831 Germanicum
556 2772 670 2832 adeunt.
708 2773 782 2832 duae
804 2772 844 2833 ibi
865 2771 1016 2850 legiones,
1036 2772 1128 2849 prima
1147 2781 1186 2832 at·

183 2872 240 2932 que
256 2855 428 2932 vicensima,
452 2857 641 2937 veteranique
658 2875 751 2936 nuper
772 2858 851 2918 missi
870 2857 926 2922 ,sub
948 2855 1059 2916 vexillo
1080 2856 1185 2916 hiema-

182 2938 260 2998 bant.
292 2939 414 3017 pavidos
430 2947 459 2999 et
475 2941 653 3002 conscientia
668 2942 831 3003 vaecordes
846 2942 932 3002 intrat
947 2949 1051 3018 metus,
1069 2943 1187 3001 venisse

164 3031 297 3100 upatrum
313 3025 392 3082 iussu
409 3025 457 3104 qui
474 3024 557 3084 inrita
573 3024 704 3086 iacerent
719 3045 794 3106 quae
810 3045 865 3106 per
881 3020 1188 3106 seditionemexprea-

182 3115 291 3168 serant.
323 3117 412 3186 utque
434 3125 496 3169 mos
516 3109 604 3187 vulgo
622 3113 750 3190 quamvis
769 3111 850 3172 falsis
866 3129 945 3170 reum
965 3109 1109 3176 subdere,
1126 3109 1186 3170 blo·

183 3193 290 3251 natium
300 3190 434 3251 Plancum
449 3190 600 3252 consulatu
616 3189 752 3267 iunctum,
768 3189 930 3269 principem
945 3187 1114 3266 legationis,
1132 3205 1186 3248 aun

183 3283 295 3336 ctorem
307 3275 559 3336 senatusconsulti
571 3275 717 3343 incusant;
735 3283 764 3334 et
780 3282 866 3334 noete
884 3273 1026 3333 concubia
1042 3271 1182 3334 vexillum

182 3361 213 3420 in
227 3359 312 3419 domo
326 3357 486 3420 Germanici
503 3361 588 3420 situm
604 3359 736 3438 flagitare
753 3359 909 3437 occipiunt,
928 3373 1130 3434 concursuque
1146 3355 1180 3414 ad

152 3444 294 3503 roianuam
306 3442 383 3502 iacto
399 3443 555 3504 moliuntur
569 3444 662 3521 iores,
679 3452 838 3504 extractum
855 3441 941 3502 cubili
956 3439 1110 3502 Gaesarem
1123 3448 1180 3501 tra-
