2570 3878
415 149 594 198 nrassxrr.
609 150 815 208 carme-53.
1066 147 1137 220 tlt
1242 225 1258 236 ὀ

126 313 169 365 tas
187 320 342 382 equorum,
364 305 428 382 quis
451 323 543 384 seque
562 316 590 368 et
609 309 761 387 coniugem
777 308 898 372 abstulit
933 313 986 374 sed
1003 317 1129 378 coniunx

125 388 245 467 gravida
261 389 380 468 primani
400 398 555 468 utcumque
576 391 674 470 fugam
699 393 737 452 ob
754 404 859 456 metum
874 395 1009 459 hostilem
1026 407 1057 460 et
1069 419 1127 462 ma·

11 495 12 500 ¹
124 473 169 533 riti
185 473 333 533 caritatem
346 472 496 544 toleravit;
514 478 777 555 postiestinatione
787 483 934 558 eontinua,
947 483 995 542 ubi
1005 487 1130 562 quatitur

11 597 14 614 .
123 567 223 616 uterus
240 565 270 616 et
286 557 400 618 viscera
415 557 572 639 vibrantur,
589 577 676 622 orare
690 569 720 621 ut
734 571 828 623 morte
842 563 965 626 honesta
980 575 1151 634 tantuma-s

122 642 169 703 liis
187 641 363 720 captivitatis
374 641 561 704 eximeretur.
590 644 641 704 ille
655 647 748 725 prirno
771 648 907 727 amplecti
922 648 1060 712 adlevare
1078 651 1125 712 ad-

123 725 250 802 hortari,
273 725 360 786 modo
383 728 515 788 virtutem
538 728 697 808 admirans,
721 731 807 792 modo
830 733 935 794 timore
955 752 1061 813 aeger,
1089 753 1126 795 ne

123 811 186 889 quis
207 809 310 888 peliatu
331 819 492 890 poteretur.
521 821 669 893 postremo
689 815 826 876 violentia
842 818 947 877 amoris
969 826 998 878 et
1015 814 1135 879 iaeino-'
1159 840 1160 845 ¹

121 913 182 955 rum
203 911 261 954 non
283 894 363 954 rudis
385 894 538 974 destringit
559 898 696 959 aeiaaeen
717 899 953 982 vulneratamque
975 903 1068 982 ripam
1090 903 1126 963 ad

122 979 228 1039 Araxis
242 978 337 1056 trahit,
352 978 458 1042 flumini
475 979 575 1060 tradit,
597 991 627 1042 ut
644 999 751 1066 eorpus
767 985 850 1045 etiam
867 985 1044 1048 auferretur:
1061 987 1126 1066 ipse
1136 1006 1161 1049 m

121 1079 267 1144 praeeeps
289 1061 416 1124 iliberot
433 1063 469 1126 ad
489 1065 611 1144 patrium
631 1083 753 1146 regnum
768 1069 910 1147 pervadit.
941 1067 1054 1130 interim
1072 1071 1125 1132 Ze·

121 1147 236 1209 nobiam
252 1147 296 1228 (id
310 1145 422 1208 mulieri
436 1149 557 1228 nomen)
569 1151 678 1228 placida
691 1153 719 1210 in
734 1153 832 1212 eluvie
841 1153 1038 1231 spirantemao
1049 1157 1126 1215 vitae

121 1232 300 1313 manilestam
315 1231 471 1294 aduertere
485 1242 633 1312 pastores,
657 1244 687 1296 et
700 1236 840 1314 dignitate
856 1237 968 1299 iormae
982 1237 1058 1299 haud
1075 1238 1125 1299 de·

121 1334 259 1395 generem
285 1324 456 1397 reputantes
485 1316 617 1396 ohligant
645 1319 762 1398 minus,
791 1322 919 1398 agrestia
936 1320 1126 1383 medicamina

122 1399 257 1464 adhihent
277 1403 457 1480 eognitoque
480 1403 595 1461 numine
619 1411 648 1462 et
671 1421 741 1464 casu
761 1404 789 1463 in
806 1404 906 1465 urbem
923 1404 1064 1466 Artaxata
1082 1405 1158 1467 le-ra

120 1494 198 1555 runt;
217 1485 293 1548 unde
307 1485 424 1565 publiea
442 1502 509 1548 oura
526 1485 699 1548 deducta'ad
717 1485 865 1549 Tiridaten
880 1489 1059 1567 comiterque
1074 1507 1124 1548 ex·

121 1577 209 1650 eepta
224 1569 301 1650 uultu
316 1570 402 1648 regio
417 1568 585 1633 hahita-est.

180 1653 232 1714 52.
253 1651 361 1714 Fausto
383 1653 463 1714 Sulla
486 1653 584 1715 Salvio
602 1652 717 1714 Othone
739 1655 906 1716 oonsulibus
927 1655 1030 1717 Furius
1048 1656 1125 1716 Suri·

119 1739 260 1798 nonianus
280 1738 309 1797 in
332 1737 448 1798 exilium
470 1738 579 1817 agitur,
605 1739 686 1817 quasi
707 1739 791 1799 linem
808 1741 949 1820 principis
966 1758 1020 1820 per
1039 1737 1124 1801 chal-

119 1822 209 1883 daeos
224 1831 411 1884 scrutaretur.
440 1821 647 1883 adnectebatur
662 1823 771 1884 urimini
787 1824 872 1885 Vibia
887 1832 979 1884 mater
995 1825 1071 1902 eius,
1094 1833 1125 1884 ut

119 1925 204 1968 aasus
225 1907 332 1986 prioris
355 1907 435 1986 (nam
458 1907 591 1984 relegata
610 1906 688 1984 diat)
711 1909 864 1986 inpatieus.
898 1917 984 1987 pater
1005 1906 1122 1968 Soriho·

118 1993 194 2052 niani
210 1989 347 2052 Camillus
368 2003 445 2051 arma
466 2007 520 2070 per
535 1989 704 2051 Delmatiam
724 2001 872 2063 mouerat;
897 1990 987 2071 idque
1008 1991 1043 2052 ad
1066 1991 1148 2052 ele-e

118 2076 250 2137 mentium
265 2073 399 2136 trahebat
412 2073 537 2153 Caesar,
558 2075 636 2154 quod
650 2076 769 2154 stirpem
784 2075 920 2142 hostilem
936 2076 1039 2136 iterum
1056 2093 1124 2136 oon·

119 2169 261 2221 servaret.
291 2177 388 2238 neque
406 2167 500 2221 tamen
523 2159 602 2220 exuli
623 2157 712 2237 longa
730 2159 853 2238 posthae
867 2161 927 2220 vita
947 2158 1015 2220 fuit:
1030 2167 1124 2219 morte

117 2245 235 2306 fortuita
251 2261 286 2304 an
303 2260 363 2323 per·
374 2261 516 2304 venenum
534 2245 678 2304 extinctus
693 2253 787 2320 esset,
809 2245 976 2323 utquisque
992 2242 1144 2319 eredidit,-

11 2317 12 2326 ’
117 2329 289 2408 vulgavere.
325 2327 363 2388 de
381 2326 590 2388 mathematicis
612 2327 695 2390 ltalia
716 2326 860 2405 pellendis
879 2327 986 2392 laetum
1007 2334 1124 2386 senatus

119 2413 280 2473 consultum
296 2422 382 2474 atros
399 2422 428 2473 et
443 2413 565 2472 inritum.
594 2411 701 2472 laudati
716 2409 821 2471 dehine
837 2412 970 2472 oratione
982 2410 1159 2490 principissa

11 2525 13 2538 ·
119 2499 167 2577 qui
184 2497 222 2557 oh
238 2498 386 2575 angustias
400 2496 557 2558 familiares
572 2493 674 2556 ordine
690 2496 838 2556 senatorio
856 2503 962 2575 sponte
975 2493 1123 2572 oederent,

115 2583 246 2661 motique
262 2582 311 2660 qui
326 2579 502 2642 remanendo
515 2579 709 2660 inpudentiam
725 2581 888 2658 paupertati
904 2577 1064 2640 adieerent.

182 2667 233 2728 tu.
254 2662 333 2725 luter
347 2683 424 2744 quae
437 2664 529 2726 refert
543 2664 579 2725 ad
594 2672 693 2744 patres
708 2663 853 2742 dtr-poena
868 2663 1037 2723 feminarum
1049 2676 1124 2741 quae

117 2750 213 2811 servis
228 2750 490 2828 ooniuugerentur;
514 2750 720 2827 statuiturque,
746 2756 777 2808 ut
791 2749 894 2826 ignaro
912 2747 1027 2808 domino
1044 2744 1123 2807 adid

116 2834 276 2915 prolapsae
298 2834 327 2893 in
348 2834 506 2915 seruitute,
524 2833 567 2892 sin
589 2833 802 2909 eonsensiaset,
828 2847 882 2911 pro
898 2830 1012 2891 libertis
1033 2829 1122 2890 halre-

15 2951 17 2961 .
114 2927 225 2979 rentur.
256 2917 395 2995 Pallanti,
421 2934 506 2997 quem
528 2925 710 2996 repertorem
733 2916 795 2976 eius
815 2915 967 2997 relationis
991 2912 1123 2975 ediderat

116 3001 245 3079 Caesar,
268 3001 414 3080 praetoria
435 3001 560 3078 insignia
582 3009 611 3060 et
633 3001 762 3060 centiens
782 2999 998 3082 quinquagiens
1017 3003 1147 3058 aester-s

115 3087 186 3148 tium
214 3086 327 3150 eensutr
350 3085 451 3146 oonsul
478 3083 647 3164 designatus
670 3081 764 3144 Barea
789 3085 931 3146 Soranus.
952 3080 1083 3142 additum
1107 3099 1124 3142 a

116 3172 257 3250 Seiplone
273 3168 411 3231 cornelio
426 3178 527 3249 grates
542 3168 660 3249 publiea
678 3166 822 3246 agendas,
839 3167 917 3248 quod
928 3165 1052 3239 regibus
1068 3163 1139 3224 Aa·

115 3255 219 3317 oadiae
241 3263 321 3314 ortus
340 3255 525 3322 veterrimam
543 3252 722 3314 nobilitatem
740 3251 804 3312 usui
825 3249 945 3330 puhlieo
962 3257 1123 3328 postpone·

115 3349 162 3401 ret
188 3355 279 3419 seque
300 3337 376 3398 inter
400 3338 547 3398 ministros
570 3337 710 3417 principis
730 3335 833 3395 haberi
854 3335 972 3393 sineret.
1001 3330 1123 3392 adseve-

114 3424 192 3486 ravit
218 3421 355 3484 (llaudius
377 3430 542 3482 contentum
567 3421 681 3483 honore
711 3419 870 3480 Pallantem
894 3416 967 3474 intra
995 3414 1123 3494 priorem
1134 3425 1160 3470 m
