2596 3872
184 173 246 235 240
445 179 935 231 connsnnuncrrrnnuncrum

184 338 318 420 permixti
338 355 373 398 ao
394 335 529 399 libertate
539 333 640 411 ignota
654 330 723 391 illuc
735 333 824 408 magis
841 340 874 394 ut
887 333 923 394 ad
938 335 1084 396 seruitium
1105 335 1189 397 incli-

183 432 293 486 nantes.

246 509 296 570 35.
320 506 380 568 Sed
394 505 554 568 Corbuloni
569 504 634 584 plus
652 503 737 564 molis
754 502 894 564 adversus
908 503 1053 580 ignaviam
1069 502 1190 564 militum

188 613 272 673 quarn
282 602 384 654 contra
396 593 545 671 perfidiam
555 580 681 651 bostidm
694 599 770 650 erat:
784 591 893 670 quippe
905 589 988 650 Suria
1006 599 1183 651 transmotae

121 735 123 739 .
188 679 336 756 legiones,
353 695 425 757 pace
444 676 532 754 longa
549 693 675 753 segnes,
692 675 786 734 munia
801 681 972 736 castrorum
987 672 1184 734 Romanorum

190 758 1185 840 aegerrimetolerabant.satisconstititiuisseineoexercituuetera·

161 867 173 906 s
191 863 257 923 nos,
271 847 318 924 qui
327 845 558 921 nonstationom,
570 841 892 921 consigiliasinissent,
905 841 1188 920 uallumfossamque

185 932 266 1010 quasi
281 947 358 991 nova
374 939 403 990 et
420 929 491 989 mira
507 928 651 1003 viserent,
672 925 736 986 sine
751 924 862 1004 galeis,
889 926 952 986 sine
968 925 1087 1004 loricis,
1108 926 1192 987 nitidi

185 1025 214 1076 et
228 1015 413 1093 quaestuosi,
429 1013 527 1074 militia
541 1029 594 1091 per
607 1009 715 1090 oppida
731 1008 858 1089 expleta.
888 1010 975 1088 igitur
989 1010 1113 1070 dimissis
1128 1012 1190 1089 qni·

184 1099 239 1159 bus
257 1107 395 1159 senectus
415 1107 462 1158 aut
480 1095 616 1157 valetudo
640 1092 762 1154 adversa
781 1102 862 1170 erat,
887 1094 1119 1174 supplementum
1138 1111 1191 1174 pe·

185 1184 256 1244 tivit.
294 1191 324 1243 et
344 1180 434 1242 babiti
455 1199 510 1261 per
524 1178 664 1243 Galatiam
686 1176 960 1258 Cappadociamque
980 1178 1118 1257 dilectus,
1141 1178 1191 1240 ad·

151 1289 176 1331 ro
185 1268 321 1346 lectaque
338 1284 376 1326 ex
391 1265 543 1328 Germania
564 1264 645 1342 legio
662 1281 726 1325 cunr
741 1263 885 1342 equitibus
899 1263 998 1324 alariis
1015 1273 1044 1324 et
1060 1263 1191 1344 peditatu

185 1350 355 1413 cohortium.
386 1359 575 1429 retentusque
591 1349 684 1409 omnis
699 1348 846 1408 exercitus
859 1346 912 1410 sub
929 1346 1070 1429 pellibus,
1093 1365 1191 1427 quam·

183 1437 229 1496 uis
249 1436 344 1496 bieme
362 1453 451 1497 saeua
467 1433 559 1511 adeo,
580 1442 610 1493 ut
628 1432 754 1494 obducta
775 1431 873 1510 glacie
894 1432 950 1491 nisi
966 1432 1074 1493 eliossa
1088 1431 1192 1492 burnus

183 1517 323 1581 tentoriis
337 1518 434 1580 locum
455 1536 512 1580 non
533 1517 697 1598 praeberet.
740 1514 863 1577 ambusti
884 1517 1038 1578 multorum
1061 1525 1138 1577 artus
1162 1518 1192 1576 vi

184 1605 304 1681 frigoris
319 1613 348 1665 et
362 1604 479 1684 qnidam
494 1605 568 1664 inter
584 1601 723 1662 excubias
739 1601 894 1662 exanimati
912 1610 988 1662 sunt.
1025 1600 1190 1662 adnotatus·

150 1704 242 1766 usque
262 1687 363 1765 miles,
385 1689 433 1768 qui
451 1687 563 1748 fascem
583 1686 729 1764 lignorum
751 1684 904 1763 gestabat,
927 1686 966 1746 ita
992 1684 1191 1766 praeriguisse

184 1789 294 1848 manus,
310 1780 340 1832 ut
355 1773 437 1833 oneri
452 1771 645 1832 adhaerentes
659 1770 767 1831 truncis
784 1768 912 1830 brachiis
926 1768 1106 1830 deciderent.
1124 1772 1192 1849 ipse

185 1855 263 1916 cultu
277 1853 352 1932 levi,
377 1855 473 1934 capite
496 1856 622 1931 intecto,
642 1853 816 1931 inagmine,
836 1854 865 1913 in
884 1853 1033 1915 laboribus
1051 1854 1193 1933 frequens
1291 1901 1292 1904 ,

184 1938 303 2016 adesse,
319 1937 433 1998 laudem
447 1940 589 2015 strenuis,
605 1936 745 1998 solacium
760 1936 909 2018 invalidis,
924 1937 1089 2018 exemplum
1102 1939 1192 1997 omni-

184 2022 238 2083 bus
261 2021 428 2083 ostendere.
463 2021 567 2082 delrino
585 2023 650 2102 quia
671 2021 801 2082 duritiam
821 2022 896 2082 caeli
917 2022 1094 2102 militiaeque
1111 2022 1192 2082 multi

149 2105 349 2168 acabnuebant
372 2106 622 2186 deserebantque,
654 2105 811 2168 remedium
839 2107 998 2169 seueritate
1032 2108 1192 2185 quaesitum

184 2201 238 2253 est.
268 2208 331 2262 ¹neo
349 2193 442 2270 enirn,
463 2200 494 2251 ut
513 2191 541 2250 in
563 2189 628 2250 aliis
649 2190 842 2268 exercitibus,
865 2194 986 2270 primurn
1009 2190 1192 2269 alterumque

184 2275 319 2336 delictum
332 2278 418 2336 uenia
434 2273 682 2354 prosequebatur,
703 2273 757 2335 sed
772 2275 821 2355 qni
835 2276 919 2353 signa
934 2275 1111 2355 reliquerat,
1133 2283 1192 2335 sta·

183 2361 233 2420 tim
249 2359 344 2440 capite
359 2377 471 2439 poenas
491 2358 599 2420 luebat.
633 2357 721 2438 idque
735 2377 788 2420 usu
810 2359 927 2421 salubre
944 2370 974 2421 et
989 2358 1192 2420 misericordis

183 2443 285 2505 melius
301 2446 449 2525 apparuit:
465 2445 573 2525 qnippe
589 2443 744 2523 pauciores
759 2443 808 2503 illa
826 2453 921 2506 castra
933 2443 1091 2506 deseruere
1106 2461 1192 2523 mam

148 2544 174 2586 so
185 2547 219 2589 ea
237 2528 384 2607 inquibus
401 2527 617 2606 ignoscebatur.

248 2613 298 2674 36.
322 2611 439 2673 Interim
455 2611 585 2674 Corbulo
608 2611 774 2690 legionibus
795 2612 869 2672 intra
886 2621 980 2672 castra
996 2612 1117 2690 habitis,
1140 2612 1191 2674 do·
1291 2635 1292 2688 ,

183 2714 240 2757 neo
256 2713 310 2756 ver
324 2695 525 2775 adolesceret,
549 2695 759 2777 dispositisque
774 2713 829 2776 per
844 2696 968 2757 idoneos
984 2696 1069 2758 locos
1085 2696 1191 2758 cobor·

59 2836 68 2851 ,
182 2781 259 2840 tibus
271 2781 439 2858 auxiliariis,
454 2799 491 2842 ne
504 2797 630 2861 pugnam
641 2780 756 2859 priores
768 2779 907 2843 auderent
919 2781 1076 2860 praedicit:
1093 2799 1193 2842 curam
1291 2763 1292 2788 ³

185 2863 394 2945 praesidiorum
408 2865 515 2926 Paccio
532 2863 624 2926 Orfito
640 2866 723 2944 primi
746 2865 798 2945 pili
814 2864 927 2926 bonore
943 2866 1096 2945 perfuncto
1112 2884 1191 2926 man·
1291 2871 1292 2906 ³

161 2948 242 3010 sdat.
273 2950 298 3009 ls
320 2967 489 3030 quamquam
509 2951 640 3011 incautos
663 2948 805 3012 barbaros
828 2957 858 3010 et
878 2948 955 3011 bene
977 2950 1126 3029 gerendae
1147 2953 1192 3012 rei

186 3050 283 3094 casum
305 3034 404 3095 offerri
426 3035 603 3114 scripserat,
631 3041 734 3094 tenere
757 3052 789 3095 se
812 3034 992 3095 munimentis
1014 3044 1044 3096 et
1061 3038 1192 3096 maiores
1291 3051 1292 3066 ¹

185 3118 287 3198 copias
299 3119 430 3200 opperiri
443 3119 565 3180 iubetur.
591 3116 644 3178 sed
655 3126 741 3198 rupto
757 3120 895 3198 imperio,
912 3127 1066 3200 postquam
1079 3138 1192 3199 paucae

184 3221 202 3262 e
218 3203 356 3282 proximis
375 3202 504 3264 castellis
525 3213 634 3264 turmae
649 3202 827 3264 aduenerant
847 3221 1033 3284 pugnamque
1046 3205 1192 3284 imperitia

184 3286 363 3366 poscebant,
386 3303 564 3366 congressus
585 3305 650 3350 cum
669 3287 755 3348 hoste
775 3286 911 3348 funditur.
952 3299 981 3350 et
1003 3289 1106 3351 damno
1128 3289 1192 3350 eius

151 3377 175 3420 ¹⁰
185 3373 314 3431 exterriti
330 3374 378 3454 qui
391 3372 547 3434 subsidium
563 3374 643 3434 ferre
658 3371 836 3450 debuerant,
851 3391 903 3434 sua
915 3375 1038 3455 quisque
1051 3377 1080 3435 in
1095 3381 1192 3435 castra
1291 3367 1292 3394 l

184 3455 295 3532 trepida
318 3457 387 3534 iuga
410 3457 535 3519 rediere.
564 3456 641 3539 quod
663 3456 792 3536 graviter
809 3456 938 3520 Corbulo
959 3461 1074 3542 accepit
1095 3459 1191 3519 incre·
