2440 3886
114 157 155 220 ²6
202 195 205 200 -
358 166 523 216 cononum
538 165 656 215 naam
672 166 854 214 annuerunt

113 325 185 388 belli
199 325 300 401 timor,
325 341 359 384 ae
380 341 416 382 ne
438 341 496 400 pax
519 321 632 402 quidem
654 321 708 380 nisi
729 320 863 400 languida
883 329 911 382 et
931 320 1112 384 solutainter

113 409 297 473 temulentos.
343 445 346 449 -

176 495 226 556 51.
247 491 356 553 Caesar
372 491 471 551 avidas
485 489 636 568 legiones,
660 509 716 568 quo
738 489 823 551 latior
851 489 1000 569 populatio
1023 489 1111 565 ieret,

114 587 248 659 quattuor
268 577 296 635 in
319 591 428 636 cuneos
451 573 597 654 dispertit;
630 573 835 653 quinquaginta
862 572 968 640 milium
990 574 1113 651 spatium

113 665 193 725 lerro
210 660 386 738 flammisque
402 666 559 738 pervastat.
588 676 646 719 non
665 675 762 735 sexus,
777 674 836 717 non
852 666 932 718 aetas
947 657 1110 716 iniserntio·

68 788 71 794 ·
113 765 178 808 nem
196 745 303 805 attulit:
319 743 440 823 prolana
456 741 541 801 simul
555 751 585 802 et
601 759 684 803 sacra
700 750 729 802 et
741 740 960 802 celeberrimum
971 740 1029 800 illis
1040 758 1112 817 gen·

92 831 189 892 ttibus
204 827 340 908 templum
356 826 433 907 qnod
450 825 605 886 leonianae
616 824 760 888 vocabant
771 825 837 885 solo
853 833 1018 903 aequantur.
1050 825 1114 884 sine

113 915 233 975 vnlnere
249 912 363 988 milites,
382 911 429 990 qni
445 911 644 988 semisomnos,
661 910 786 970 inermos
800 917 848 970 aut
859 908 983 988 palantis
999 907 1116 969 oecide-

113 1007 185 1059 rant.
216 997 322 1057 excivit
336 1013 371 1055 ea
388 993 494 1055 caedes
508 993 675 1072 Bructeros,
693 993 859 1068 Tubantes,
881 993 1034 1072 Usipetes;
1056 990 1113 1053 sal·

112 1091 216 1160 tueque
233 1097 286 1160 per
302 1098 375 1159 quos
393 1078 533 1139 exercitui
549 1096 703 1156 regressus
719 1077 863 1138 insedere.
899 1076 976 1156 quod
993 1095 1114 1154 guarum

113 1165 178 1226 duci
194 1165 370 1242 incessitque
385 1162 479 1223 itineri
498 1171 526 1222 et
537 1162 661 1242 proelio.
680 1175 755 1242 'pars
768 1163 895 1241 equitum
906 1171 935 1222 et
946 1161 1115 1222 auxiliariae

78 1261 104 1305 to
115 1249 252 1312 cohortes
268 1247 420 1324 ducebant,
434 1263 503 1306 mox
515 1247 608 1324 prima
623 1246 719 1324 legio,
742 1255 771 1306 et
785 1245 886 1306 mediis
902 1245 1114 1324 impedimentis

33 1355 36 1361 ·
114 1335 258 1396 sinistrum
280 1332 354 1393 latus
377 1331 651 1408 unetvieensimani,
674 1329 804 1391 dextrum
828 1330 953 1410 quintani
968 1330 1114 1407 elausere,

66 1423 71 1430 '
113 1417 269 1480 vicensima
291 1415 370 1493 legio
397 1424 480 1492 terga
501 1415 638 1492 lirmavit,
663 1423 730 1496 post
753 1417 843 1475 ceteri
868 1416 1023 1476 sociorum.
1060 1414 1115 1475 sed

112 1503 230 1577 hostes,
252 1500 347 1560 donee
362 1517 466 1576 agmen
482 1517 535 1578 per
559 1499 648 1560 saltus
664 1501 879 1578 porrigeretur,
901 1499 1023 1576 immoti,
1047 1498 1115 1560 dein

113 1587 204 1647 latera
220 1593 249 1644 et
266 1581 518 1644 irontemmodice
534 1581 726 1661 adsultantes,
747 1591 807 1645 tota
831 1583 860 1641 vi
881 1585 1056 1643 novissimos
1072 1583 1114 1642 in-

72 1682 104 1725 oe
114 1687 241 1731 currere.
272 1666 517 1745 turbabanturque
540 1665 637 1728 densis
655 1667 862 1729 Germanorum
883 1667 1007 1728 catervis
1029 1667 1114 1728 leves

114 1753 262 1829 cohortes,
283 1769 346 1811 cum
362 1749 470 1812 (laesor
489 1750 627 1812 advectus
640 1751 676 1813 ad
690 1752 903 1812 vicensimanos
918 1768 992 1811 voce
1007 1768 1114 1828 magna

113 1838 170 1899 boe
186 1835 256 1896 illud
277 1844 389 1914 tempus
413 1833 610 1896 obliterandae
632 1835 780 1897 seditionis
805 1833 982 1896 clamitabat:
1004 1853 1111 1914 perge·

113 1929 186 1998 rent,
202 1928 394 1999 properarent
411 1918 524 1998 culpam
538 1921 567 1979 in
584 1919 673 1980 decus
687 1928 814 1980 vertere.
850 1937 987 1980 exarsere
1011 1920 1111 1980 animis
1128 1937 1131 1944 ·

112 2021 227 2084 unoque
242 2003 350 2083 irnpetu
364 2011 531 2082 perruptum
546 2003 659 2064 hostem
674 2002 807 2081 redigunt
821 2003 962 2082 inaperta
976 2002 1114 2064 caedunt-

78 2096 183 2169 2⁰que:
200 2086 282 2147 simul
307 2088 389 2166 primi
418 2088 539 2164 agminis
570 2089 673 2166 copiae
701 2105 824 2148 evasere
846 2087 934 2147 silvas
956 2097 1113 2168 castraque

113 2174 334 2232 communivere.
367 2171 491 2251 quietum
514 2171 580 2231 inde
601 2173 674 2248 iter,
702 2170 852 2250 lidensque
881 2170 1048 2232 recentibus
1077 2191 1112 2234 ac

113 2257 240 2336 priorum
255 2255 362 2316 oblitus
377 2255 460 2316 miles
476 2257 504 2315 iu
520 2255 647 2316 bibernis
663 2256 784 2316 locatur.

174 2339 225 2420 52.
244 2337 377 2400 Nuntiata
392 2357 427 2399 ea
442 2337 587 2400 Tiberium
600 2340 708 2401 laetitia
727 2357 854 2418 curaque
871 2341 1023 2401 adiecere:
1039 2359 1110 2416 gau-

93 2423 198 2486 ·debat
212 2441 384 2504 oppressam
395 2422 583 2509 seditionem,
600 2422 652 2484 sed
667 2423 745 2504 quod
760 2422 918 2502 largiendis
935 2425 1064 2504 pecuniis
1079 2434 1110 2484 et
1165 2431 1169 2436 “

110 2508 247 2568 missione
263 2506 539 2571 festinataleaorem
556 2507 675 2569 militum
690 2508 898 2588 quaesivisset,
915 2509 1022 2569 bellica
1038 2525 1109 2586 quo·

111 2609 168 2670 quc
182 2589 343 2653 Germanici
359 2589 453 2668 gloria
471 2591 639 2668 angebatur.
674 2590 784 2654 rettulit
806 2600 902 2653 tamen
924 2593 959 2653 ad
981 2601 1112 2654 senatum

84 2674 145 2736 ede
159 2674 248 2736 rebus
262 2674 354 2751 gestis
375 2673 521 2754 multaque
541 2675 577 2736 de
598 2675 703 2736 virtute
726 2677 787 2736 eius
810 2678 994 2754 memoravit,
1017 2678 1112 2754 magis

110 2760 138 2817 in
154 2759 283 2838 speciem
298 2757 397 2818 verbis
412 2756 549 2821 adornata
563 2777 647 2840 quam
662 2769 691 2820 ut
706 2761 821 2839 penitus
844 2762 952 2822 sentire
975 2760 1112 2822 eredere·

108 2851 163 2901 tur.
189 2841 375 2921 paucioribus
389 2841 512 2902 Drusum
530 2853 558 2904 et
575 2845 660 2905 linem
673 2842 781 2920 lllyrici
796 2853 890 2905 motus
905 2844 1041 2922 laudavit,
1059 2845 1113 2906 sed

108 2924 245 2986 intentior
270 2933 298 2985 at
325 2925 380 2986 lida
401 2927 543 2991 oratione.
580 2937 741 3007 cuncteque
763 2946 837 3007 quae
860 2928 1045 2990 Germaniano
1069 2930 1113 2990 in-

110 3007 248 3085 dulserat,
266 3010 393 3071 servavit
407 3010 492 3072 etiam
507 3011 582 3092 apud
598 3011 780 3074 Pannonicos
797 3013 954 3074 exercitus.

171 3092 222 3154 53.
244 3091 356 3153 Eodem
374 3111 448 3155 anno
463 3093 535 3157 lulia
552 3114 715 3174 supremum
734 3097 808 3157 diem
825 3095 909 3175 obiit,
933 3096 970 3156 ob
989 3095 1112 3176 impudi-

110 3175 204 3235 citiam
220 3176 319 3238 olima
340 3187 423 3256 patre
437 3178 571 3257 Augusto
586 3179 755 3242 Pandateria
777 3181 886 3259 insula,
908 3199 977 3242 mox
999 3180 1110 3260 oppido

108 3257 300 3339 Reginorum,
317 3262 366 3339 qui
381 3263 507 3323 Siculum
529 3264 632 3324 fretum
647 3265 799 3344 accolunt,
823 3265 931 3327 clausa.
963 3267 1057 3326 lucrat
1080 3263 1110 3324 in

109 3343 288 3406 matrimonio
314 3343 421 3406 'liberii
451 3347 620 3410 florentibus
647 3348 718 3411 Gaio
756 3359 785 3410 et
812 3349 901 3411 Lucio
934 3348 1110 3412 Caesaribus

85 3437 319 3507 aspreveratque
336 3439 364 3490 ut
379 3431 524 3508 inparem
546 3450 601 3494 nec
622 3434 678 3495 alia
698 3441 755 3494 tam
776 3433 872 3496 intima
887 3433 1003 3496 'liberio
1021 3449 1108 3493 cause
1217 3505 1218 3508 Ἴ
