2570 3878
425 155 532 204 nruue
547 157 595 206 xr.
614 157 690 206 our.
703 156 817 211 tte-ro.
1069 146 1130 212 183

5 315 7 338 ³
36 311 41 320 '
113 314 158 375 ira
177 311 273 390 magis
294 329 378 391 quam
400 330 438 372 ex
458 329 511 372 usu
533 314 681 391 praesenti
697 332 856 392 accensus,
880 315 1035 396 inplicatur
1050 314 1130 375 ohsi-

5 405 6 438 ³
113 399 204 459 dione
225 396 305 457 urhis
320 396 435 456 validae
455 405 483 456 et
503 399 684 458 munimentis
706 395 814 458 obiecti
836 401 925 458 amuis
941 417 1081 479 muroque
1099 409 1130 460 et

115 480 327 543 commeatibus
348 481 488 540 llrmatae.
515 482 629 540 interim
650 481 792 542 Gotarzes
808 481 953 544 Daharum
976 483 1165 558 Hyrcano-12

115 583 237 644 rumque
259 563 365 644 opihus
381 573 481 625 auctus
496 563 603 624 bellum
620 573 758 642 renovat,
782 575 958 646 coactusque
974 567 1130 628 Vardanes

116 653 252 711 omittere
268 649 434 709 Seleuciam
450 647 622 710 Bactrianos
638 650 714 729 apud
730 667 849 730 campos
865 662 961 712 castra
979 651 1110 712 contulit.

177 735 208 795 9.
228 732 310 793 Tunc
327 732 473 794 distractis
488 734 610 794 orientis
625 732 735 794 ririhus
757 743 786 794 et
808 751 932 813 quonam
954 737 1129 796 inclinarent

115 818 252 894 incertis,
273 833 359 877 casus
377 816 533 878 Mithridati
548 816 630 878 datus
652 827 698 879 eet
712 820 875 898 occupandi
890 819 1073 896 Armeniam,
1098 821 1130 878 vi
1201 869 1204 878 .

115 903 213 963 militis
236 901 358 962 Romani
381 900 416 962 ad
437 900 618 962 excindenda
642 903 829 964 castellorum
850 904 952 982 ardua,
977 904 1059 964 simul
1079 903 1128 962 Hi·

117 989 189 1048 hero
209 987 341 1046 exercitu
357 1001 478 1066 cumpca
492 986 683 1065 persultante.
712 1005 767 1047 nec
783 989 858 1048 enim
873 991 1009 1049 restitere
1025 988 1127 1048 Arme·

115 1072 166 1148 nii,
182 1071 254 1130 iuso.
266 1071 316 1148 qui
330 1070 474 1149 proelium
489 1087 577 1130 ausus
595 1079 659 1132 erat
670 1070 851 1132 Demonacte
870 1072 1036 1153 praelecto.
1055 1090 1153 1152 poue

115 1155 206 1216 lulum
222 1154 414 1216 cunctationis
430 1153 524 1214 attulit
538 1172 592 1215 rex
607 1155 728 1216 minoris
740 1154 896 1216 Armeniae
911 1156 1013 1234 Cotys,
1030 1157 1128 1217 versis

116 1240 187 1302 illuc
203 1236 373 1318 quibusdam
389 1253 559 1318 procerum:
576 1239 644 1298 dein
661 1238 753 1299 literis
769 1238 906 1301 Caesaris
923 1241 1079 1318 coercitus,
1098 1247 1128 1298 et

117 1331 222 1384 cuncta
246 1322 275 1380 in
295 1321 479 1384 Mithridaten
499 1321 626 1400 huxere,
651 1340 820 1402 quamquam
845 1325 1020 1384 atrociorem
1043 1341 1128 1403 quam

116 1423 195 1468 novo
217 1422 311 1484 regno
333 1405 523 1470 conduceret.
552 1415 581 1465 at
595 1406 692 1466 Parthi
712 1407 906 1485 imperatores
921 1426 984 1468 cum
1001 1415 1129 1486 pugnam

115 1499 262 1571 pararent,
278 1489 382 1550 foedus
395 1489 645 1569 repente'laciunt
661 1491 786 1568 cognitis
803 1491 985 1571 popularium
1003 1492 1125 1568 insidiis,
1138 1515 1164 1556 ro

116 1593 190 1655 quas
200 1574 342 1636 Gotarzes
354 1573 435 1635 iratri
449 1572 603 1654 praefecte
618 1574 829 1653 congressique
842 1576 936 1654 primo
946 1583 1128 1652 cunctanter,

116 1661 184 1722 dein
210 1657 356 1737 compleri
372 1658 491 1719 dextras
512 1658 589 1736 apud
611 1657 711 1718 altaria
732 1657 817 1720 deum
834 1660 980 1738 pepigere
995 1657 1129 1720 fraudem

116 1745 297 1804 inimicorum
318 1742 421 1803 ulcisci
444 1750 530 1821 atque
551 1741 607 1820 ipsi
621 1743 696 1802 inter
717 1743 943 1804 reconcedere.
969 1743 1128 1824 potiorque

115 1827 270 1889 Vardanes
285 1827 364 1887 risus
378 1826 531 1887 retinendo
548 1842 657 1905 regno:
674 1834 703 1902 at
719 1825 878 1905 Gotarzes,
894 1828 1014 1909 nequid
1030 1845 1127 1890 aemu-

5 1941 6 1962 κ
116 1911 235 1973 lationis
258 1912 429 1989 exsisteret,
453 1910 569 1989 penitus
585 1911 614 1971 in
629 1909 802 1986 Hyrcaniam
818 1912 897 1977 abiit.
924 1929 1166 1992 regressoqueaa

119 1995 245 2058 Vardani
261 1993 375 2055 deditur
389 1994 525 2054 Seleucia
540 1995 665 2073 septimo
680 2005 748 2074 post
759 1996 955 2058 deiectionem
969 1999 1054 2075 auno,
1068 2013 1128 2057 nou
1216 2047 1221 2058 ,

115 2081 180 2140 sine
195 2079 345 2139 dedecore
360 2077 548 2156 Parthorum,
567 2095 642 2159 quos
657 2097 712 2140 una
734 2080 837 2141 ciuitas
852 2089 909 2141 tam
924 2082 972 2142 diu
987 2081 1126 2142 eluserat.

181 2159 229 2223 10.
247 2161 331 2223 Exim
349 2162 543 2234 validissimas
558 2163 757 2243 praefecturas
773 2166 886 2236 invisit;
910 2174 940 2226 et
954 2167 1129 2243 reciperare

117 2247 284 2308 Armenium
306 2247 426 2327 avehat,
450 2249 480 2309 ui
501 2263 518 2306 a
537 2247 625 2308 Vihio
640 2247 747 2326 hlarso,
763 2248 865 2310 Suriae
882 2249 1000 2327 legato,
1018 2247 1128 2308 bellom

115 2334 263 2392 minitante
286 2332 429 2392 cohibitus
450 2331 536 2392 ioret.
561 2339 646 2410 atque
663 2333 777 2392 interim
790 2331 931 2394 Gotarzes
948 2333 1127 2412 paenitentia

117 2417 254 2478 concessi
268 2417 353 2494 regni
374 2425 404 2476 et
421 2425 546 2477 vocante
562 2415 731 2493 nobilitate,
754 2417 799 2477 cui
814 2419 843 2478 in
859 2414 933 2496 p'ace
951 2417 1049 2477 durius
1064 2433 1128 2476 ser·
1194 2444 1197 2450 ·

115 2503 216 2561 vitium
238 2508 298 2578 eet,
317 2500 461 2562 contrahit
477 2500 588 2580 copias.
617 2509 646 2560 et
667 2500 735 2561 huic
750 2510 851 2562 contra
868 2502 936 2562 itum
955 2501 991 2562 ad
1013 2518 1152 2566 amoenas
1211 2525 1214 2532 ’

116 2584 262 2656 Erindeu3
281 2586 309 2644 in
327 2585 408 2645 cuius
423 2593 610 2662 transgressu
633 2585 750 2646 multum
771 2594 884 2646 certato
908 2587 1034 2666 pervicit
1053 2587 1128 2646 Var-

115 2669 224 2746 danes,
247 2671 458 2752 prosperisque
480 2669 602 2749 prooliis
615 2670 725 2730 medias
740 2671 874 2731 nationes
892 2670 1009 2748 subegit
1024 2669 1061 2731 ad
1075 2670 1128 2731 llu-

115 2772 183 2813 meu
205 2752 332 2830 Sinden,
356 2753 435 2834 quod
456 2751 555 2814 Dahas
575 2753 724 2834 Ariosque
744 2754 933 2816 disterminat.
963 2755 1003 2814 ihi
1024 2754 1127 2816 modus

115 2844 206 2899 rehus
226 2837 362 2898 secundis
379 2838 508 2918 positus:
528 2853 593 2897 nam
608 2837 704 2898 Parthi
727 2856 898 2918 quamquam
918 2840 1048 2900 victores
1063 2839 1126 2900 lou·

113 2923 255 3002 giuquaur
265 2921 392 2984 militiam
406 2921 645 3003 aspemahantun.
665 2922 752 3000 igitur
764 2924 921 2984 exstructis
932 2925 1124 3001 monimentis,
1136 2947 1165 2988 so

112 3004 222 3085 quibus
244 3022 319 3084 opes
340 3023 407 3066 snas
427 3005 588 3067 testabatur
605 3023 660 3066 nec
679 3008 810 3087 cuiquem
833 3017 899 3070 aute
920 3008 1128 3070 Arsacidarum

115 3089 222 3150 trihuta
239 3088 297 3149 illis
312 3089 349 3151 de
364 3089 500 3167 gentihus
517 3097 609 3169 parta,
625 3090 791 3168 regreditur
806 3091 910 3170 lugens
925 3093 1020 3171 gloria
1038 3101 1127 3172 atque

115 3190 155 3233 eo
170 3171 302 3234 ferocior
316 3183 346 3235 et
359 3175 498 3236 subiectis
511 3174 728 3243 intolerantior;
745 3177 793 3254 qni
806 3176 876 3238 dolo
888 3187 956 3238 ante
967 3177 1126 3256 conposito

116 3259 261 3318 incautum
275 3260 482 3339 venationique
496 3259 635 3320 intentum
649 3259 843 3338 interfecere,
860 3264 980 3341 primam
998 3264 1073 3322 iutra
1085 3263 1128 3321 iu·

116 3349 242 3420 rentem,
260 3341 313 3402 sed
327 3342 497 3404 claritudine
509 3359 621 3422 paucos
635 3343 710 3403 inter
719 3341 822 3405 senum
835 3362 949 3421 regum,
966 3345 990 3404 si
1001 3342 1124 3422 perinde
1135 3364 1163 3406 ss

117 3441 246 3486 amorem
268 3428 344 3488 inter
365 3428 525 3510 populares
548 3444 632 3508 quam
655 3435 761 3488 metum
787 3428 863 3507 apud
887 3427 988 3486 hostes
1010 3426 1124 3504 quaesi-
