2570 3878
14 367 15 370 ’
126 363 303 426 novissimae
317 361 379 422 init.
649 385 651 390 ·

459 121 529 170 nus.
541 123 589 170 xr.
607 123 683 175 cen.
696 121 793 179 1-6.
1071 117 1129 184 181

111 278 200 364 xcitas
215 275 349 343 arborum
363 291 476 358 vapore
491 279 568 357 ignis
581 281 773 347 rninneretur:
789 284 895 341 tantum
909 281 951 343 illi
966 285 1131 349 securitatis

707 415 713 424 .
873 391 878 400 ·
922 397 925 402 ’
1140 393 1165 436 rs

186 446 217 507 4.
237 445 388 513 Vocantur
408 455 476 527 post
495 447 570 510 baec
585 458 702 530 patres,
718 451 873 531 pergitque
888 448 1006 514 Suillius
1021 453 1131 516 addere

126 543 195 593 reos
211 531 325 610 equites
339 529 486 593 Romanos
501 533 655 611 inlustres,
672 531 779 616 qulbus
794 535 881 596 Petra
896 549 1129 614 cognomentum.

48 665 52 672 .
125 625 155 676 at
172 631 260 676 cansa
279 615 361 675 necis
378 629 416 676 ex
432 631 488 695 eo,
511 615 589 696 qnod
604 619 718 680 domam
737 631 817 678 suam
831 617 988 682 Mnesteris
1003 630 1033 683 et
1052 617 1130 702 Pop·

125 717 221 780 paese
243 697 452 777 congressibus
475 700 687 782 praebuissent.
719 717 820 765 verunr
840 710 1002 766 noeturnae
1024 707 1130 786 quietis

125 784 245 865 species
260 782 345 845 alteri
360 781 487 862 obiecta,
501 792 644 866 tamquam
657 783 780 847 vidisset
795 785 945 848 Claudium
961 789 1063 870 spicea
1080 802 1152 855 cos

124 885 198 933 rona
213 869 369 947 evinctum,
387 869 476 950 spicis
490 872 570 944 retro
588 871 755 949 conversis,
778 887 870 951 eaque
887 874 1012 950 imagine
1033 875 1130 952 gravi·

14 981 16 1050 3
123 950 564 1030 tatemanuonaepraedixisset.
578 953 1129 1032 quidampampineamcoronernalben·
1256 983 1261 988 ·

124 1035 200 1097 dbds
214 1033 295 1102 foliis
309 1035 401 1094 visam
418 1044 504 1115 atque
518 1037 557 1097 ita
570 1035 790 1118 interpretatum
806 1038 962 1108 tradidere,
986 1051 1131 1120 vergente

124 1127 259 1181 autumno
274 1126 397 1180 mortem
412 1121 553 1200 principis
565 1122 688 1183 ostendi.
715 1120 786 1182 illud
796 1121 872 1183 band
882 1123 1046 1205 ambigitur,
1062 1141 1129 1206 qun·

122 1205 268 1283 licumque
282 1204 424 1264 insomnio
439 1205 495 1284 ipsi
516 1205 657 1286 fratrique
672 1207 833 1286 perniciem
857 1205 989 1268 adlatam.
1022 1217 1128 1270 sester·
1141 1234 1164 1274 rc

123 1291 199 1362 tium
208 1287 397 1367 quindeciens
413 1297 443 1348 et
463 1291 588 1366 insignia
603 1300 757 1370 praeturae
774 1287 909 1369 Crispino
926 1291 1055 1352 decreta.
1081 1293 1129 1353 ed·

123 1374 194 1434 iecit
214 1368 352 1434 Vitellius
368 1375 532 1434 sestertium
553 1375 673 1434 deciens
688 1371 821 1452 Sosibio,
845 1373 922 1454 qnod
937 1369 1131 1436 Britannicum

123 1457 311 1540 praeceptis,
335 1453 485 1518 Claudium
510 1457 640 1518 consiliis
664 1459 786 1517 iuraret.
817 1465 938 1535 rogatus
960 1461 1131 1520 sententiam

123 1549 154 1602 et
169 1537 282 1619 Scipio,
306 1541 390 1602 ‘cum
403 1539 496 1601 idem’
512 1541 603 1622 inqnit
623 1539 672 1602 ‘de
687 1540 821 1600 admissis
834 1541 993 1620 Poppaeae
1009 1543 1130 1605 sentiam

124 1622 204 1705 quod
220 1640 338 1701 omnes,
363 1633 461 1704 putate
484 1642 530 1684 me
551 1624 627 1685 idem
645 1624 747 1685 dicere
763 1623 840 1704 quod
855 1626 980 1704 omnes,’
1002 1626 1130 1704 eleganti
1139 1655 1164 1696 η

122 1717 352 1790 temperamento
372 1709 448 1769 iuter
471 1708 655 1788 coniugalem
682 1725 811 1769 amorem
833 1717 863 1769 et
882 1711 1058 1771 senatoriam
1079 1727 1129 1772 ne

123 1795 300 1855 cessitatem.

183 1879 214 1938 5.
237 1873 397 1936 Continuus
410 1875 477 1938 inde
493 1887 522 1938 et
540 1889 646 1939 saevus
660 1876 831 1938 accusandis
847 1879 906 1938 reis
924 1875 1044 1940 Suillius
1059 1880 1128 1941 mul·
1188 1875 1199 1898 ⁸

122 1964 205 2043 tique
223 1956 364 2022 audaciae
385 1959 447 2024 eius
471 1962 590 2032 aemnli;
613 1979 678 2022 nam
695 1969 799 2023 cuncta
819 1961 917 2039 legum
934 1967 963 2022 et
978 1957 1128 2042 magistra-
1166 1984 1168 1988 ·

91 2075 97 2086 ·
122 2057 200 2108 tuum
222 2045 316 2106 munia
336 2045 366 2104 in
389 2061 422 2106 se
444 2045 561 2114 trahens
575 2044 714 2124 princeps
734 2046 882 2106 materiam
905 2046 1065 2124 praedandi
1079 2063 1129 2126 pa·

121 2131 276 2192 teiecerat.
316 2143 373 2190 nec
399 2131 550 2210 quicquam
571 2128 710 2209 publicae
735 2129 842 2190 mercis
867 2138 924 2189 tam
948 2127 1053 2192 venale
1077 2132 1131 2191 init

123 2233 209 2296 mam
216 2215 431 2274 advocatorum
445 2213 583 2295 perfidia,
604 2211 680 2274 adeo
701 2221 733 2274 ut
748 2213 877 2293 Samius,
899 2212 1024 2292 insignis
1038 2231 1151 2293 equess

121 2299 286 2376 Romanus,
309 2297 527 2377 quadringentis
547 2315 725 2359 nummorum
743 2297 858 2358 milibus
880 2297 983 2358 Suillio
1004 2298 1079 2384 detis
1101 2307 1130 2358 et

124 2385 242 2464 cognita
258 2383 510 2462 praevaricatione
524 2382 605 2444 ferro
620 2384 650 2442 in
669 2381 755 2443 donno
774 2383 837 2442 eius
852 2381 1024 2443 incubuerit.
1042 2382 1130 2460 igitur

122 2469 282 2546 incipiente
303 2463 337 2526 G.
355 2467 427 2528 Silio
453 2468 573 2528 consule
594 2464 761 2546 designato,
786 2463 867 2526 cuius
889 2465 927 2526 de
948 2467 1078 2547 potentia
1101 2472 1131 2527 et

123 2552 213 2616 exitio
233 2551 416 2632 intempore
438 2550 621 2630 memorabo,
650 2557 830 2628 consurgunt
851 2559 951 2629 patres
972 2549 1130 2629 legemque

123 2637 253 2700 Cinciam
268 2633 411 2716 flagitant,
427 2652 483 2716 qua
498 2643 617 2698 cavetur
631 2635 801 2715 antiquitus,
821 2649 858 2694 ue
874 2634 938 2714 quis
953 2633 991 2694 ob
1014 2649 1129 2703 causam
1139 2654 1164 2696 ro

123 2720 263 2785 orandam
278 2721 431 2800 pecuniam
446 2720 590 2781 donumve
604 2720 738 2800 accipiat.

132 2823 135 2834 ’
188 2805 218 2868 6.
240 2799 353 2866 Deinde
371 2803 608 2884 obstrepentibus
622 2803 670 2883 iis,
686 2803 789 2883 quibus
806 2818 841 2863 ea
857 2802 1031 2864 contumelia
1044 2817 1128 2883 para

120 2893 222 2968 batur,
240 2889 353 2952 discors
367 2887 470 2950 Suillio
486 2888 573 2950 Silius
588 2889 694 2950 acriter
714 2885 858 2965 incubuit,
880 2894 1011 2948 veterum
1028 2895 1128 2950 orato-

121 2993 186 3039 rum
201 2973 338 3056 exempla
352 2973 502 3052 referens,
525 2974 574 3056 qui
593 2969 698 3034 famam
718 2980 747 3033 et
760 2980 899 3053 posteros
922 2972 1051 3052 praemis
1067 2971 1128 3035 elo·

122 3059 261 3143 quentiae
289 3056 507 3137 cogitavissent.
539 3054 761 3138 pulcherrimam
785 3055 913 3136 alioquin
939 3065 968 3116 et
987 3048 1129 3117 bonarum

121 3145 226 3208 artium
247 3143 407 3224 principem
428 3139 552 3204 sordidis
573 3138 737 3204 ministeriis
759 3138 885 3212 foedari3
908 3157 946 3200 ne
963 3135 1050 3202 idem
1066 3139 1154 3217 qui-e

123 3229 191 3292 deur
205 3231 349 3308 integram
362 3241 497 3306 manere,
517 3223 568 3288 ubi
588 3223 755 3305 magnitudo
776 3233 945 3304 quaestuum
964 3227 1126 3301 spectetur.

124 3311 230 3396 quodsi
245 3315 275 3375 in
288 3312 397 3374 nullius
411 3311 577 3372 mercedem
591 3313 711 3388 negotia
725 3315 856 3389 egerim,
882 3305 1022 3387 pauciora
1044 3304 1126 3364 fore:

123 3417 200 3460 nunc
214 3395 388 3476 iuimicitias,
404 3395 619 3474 accusationes,
634 3391 699 3454 odia
716 3403 745 3454 et
762 3391 881 3452 iniurias
892 3386 1008 3464 foveri,
1025 3395 1056 3447 ut
1069 3403 1128 3465 quo
