2570 3878
344 90 349 94 ⁴
445 139 622 186 urenexn.
636 139 843 194 one.eo—35.
1083 132 1145 198 209

141 297 271 374 veniret,
296 294 411 356 colonia
426 293 652 356 Camulodunum
668 295 762 358 valida
779 305 981 358 veteranorum
996 316 1079 359 manu
1095 300 1143 361 de,-

138 381 253 444 ducitur
267 381 296 440 in
306 397 399 458 agros
417 381 567 458 captivos,
584 379 895 470 subsidianadversns
909 380 1038 442 rebelles
1060 391 1089 444 et
1102 385 1143 443 in·

139 464 261 528 buendis
277 465 366 526 sociis
386 463 422 524 ad
437 461 535 526 officia
552 464 658 542 legum.

201 550 253 612 33.
277 548 350 608 lturn
367 543 432 610 iude
455 549 484 607 in
505 548 632 626 Siluras,
655 565 743 628 super
764 550 911 628 propriam
928 549 1069 614 ferociam
1090 550 1143 613 fla·

138 635 230 697 rataci
248 632 515 708 uiribusconftsos,
536 651 619 711 quem
633 633 722 694 multa
739 633 881 711 ambigua,
896 633 984 695 multa
1000 652 1142 714 prospera

137 717 314 795 extulerant,
334 725 364 778 ut
381 725 499 778 ceteros
513 715 715 778 Britannorum
730 719 923 797 imperatores
939 719 1142 796 praemineret.

138 802 274 863 sedtum
300 809 363 862 astu
390 800 521 862 locorum
557 801 658 863 fraude
693 801 788 880 prior,
814 803 842 861 vi
868 799 987 862 rnilitum
1013 801 1143 882 inferior,

139 886 277 948 transfert
294 885 402 946 bellum
417 886 446 944 iu
465 884 638 963 Ordouicas,
654 885 815 965 additisque
833 887 881 964 qui
898 905 1000 966 pacem
1015 895 1167 948 nostrams

138 970 316 1046 metuebant,
333 970 521 1031 nouissimum
537 987 633 1032 casum
651 969 811 1050 experitur,
829 979 944 1050 sumpto
956 969 991 1031 ad
1003 970 1145 1050 proelium

138 1057 222 1132 loco,
247 1062 277 1115 ut
291 1052 400 1131 aditus,
416 1053 591 1132 abscessus,
614 1063 717 1116 cuncta
730 1053 814 1116 uobis
829 1055 983 1134 inportuna
998 1063 1028 1114 et
1041 1057 1100 1114 suis
1116 1057 1144 1115 in

136 1140 240 1200 melius
256 1147 368 1217 essent,
389 1137 458 1198 bino
472 1137 616 1200 montibus
631 1138 742 1216 arduis,
767 1147 796 1198 ct
810 1139 834 1197 si
851 1154 906 1218 qua
923 1139 1082 1199 clementer
1097 1157 1143 1200 ac·

138 1223 371 1304 competerent,
394 1223 423 1284 ia
443 1221 558 1283 modum
579 1222 649 1284 valli
673 1239 743 1284 sana
760 1223 924 1303 praestruit.
959 1231 987 1284 et
1002 1222 1143 1302 praeduc-

136 1308 186 1369 bat
206 1308 298 1370 amnis
320 1307 395 1368 redo
418 1308 547 1386 incerto,
579 1316 774 1385 catervaeque
797 1314 968 1366 armatorum
986 1323 1040 1386 pro
1054 1307 1142 1368 muni«
1157 1326 1177 1366 ιι

137 1393 244 1454 mentis
260 1393 459 1452 constiterant.

195 1476 248 1537 34.
269 1474 317 1536 dd
334 1475 393 1536 lroo
408 1477 538 1553 gentium
555 1475 691 1536 ductores
710 1474 872 1552 circumire,
887 1473 1014 1550 hortari,
1031 1475 1143 1535 firmare

137 1563 251 1622 animos
266 1559 420 1621 minuendo
438 1568 525 1636 metu,
543 1557 730 1628 accendenda
745 1577 800 1638 spe
815 1558 938 1638 aliisque
959 1557 1029 1618 belli
1043 1559 1142 1620 incita·

135 1645 256 1706 meotis:
286 1644 435 1704 enbnuero
460 1642 620 1704 Caratacus
641 1642 789 1704 buc‘illuc
810 1643 935 1704 volitans
957 1641 1035 1702 illum
1057 1641 1143 1721 diem,

135 1728 213 1790 illam
235 1728 329 1788 aciem
352 1727 513 1790 testabatur
535 1736 583 1788 aut
602 1726 813 1807 reciperandae
828 1726 971 1788 libertatis
990 1735 1039 1788 aut
1053 1729 1144 1786 servi·

135 1815 205 1873 tutis
222 1820 361 1874 aeternae
378 1813 488 1872 initium
502 1813 582 1881 fore;
599 1810 783 1891 vocabatque
799 1813 913 1872 nomina
928 1811 1079 1888 maiorum,
1095 1812 1167 1890 quis

134 1897 309 1957 dictatorem
325 1893 484 1957 Gaesarem
501 1896 693 1976 pepulissent,
710 1913 831 1975 quorum
846 1896 951 1956 virtute
965 1897 1049 1955 vacui
1064 1915 1082 1956 a
1097 1913 1142 1956 se-

136 1980 254 2041 curibus
271 1989 302 2040 et
317 1979 432 2040 tributis
444 1982 614 2040 intemerata
633 1981 788 2058 coniugum
802 1989 833 2040 et
848 1979 1004 2040 liberorum
1018 1997 1143 2060 corpora

135 2066 304 2126 retinerent.
333 2063 409 2124 baec
424 2073 512 2143 atque
528 2063 596 2124 talia
614 2063 720 2124 dicenti
737 2063 907 2144 adstrepere
925 2064 1046 2142 vulgus,
1072 2082 1142 2141 gen·

135 2149 178 2210 tili
202 2149 326 2228 quisque
351 2148 496 2226 religione
519 2146 677 2226 obstringi,
703 2165 761 2208 nou
784 2147 867 2224 telis,
895 2165 953 2210 non
976 2147 1142 2208 volueribus

135 2246 284 2294 cessuras.
1153 2247 1178 2289 ro

185 2317 248 2379 —35.
280 2315 487 2395 Obstupefecit
509 2333 545 2376 ea
568 2316 703 2376 alacritas
731 2317 834 2376 ducem
860 2317 1034 2385 Romanum
1061 2317 1142 2376 simul

133 2400 270 2462 obiectus
293 2401 403 2478 aronis,
425 2399 551 2460 additum
568 2399 687 2477 vallum,
710 2400 874 2460 inminentia
895 2401 977 2478 iuga,
1000 2399 1069 2460 nibil
1089 2402 1143 2462 uisi

134 2493 222 2546 atrox
237 2493 266 2546 et
283 2483 554 2565 propugnatoribus
570 2483 709 2563 frequens
726 2482 864 2545 terrebat.
896 2483 948 2546 sed
959 2484 1043 2544 miles
1052 2503 1142 2567 proe-

132 2571 203 2632 lium
227 2584 372 2648 poscere,
397 2578 501 2630 cuneta
519 2570 627 2628 virtute,
648 2567 853 2648 expugnabilia
870 2569 1032 2638 clamitare;
1060 2588 1142 2649 prae-

132 2654 265 2734 fectique
280 2659 311 2714 et
325 2653 431 2714 tribuni
447 2653 530 2733 paria
544 2651 722 2712 disserentes
740 2653 876 2714 ardorem
890 2645 1037 2714 exercitus
1052 2655 1167 2714 futen-s

132 2737 252 2798 debant.
272 2745 331 2798 tum
340 2737 723 2816 Ostorius,‚circumspectis
735 2755 810 2816 quae
820 2736 1042 2817 inpenetrabilia
1056 2755 1142 2816 quae·

132 2840 192 2902 que
210 2822 328 2901 peruia,
344 2821 421 2883 ducit
437 2821 570 2882 infensos
585 2839 758 2900 amnemque
773 2821 849 2882 baud
864 2820 1020 2882 difficulter
1036 2821 1140 2882 eradit.
1247 2855 1250 2860 ,

131 2905 183 2968 ubi
206 2915 321 2968 ventum
344 2905 379 2968 ad
401 2921 560 2983 aggerem,
594 2906 659 2966 doru
685 2904 841 2966 missilibus
869 2902 1048 2983 certabatur,
1078 2906 1142 2984 plus

131 2990 285 3058 vulnerum
305 2992 334 3052 in
357 3007 411 3052 nos
428 2999 458 3050 et
473 2989 633 3070 pleraeque
656 2990 762 3052 caedes
784 2989 966 3052 oriebantur:
991 2999 1143 3070 postquam

131 3077 211 3137 faeta
224 3075 368 3136 testudine
379 3073 467 3135 rudes
479 3083 508 3134 et
519 3074 659 3136 informes
670 3091 807 3136 saxorum
821 3093 973 3155 conpages
986 3075 1141 3136 distractae
1152 3087 1177 3130 n

133 3175 247 3240 parque
272 3160 429 3226 comminus
452 3159 549 3234 acies,
571 3157 850 3220 decederebarbari
869 3159 898 3218 in
914 3161 980 3237 iuga
995 3158 1141 3218 montium.

133 3241 188 3306 sed
205 3261 242 3303 eo
259 3262 375 3325 quoque
390 3243 526 3322 inrupere
540 3243 715 3305 ferentarius
731 3247 891 3323 gravisque
906 3243 1003 3318 miles,
1018 3239 1061 3299 illi
1075 3240 1143 3300 telis

133 3327 328 3405 adsultantes,
356 3327 386 3388 hi
409 3327 542 3390 conferto
559 3327 666 3404 gradu,
689 3326 810 3388 turbatis
825 3334 926 3393 contra
942 3325 1143 3386 Britannorum

133 3411 299 3490 ordinibus,
323 3411 400 3492 apud
423 3428 497 3492 quos
515 3411 593 3484 nulla
615 3411 771 3473 loricarum
788 3411 981 3550 gaalearuurrle¹
1000 3403 1140 3481 tegmina.

77 3514 82 3522 ⁴
176 3516 264 3555 taetri
285 3517 355 3556 PARS
373 3517 391 3556 1.
