2568 3870
171 123 210 227 Sd
387 167 552 220 conunnn
571 163 690 215 rscrm
709 161 953 214 nrsronraeunr

170 341 218 392 aut
233 329 387 409 municipia
403 333 545 403 congestu
562 323 728 403 copiarum,
751 318 804 382 sed
820 319 877 397 ipsi
899 318 1028 380 cultores
1049 336 1183 400 arvaque
1268 364 1269 408 3

137 417 289 484 inmaturis
304 415 359 474 iam
375 411 506 488 frugibus
524 418 554 468 ut
569 408 675 468 hostile
692 405 786 468 solum
801 402 998 464 vastabantur.

232 498 283 562 88.
304 497 412 559 llultae
428 503 458 554 et
475 503 592 555 atroces
608 493 683 552 inter
700 508 734 550 ac
749 490 867 550 militnm
885 488 1002 566 caedes,
1017 497 1088 568 post
1104 489 1184 568 sedi·

169 587 278 645 tionem
293 581 385 643 Ticini
402 587 537 659 coeptam
551 585 685 637 manente
700 574 849 652 legionum
871 573 1104 654 auxiliorumque
1124 574 1183 636 dis·
1268 571 1269 628 l

171 668 286 734 cordia:
314 665 362 726 nbi
386 663 527 725 adversus
556 677 688 740 paganus
711 659 879 719 certandum
900 658 993 736 foret,
1020 675 1184 719 consensu.
1268 717 1269 739 ,

170 753 223 814 sed
239 751 359 832 plurima
379 758 495 826 strages
510 747 546 807 ad
562 747 714 825 septimum
738 744 774 804 ab
795 743 868 804 urbe
889 742 1024 822 lapidem.
1055 744 1185 822 singulis

146 837 209 898 eibi
225 835 361 895 militibus
379 833 515 894 Vitellius
538 839 656 911 paratos
673 829 755 891 cibos
776 837 807 888 ut
827 827 1029 906 gladiatoriam
1047 829 1185 908 saginam

170 918 333 994 dividebat:
356 927 385 978 et
402 917 492 976 effusa
513 914 618 995 plebes
639 917 708 974 tutis
727 931 760 976 se
776 913 880 973 castris
902 913 1069 973 miscuerat.
1099 914 1186 974 iucu-

170 1006 267 1064 riosos
289 1002 394 1062 milites
410 1033 453 1048 --
475 999 631 1061 vernacula
653 997 806 1058 utebantur
827 997 1048 1058 urbanitata.-
1065 999 1185 1078 quidam

170 1086 352 1167 spoliavere,
371 1084 495 1144 abscisis
510 1083 605 1143 furtim
621 1083 727 1143 balteis
744 1101 780 1144 an
794 1083 919 1144 accincti
937 1082 1035 1144 iorent
1050 1086 1183 1162 rogitan-

170 1181 225 1232 tes.
243 1187 301 1231 non
316 1169 381 1229 tulit
392 1167 546 1228 ludibrium
556 1165 688 1226 insolens
703 1162 941 1226 contumeliarum
953 1168 1079 1229 animus:
1105 1171 1181 1229 iner-
1268 1215 1269 1226 .

136 1271 246 1317 sornam
263 1253 401 1334 populum
417 1253 522 1332 gladiis
537 1253 682 1313 invasere.
703 1269 806 1312 caesus
822 1254 896 1311 inter
912 1251 987 1312 alios
1003 1263 1090 1332 pater
1107 1253 1175 1312 mili-

169 1343 218 1417 tis,
235 1358 299 1401 curn
315 1337 402 1400 lilium
419 1340 619 1408 comitaretur;
637 1337 741 1398 deinde
756 1336 890 1414 adgnitus
904 1345 934 1396 et
951 1336 1072 1414 volgata
1088 1333 1174 1398 caede
1268 1373 1269 1412 ,

168 1432 358 1504 temperatum
380 1421 416 1484 ab
436 1423 569 1484 innoxiis.
605 1425 634 1483 in
650 1421 722 1483 urbe
737 1430 832 1481 tamen
848 1419 1019 1500 trepidaturn
1040 1441 1176 1501 praecur-
1268 1425 1269 1472 ξ

169 1508 300 1570 reatibus
316 1509 423 1586 passim
439 1506 588 1576 militibns;
611 1507 703 1567 iorum
727 1507 849 1566 maxime
864 1505 1019 1584 petebant,
1042 1507 1177 1588 cupidine
1268 1503 1269 1538 ³

170 1593 283 1654 visendi
307 1591 403 1651 locum
429 1593 458 1652 in
479 1610 538 1672 quo
563 1590 654 1652 Galba
680 1592 829 1651 iacuisset.
861 1607 917 1649 nec
938 1591 1030 1651 minus
1057 1610 1179 1653 saevum
1268 1637 1269 1660 ,

137 1697 163 1738 rs
172 1674 371 1757 spectaculum
386 1684 468 1738 erant
482 1677 549 1756 ipsi,
563 1678 655 1754 tergis
667 1675 793 1735 ferarum
808 1683 838 1734 ct
848 1672 1015 1752 ingentibus
1031 1676 1100 1736 telis
1113 1677 1178 1737 hor·

170 1769 285 1836 rentes,
306 1777 369 1818 corn
385 1759 496 1821 turbam
510 1760 612 1839 populi
629 1777 683 1839 per
700 1760 842 1819 inscitiam
859 1777 958 1838 parum
974 1762 1113 1836 vitarent,
1132 1769 1181 1821 aut

170 1843 219 1904 ubi
233 1841 345 1903 lubrico
362 1845 425 1903 viae
440 1843 489 1903 vel
503 1860 627 1904 occursu
640 1843 760 1905 alicuius
773 1843 978 1924 procidissent,
995 1843 1031 1904 ad
1042 1846 1180 1922 iurgium,

170 1945 238 1988 rnox
253 1926 289 1986 ad
307 1943 406 1988 manus
421 1937 451 1987 et
459 1928 575 1988 ‘ferrum
590 1930 756 1988 transirent.
776 1928 886 2008 quinat
901 1927 1006 1988 tribuni
1020 1929 1167 2008 praelecti
1266 1971 1269 1986 .

170 2029 226 2091 que
242 2029 306 2072 cnm
321 2020 435 2072 terrore
451 2021 480 2072 et
495 2022 667 2073 armatorum
683 2014 809 2073 catervis
824 2011 994 2072 volitabant.

231 2095 282 2158 89.
305 2095 375 2176 lpse
392 2095 561 2158 Vitelliusa
585 2105 675 2177 ponte
689 2096 800 2158 llulvio
816 2097 921 2174 insigni
939 2113 1034 2175 equo,
1058 2097 1178 2176 paluda·
1254 2087 1269 2114 ¹¹

168 2189 213 2240 tus
235 2182 458 2260 accinctusque,
481 2189 611 2241 senatum
633 2189 662 2240 et
684 2180 823 2261 populum
845 2190 912 2241 ante
934 2199 966 2240 se
989 2199 1094 2259 agens,
1120 2200 1177 2262 quo

167 2266 259 2324 minus
275 2273 306 2323 ut
323 2273 437 2342 captam
455 2265 553 2324 urbem
569 2265 787 2342 ingrederetur,
811 2266 966 2326 amicorum
985 2266 1110 2327 consilio
1128 2267 1177 2327 de·

168 2349 302 2424 territus,
332 2354 444 2426 sumpta
472 2357 625 2427 praetexta
652 2358 682 2409 et
709 2350 874 2428 composito
901 2351 1016 2426 agmine
1043 2352 1176 2412 incessit.

145 2440 304 2510 squattnor
326 2431 474 2510 legionum
493 2432 608 2511 aquilae
630 2452 684 2512 per
698 2433 840 2511 frontem,
862 2434 1038 2513 totidemque
1064 2436 1176 2511 circae

168 2515 336 2593 legionibus
359 2516 423 2576 aliis
439 2515 560 2594 vexilla,
582 2534 651 2578 rnox
669 2517 821 2580 duodecim
836 2516 946 2578 alarum
962 2521 1045 2596 signa
1063 2528 1178 2600 etpost
1268 2516 1269 2562 t

169 2599 295 2679 pediturn
312 2599 429 2659 ordines
444 2617 549 2681 eques;
567 2601 784 2680 deio‘quattnor
801 2611 831 2662 et
844 2602 962 2679 triginta
978 2596 1130 2682 cohortes,
1147 2613 1177 2664 ut

167 2685 283 2743 nomina
298 2685 426 2760 gentium
442 2693 491 2745 aut
505 2687 624 2764 species
639 2702 781 2746 armorum
795 2687 909 2763 forent,
926 2686 1081 2748 discretae.
1108 2698 1177 2749 ante

168 2766 280 2846 aquilas
304 2767 448 2846 praelecti
471 2778 631 2830 castrorum
651 2769 815 2849 tribunique
832 2779 861 2830 et
876 2772 960 2850 primi
975 2774 1176 2833 centurionum
1268 2815 1269 2844 ,

133 2871 158 2914 ro
169 2850 289 2912 candida
309 2861 408 2931 veste,
435 2857 527 2914 ceteri
541 2855 620 2914 iuxta
634 2872 714 2916 snam
738 2857 860 2934 quisque
885 2856 1059 2935 centuriam,
1088 2860 1176 2918 armis
1268 2853 1269 2856 ’

167 2935 311 3014 donisque
326 2936 490 3014 fulgentem
508 2947 537 2998 et
552 2938 669 2998 militurn
686 2938 824 3019 phalerae
840 2948 1021 3020 torquesque
1037 2941 1174 3020 splende·
1268 2977 1269 3018 ,

166 3018 251 3081 bant:
276 3020 385 3081 decora
401 3020 494 3081 iacies
521 3029 550 3080 et
577 3040 635 3083 non
650 3025 770 3084 Vitellio
786 3025 921 3103 principe
938 3024 1044 3103 dignus
1060 3027 1173 3087 exerui
1261 3049 1269 3090 'i

167 3111 224 3169 tus.
257 3107 300 3164 sic
319 3103 493 3182 Capitolium
515 3109 668 3184 ingressus
687 3118 773 3187 atque
795 3107 835 3168 lbi
857 3118 976 3170 matrem
1000 3110 1173 3192 complexus

167 3187 318 3264 Augustae
333 3190 447 3249 nornine
463 3191 626 3251 honoravit.
697 3197 701 3206 '

228 3271 285 3335 90..
301 3272 421 3333 Postera
438 3274 498 3351 die,
518 3283 660 3354 tamquam
676 3277 751 3356 apud
767 3277 888 3339 alterius
905 3281 1029 3342 civitatis
1041 3290 1170 3341 senatum
1249 3233 1269 3344 s

168 3355 377 3434 populumque,
401 3359 589 3436 magnificam¹
599 3363 759 3422 orationem
774 3362 811 3422 de
825 3373 919 3424 semet
934 3367 1000 3443 ipso
1016 3366 1170 3445 prompsit,
1254 3369 1269 3440 i

166 3434 333 3498 industriam
354 3445 629 3523 temperantiamque
654 3465 733 3506 suam
758 3446 890 3510 laudibus
913 3450 1073 3522 adtollens,
1101 3469 1172 3510 con·
1255 3453 1269 3474 '¹

1259 3665 1269 3742 d
