2568 3870
170 189 212 250 76
370 200 537 250 connum
552 199 670 254 nsoter
686 199 928 248 fllsuomsltunt

170 356 262 444 lopus
284 353 436 415 inhumana
458 371 526 433 pars
548 351 631 430 viae,
647 371 731 433 quam
753 350 966 414 Cremonenses
988 353 1070 412 lauru
1089 369 1184 413 rosa·

172 457 228 516 que
244 445 480 514 constraverunt,
502 439 642 497 extructis
662 435 802 498 altaribus
817 436 970 515 caesisque
987 436 1118 494 victimis
1130 455 1183 495 re·

136 539 292 664 atilli?
306 519 1183 681 tilltltll{debilitetliittlillllclt:

169 687 270 749 locos:
285 687 351 748 blnc
364 688 510 766 inrupisse
527 686 673 764 legionum
688 703 808 763 agmen,
828 685 893 746 binc
909 688 1023 764 equites
1038 695 1181 760 coortos,

117 801 146 864 ἢ
169 769 235 832 inde
251 771 440 831 circumfusas
455 768 626 830 auxiliorum
640 787 753 829 manns:
769 771 824 829 iarn
839 769 945 828 tribuni
957 768 1182 848 praefectique,

169 872 220 913 sua
245 855 367 934 quisque
389 853 466 914 laeta
487 853 683 927 extollentes,
709 852 785 914 falsa
803 869 873 912 vera
895 861 942 912 aot
962 852 1072 912 maiora
1096 869 1181 910 vero

169 936 340 997 miscebant.
371 936 479 1014 volgus
501 953 617 1014 quoque
637 935 755 996 militum
771 935 899 1016 clamore
915 944 944 995 et
958 934 1066 1010 gauNo
1082 935 1181 995 dede·

136 1030 159 1070 ¹⁵
170 1029 251 1078 ctere
271 1021 336 1096 via,
361 1020 452 1098 spatia
469 1020 655 1079 certaminum
668 1035 899 1096 recognoscere,
921 1034 1064 1095 aggerem
1079 1034 1179 1077 armc-

169 1120 247 1179 rum,
278 1111 374 1163 strues
395 1118 551 1180 corporum
572 1101 675 1161 intueri
699 1102 810 1170 mirari;
839 1109 868 1160 et
889 1109 971 1161 erant
995 1118 1069 1180 quos
1090 1103 1178 1162 varia

170 1201 235 1244 sors
251 1203 349 1247 rerum
365 1184 560 1263 lacrimaeque
573 1193 603 1244 et
618 1185 816 1245 misericordia
834 1184 953 1245 subiret.
988 1193 1017 1245 at
1039 1202 1099 1244 non
1121 1186 1175 1246 Vi·

169 1267 267 1328 tellius
282 1267 363 1329 flexit
381 1268 484 1329 oculos
499 1286 554 1328 nec
569 1277 613 1328 tot
627 1267 705 1329 milia
719 1267 927 1348 insepultorum
947 1268 1050 1327 civium
1067 1267 1169 1328 erbor-

169 1351 239 1412 ruit:
270 1351 364 1412 laetus
381 1351 464 1411 ultro·
474 1360 503 1411 et
518 1361 575 1412 tam
586 1352 768 1430 propinquae
790 1352 878 1411 sortis
900 1351 1018 1428 ignaros
1032 1351 1167 1410 instaura·

134 1433 218 1494 sobet
235 1452 349 1494 sacrum
368 1433 413 1494 dis
428 1434 496 1496 loci.
567 1444 590 1478 ‘-

232 1519 282 1577 71.
304 1517 389 1578 Exim
404 1516 553 1578 Bononiae
568 1537 584 1578 a
599 1517 690 1578 Fabio
706 1517 829 1578 Valente
845 1517 1036 1595 gladiatorum
1054 1527 1173 1596 specta·

170 1600 264 1662 culum
284 1600 395 1676 editur,
411 1601 535 1662 advecto
553 1619 590 1660 ex
606 1599 678 1662 urbe
693 1601 780 1661 cultu.
814 1609 981 1680 quamcqne
996 1602 1091 1678 magis
1104 1617 1174 1679 pro·

170 1682 342 1762 pinquabat,
358 1692 437 1743 tanto
450 1684 614 1761 corruptius
628 1685 684 1743 iter
699 1684 824 1744 inmixtis
842 1683 1029 1745 histrionibus
1050 1692 1081 1743 et
1105 1701 1173 1762 spa·

151 1765 152 1768 ’
170 1765 274 1825 donum
296 1765 438 1842 gregibus
461 1775 490 1826 et
511 1775 613 1826 cetero
632 1766 817 1828 Neronianae
832 1767 916 1827 aulae
929 1767 1064 1842 ingenio;
1093 1784 1173 1826 nam·

145 1863 226 1926 sque
241 1856 271 1906 et
290 1846 438 1908 Neronem
459 1850 553 1927 ipsum
568 1849 704 1910 Vitellius
718 1851 906 1911 admiratione
922 1848 1103 1925 celebrabat,
1127 1867 1173 1910 se-

170 1930 242 1989 cteri
262 1939 424 1991 cantantem
446 1932 567 2008 solitus,
590 1951 648 1992 non
669 1935 864 2012 necessitate,
881 1950 936 2011 qua
950 1932 1175 1994 honestissimus

169 2013 309 2092 quisque,
331 2013 384 2073 sed
403 2014 471 2075 luxu
486 2024 516 2074 et
530 2016 650 2092 saginae
672 2017 851 2095 mancipatus
865 2025 1048 2096 emptosque.
1067 2025 1098 2075 ut
1113 2018 1171 2077 Va·
1188 2029 1194 2038 ·

167 2095 239 2155 lenti
264 2105 293 2156 et
316 2094 462 2158 Caecinae
485 2116 595 2160 vacuos
609 2099 729 2159 bonoria
743 2117 860 2160 menses
879 2101 1023 2178 aperiret,
1048 2099 1173 2160 coartati

167 2178 289 2240 aliorum
302 2181 481 2258 consulatus,
499 2181 693 2243 dissimulatus
711 2182 802 2244 blarci
816 2183 907 2245 llacri
923 2193 1066 2263 tamquam
1081 2181 1170 2241 Otbo·

136 2262 316 2322 tonianarum
336 2263 460 2342 partium
480 2264 577 2335 ducis;
612 2274 641 2325 et
659 2266 808 2328 Valerium
830 2266 968 2328 llarinnm
999 2265 1172 2326 destinatum

168 2362 184 2404 a
201 2342 292 2404 Galba
308 2345 458 2406 consulem
470 2346 589 2424 distulit,
598 2347 676 2409 nulla
689 2349 811 2424 od'ensa,
827 2350 879 2410 sed
892 2350 990 2409 mitem
1002 2357 1031 2408 et
1042 2349 1171 2408 iniuriam

168 2428 298 2503 segniter
314 2427 447 2488 latorum.
478 2428 621 2490 Pedanius
634 2429 723 2493 Gesta
740 2434 888 2508 omittitur,
904 2433 1032 2509 ingratus
1048 2432 1170 2509 principi

167 2519 199 2569 nt
220 2510 361 2570 adversus
380 2510 528 2572 Neronem
550 2531 636 2574 ausus
663 2523 693 2574 et
717 2516 851 2592 Verginii
873 2515 1086 2592 exstimulator,
1116 2514 1169 2574 sed
1259 2573 1260 2596 1

168 2589 240 2652 elias
262 2593 384 2672 protulit
407 2611 525 2666 causam
550 2604 692 2675 actaeque
707 2599 826 2677 insuper
840 2590 960 2659 Vitellio
973 2598 1086 2675 gratiae
1101 2615 1168 2657 con·

134 2675 321 2736 nsuetudine
338 2679 459 2738 servitii.
558 2707 560 2711 v
1073 2685 1076 2692 '
1167 2715 1168 2720 κ

231 2759 281 2819 72.
311 2758 377 2818 Non
404 2761 479 2822 ultra
501 2765 615 2841 paucos
638 2762 720 2839 dies,
750 2781 919 2843 quamquam
940 2761 1057 2825 acribus
1082 2763 1169 2822 initiis

169 2849 319 2918 coeptum,
335 2843 513 2904 mendacium
528 2843 626 2904 valuit.
657 2845 792 2907 extiterat
812 2841 925 2926 quidam
950 2845 1168 2906 Scribonianum
1259 2887 1260 2896 2

167 2943 200 2984 se
219 2922 399 2986 Camerinum
419 2927 531 3005 ferens,
550 2926 781 2988 Neronianorum
800 2938 962 3009 temporum
985 2927 1104 2990 metu'in
1119 2928 1167 2988 lli·
1259 2929 1260 2952 ¹

168 3008 239 3068 stria
259 3009 450 3089 occultatum,
472 3010 550 3091 quod
564 3011 626 3071 illic
643 3011 798 3072 clientelae
813 3023 843 3073 et
858 3013 921 3091 agri
935 3021 1066 3072 veterum
1083 3010 1164 3072 Gras-

142 3108 268 3151 ssorum
291 3110 327 3154 ee
346 3095 468 3153 nominis
490 3093 575 3155 lavor
594 3094 738 3155 manebat.
769 3096 856 3173 igitur
879 3096 1034 3157 deterrimo
1052 3112 1167 3174 quoqne
1259 3099 1260 3102 ’

168 3175 197 3233 in
214 3184 412 3252 argumentum
426 3176 543 3237 labulae
558 3177 711 3255 adsumpto
728 3178 834 3256 volgus
850 3178 995 3240 credulum
1011 3177 1172 3256 etquidem.

167 3257 302 3335 militum,
319 3276 422 3319 errore
437 3260 567 3320 veriaco
583 3260 729 3321 turbarum
751 3263 865 3338 studio,
881 3265 1009 3323 certatim
1025 3261 1162 3338 adgrega·
1259 3263 1260 3334 ς

168 3339 287 3417 bantur,
305 3357 369 3402 cum
382 3351 546 3421 pertractus
562 3342 598 3403 ad
614 3342 763 3405 Vitellium
778 3346 1031 3425 interrogatusque
1038 3345 1165 3424 quisnam

168 3421 332 3482 mortalium
351 3433 430 3486 esset
450 3431 494 3506 ei,
518 3435 671 3507 postquam
692 3429 771 3490 nulla
794 3428 878 3489 dictis
892 3429 965 3490 lides
981 3437 1037 3488 eta
1053 3428 1164 3488 domino
