2540 3874
306 199 310 206 .
391 159 495 208 moun
506 160 543 208 11.
557 159 632 208 car.
644 157 765 212 er-eo.
1060 149 1102 210 et

118 313 243 392 precibus
262 324 400 376 tenerent.
441 315 516 376 baud
542 317 635 376 minus
659 315 743 377 liberi
768 315 879 376 doloris
902 313 1102 376 documentum
1136 363 1138 368 .

115 397 182 458 idem
194 398 259 458 Piso
273 417 339 460 mox
355 398 433 460 dedit
449 408 552 461 vocata
568 401 597 459 in
612 401 657 460 ius
672 399 841 477 Urgulania,
857 416 940 478 quam
958 416 1046 478 supra
1060 399 1101 459 le-

114 500 162 558 ges
175 483 291 544 amicitia
312 483 462 561 Augustae
482 484 636 544 extulerat.
671 501 728 544 nec
748 492 795 544 aut
813 481 969 560 Urgulania
992 490 1101 560 optem·

114 567 226 644 perurit,
242 567 269 626 in
284 566 397 628 domurn
412 565 549 628 Caesaris
563 576 664 646 spreto
680 566 786 628 Pisone
800 575 895 644 vecta,
911 574 958 626 aut
973 565 1023 625 ille
1036 565 1100 627 abs·
1112 576 1138 616 ¹⁰

113 651 209 727 cessit,
232 668 402 729 quamquam
423 651 555 729 Augusta
573 669 605 710 se
620 651 724 711 violari
739 659 768 711 et
783 650 906 710 imminui
921 659 1101 728 quereretur.

113 733 232 794 liberius
246 733 385 796 hactenus
399 732 552 811 indulgere
568 735 651 794 matri
672 734 758 794 civile
774 743 870 809 ratus,
894 741 924 792 ut
944 752 976 792 se
999 733 1101 794 iturum

37 865 39 870 .
111 817 141 877 ad
154 818 295 896 praetoris
310 817 444 895 tribunal,
462 817 624 878 adiuturum
639 817 816 896 Urgulaniae
832 816 956 893 diceret,
980 833 1101 896 proces·

111 902 141 960 sit
153 901 276 978 Palatio,
292 901 396 980 procul
414 902 496 979 sequi
512 902 598 962 iussis
613 897 759 963 militibus.
783 899 978 980 spectabatur
1000 918 1101 962 occor-

110 994 180 1046 santa
204 985 315 1064 populo
336 986 516 1064 compositus
540 1002 592 1047 ore
614 994 643 1044 et
668 985 849 1046 sermonibus
879 985 966 1046 variis
987 993 1136 1063 tempusa

109 1078 185 1147 atque
199 1070 254 1130 iter
269 1070 389 1147 ducens,
404 1069 500 1129 donec
512 1070 682 1148 propinquis
693 1068 829 1130 Pisonem
841 1068 949 1128 frustra
961 1085 1100 1130 coercen-

108 1151 173 1214 tibus
186 1153 443 1230 deferriduguata
458 1153 618 1231 pecuniam,
637 1170 711 1230 quae
726 1152 889 1232 petebatur,
906 1152 1029 1214 iuberet.
1062 1153 1099 1210 is·

107 1239 229 1315 queliuis
244 1239 303 1315 rei,
325 1256 363 1298 ex
383 1255 438 1316 qua
459 1239 554 1314 neque
569 1236 636 1297 Piso
657 1236 800 1314 inglorius
823 1245 853 1296 et
868 1234 978 1297 Caesar
991 1237 1101 1297 maiore

106 1321 168 1382 laura
182 1321 246 1383 fuit.
279 1330 408 1382 ceterum
424 1321 605 1398 Urgulaniae
627 1321 757 1400 potentia
785 1319 859 1382 adeo
883 1321 966 1380 nimia
993 1319 1101 1380 civitati

106 1415 166 1482 erat,
181 1415 212 1465 ut
227 1406 312 1466 testis
325 1405 354 1466 iu
370 1423 457 1466 causa
474 1402 612 1482 quadam,
632 1423 705 1484 quae
719 1403 796 1483 apud
811 1412 941 1467 senatum
958 1401 1099 1474 tractaba-
1109 1412 1136 1454 ²⁰
1198 1471 1200 1474 ¹

106 1497 150 1566 tur,
164 1492 268 1551 venire
282 1488 503 1566 dedignaretur:
528 1489 631 1549 missua
646 1497 692 1548 est
707 1496 826 1568 praetor
845 1488 893 1566 qui
913 1487 991 1546 dorni
1014 1487 1100 1548 inter·

103 1583 221 1653 rogaret,
241 1591 307 1634 cum
322 1572 455 1650 virgines
472 1571 611 1634 Vestales
625 1573 655 1632 in
667 1571 735 1632 foro
749 1581 779 1631 et
793 1570 899 1633 iudicio
910 1570 1017 1646 audiri,
1030 1588 1100 1649 quo·

103 1659 166 1718 tiens
180 1657 378 1719 testimonium
391 1654 532 1734 dicerent,
548 1665 632 1718 vetus
645 1672 709 1716 mos
725 1656 822 1716 luerit.

156 1742 205 1803 35.
225 1742 291 1806 lies
304 1757 342 1802 eo
357 1757 432 1802 armo
451 1739 579 1818 prolatas
594 1739 670 1802 band
683 1740 842 1817 referrem,
866 1739 895 1798 ni
912 1739 1034 1816 pretium
1057 1739 1099 1798 io-

101 1835 138 1884 ret
154 1824 205 1886 Gn.
221 1824 339 1887 Pisonis
353 1833 383 1884 et
394 1823 487 1883 Asinii
503 1822 577 1885 Galli
595 1841 684 1904 super
700 1841 736 1884 eo
752 1823 874 1902 negotiu
890 1821 1020 1882 diversae
1035 1839 1100 1882 sen·

101 1909 195 1971 tentiae
209 1915 349 1971 noscere.
374 1907 453 1985 Piso,
469 1925 640 1987 quamquam
654 1908 795 1968 afuturum
809 1925 842 1968 se
855 1906 967 1966 dixerat
979 1903 1099 1983 Caesar,

100 1991 132 2052 ob
146 1993 175 2054 id
188 1994 285 2072 magis
297 1990 426 2070 agendas
442 1990 598 2068 censebat,
620 2001 650 2051 ut
671 1989 792 2052 absente
817 1991 950 2071 principe
970 1997 1100 2051 senatum

100 2085 125 2136 et
138 2079 252 2156 equites
273 2093 363 2155 posse
384 2093 435 2136 sua
457 2077 551 2136 munia
574 2075 727 2136 sustinere·
738 2075 879 2136 decorum
899 2075 942 2134 rei
964 2073 1125 2153 publicaes

99 2160 178 2222 loret.
207 2161 321 2238 Gallus,
336 2161 403 2238 qnia
419 2159 550 2238 speciem
565 2159 708 2220 libertatis
719 2158 787 2220 Piso
805 2166 1015 2238 praeceperat,
1031 2157 1100 2218 nibil

35 2251 36 2322 f
99 2246 299 2308 satisinluetre
316 2253 365 2307 aut
385 2261 423 2304 ax
440 2242 579 2320 dignitate
602 2242 705 2321 populi
726 2242 848 2303 Romani
870 2242 924 2300 uisi
949 2258 1047 2301 coram
1071 2250 1100 2301 et

35 2333 36 2404 T
99 2327 145 2386 sub
168 2330 264 2392 oculis
289 2326 440 2404 Caesaris,
462 2343 557 2405 eoque
580 2334 755 2400 conventum
777 2324 878 2386 ltaliae
903 2333 932 2384 et
949 2323 1100 2386 adfluentis

35 2419 37 2458 t
98 2413 260 2490 provincias
275 2412 460 2492 praesentiae
477 2411 540 2471 eius
556 2410 700 2471 servanda
716 2408 841 2474 dicebat.
872 2407 1007 2469 audiente
1025 2403 1099 2468 baec

98 2495 208 2557 Tiberio
225 2515 262 2558 ac
284 2495 390 2556 silente
409 2496 522 2573 magnis
536 2497 680 2572 utrimque
697 2492 929 2556 contentionibus
943 2501 1024 2571 acta,
1046 2492 1098 2552 sed
1109 2516 1134 2558 ro

97 2597 138 2641 rea
156 2580 277 2642 dilatae.

151 2664 202 2726 36.
228 2664 266 2724 Et
281 2671 428 2724 certarnen
450 2660 534 2724 Gallo
556 2661 697 2723 adversus
713 2659 869 2722 Caesarem
891 2669 1023 2720 exortum
1044 2670 1098 2720 est.

96 2765 153 2808 uum
170 2749 285 2809 censuit
301 2749 331 2807 in
347 2745 572 2826 quinquennium
585 2746 802 2823 magistratuum
818 2745 943 2804 comitia
954 2742 1099 2821 habenda,

96 2840 176 2912 utque
192 2832 340 2910 legionum
357 2831 463 2908 legati,
488 2831 536 2907 qui
557 2839 623 2892 ante
648 2837 811 2909 praeturam
833 2847 867 2889 ea
882 2827 981 2889 militia
996 2828 1098 2906 iunge·

96 2913 202 2992 bantur,
219 2917 274 2977 iam
290 2925 353 2978 tum,
364 2922 519 2993 praetores
537 2913 767 2991 destinarentur,
786 2915 926 2994 princeps
945 2911 1098 2973 duodecim

97 2999 261 3061 candidatos
276 3000 305 3059 in
323 3017 413 3060 annos
436 2997 569 3073 singulos
588 2997 759 3060 nominaret.
799 2995 875 3058 baud
897 2995 1011 3057 dubium
1034 3006 1123 3059 eratt

96 3100 153 3142 eam
168 3084 340 3144 sententiam
359 3082 445 3144 altius
459 3089 621 3160 penetrare
641 3091 670 3141 et
692 3099 799 3143 arcana
820 3081 933 3159 imperii
954 3083 1097 3163 temptari.

96 3164 227 3228 'liberius
245 3160 357 3244 tanre'n,
390 3167 471 3245 quasi
499 3174 656 3242 augeretur
679 3174 811 3242 potestas
839 3166 919 3242 eiua,
946 3165 1097 3226 disseruit:

97 3267 184 3324 grave
201 3249 392 3332 moderationi
409 3266 478 3310 suae
493 3257 537 3309 tot
552 3249 675 3326 eligere,
691 3257 734 3308 tot
749 3247 876 3310 differre.
910 3249 961 3308 rix
975 3267 1029 3326 per
1041 3249 1097 3307 sin·

97 3334 180 3408 gulos
197 3351 289 3396 annos
305 3333 485 3396 offensiones
500 3333 600 3409 vitari,
624 3335 753 3411 quamvis
765 3331 912 3411 repulsam
933 3333 1096 3409 propinqua

98 3432 163 3494 spes
183 3418 310 3480 solatur:
332 3427 466 3497 quantum
488 3416 545 3477 odii
562 3416 627 3500 iore
649 3415 687 3477 ab
710 3417 745 3477 ils
771 3413 820 3494 qui
846 3414 919 3474 ultra
940 3413 1133 3491 quinquen-ro
