2510 3864
447 171 667 227 comeo—tr.
986 159 1054 223 aco

9 451 11 488 ι
59 424 91 476 et
106 414 312 475 severissimae
334 412 418 490 leges
441 413 597 473 traduntur.
628 432 665 474 ne
681 412 869 474 Macedonum
892 413 1007 490 quidem
1021 427 1088 474 acra

9 536 12 574 ι
57 499 212 560 Persarum
229 506 277 556 aut
290 497 374 557 ullius
390 498 506 574 gentis,
521 513 596 573 quae
610 506 692 556 certo
704 498 827 575 irnperio
840 505 976 556 contenta
992 498 1054 557 fue·

9 621 12 658 q
58 582 114 658 rit,
131 581 324 660 eloquentiam
340 582 480 641 novimus.
503 578 608 638 Rhodii
627 581 750 658 quidam,
767 579 881 660 plurimi
895 580 1054 640 Athenien·

8 705 11 742 ,
58 684 108 726 ses
129 673 263 724 oratores
288 665 465 740 extiterunt,
486 663 561 740 apud
581 681 655 741 quos
683 665 775 724 omnia
796 664 938 743 populus,
961 665 1054 724 omnia

8 749 200 828 imperiti,
223 749 338 825 ommia,
360 755 392 806 ut
416 748 460 806 sic
481 745 618 822 dixerim,
649 764 748 808 omnes
770 753 915 826 poterant.
952 756 1053 807 nostra

8 849 174 912 quoque
191 832 309 906 civitas,
327 829 422 889 donec
441 830 565 906 erravit,
586 829 681 890 donec
698 850 731 890 se
748 831 879 908 partibus
896 839 926 890 at
942 830 1053 891 dissen·
1063 847 1089 887 ac

10 960 11 967 ,
57 914 189 974 sionibus
206 920 237 972 et
252 911 405 972 discordiis
424 911 568 989 coniecit,
585 912 678 974 donec
696 913 773 974 nulla
788 915 868 974 iuit
857 932 886 973 ιιι
903 914 969 974 foro
985 932 1053 994 pax,

58 996 159 1056 nulla
150 1014 179 1055 m
194 1003 297 1056 senatu
317 994 489 1073 eoncordia,
504 956 610 1056 nulla'
602 1016 631 1056 ιιι
646 997 760 1058 iudiciis
776 997 956 1075 moderatio,
976 997 1054 1058 nulla

7 1079 242 1170 superiorum
264 1080 449 1157 reverentia,
480 1079 575 1140 nullus
603 1082 820 1158 magistratuum
844 1082 961 1159 modus,
989 1080 1054 1141 tulit

6 1131 11 1240 ’,
58 1163 122 1222 sine
146 1161 233 1222 dnbio
256 1162 449 1223 valentiorem
470 1162 680 1243 eloquentiam,
703 1166 778 1225 siout
802 1164 956 1226 indomitus
982 1182 1053 1242 ager

7 1244 147 1340 babet
161 1247 298 1324 quasdam
311 1245 418 1307 herbas
439 1246 589 1307 laetiores
624 1248 676 1308 sed
697 1266 752 1308 nec
773 1249 842 1307 tanti
859 1249 1052 1326 reipublicae
1062 1261 1088 1301 ιι

6 1303 254 1389 Gracchorum
272 1329 439 1406 eloquentia
453 1331 522 1406 init,
538 1337 568 1388 ut
581 1338 731 1407 pateretur
747 1338 777 1390 et
787 1330 891 1408 leges,
907 1349 963 1391 nec
978 1331 1053 1391 bene

58 1411 159 1471 lamam
176 1411 362 1490 eloquentiae
378 1409 483 1471 Cicero
500 1411 551 1471 tali
566 1413 648 1472 exitu
662 1414 804 1491 pensavit.

5 1557 8 1574 ‚
122 1497 172 1555 41.
195 1493 244 1554 Sic
276 1511 394 1573 qnoque
419 1494 496 1572 quod
520 1503 657 1573 superest
679 1497 787 1574 antiqui
812 1496 976 1555 oratoribus
997 1496 1053 1555 fori

5 1579 7 1596 ⁸
58 1596 116 1638 non
143 1577 312 1638 emendatae
341 1595 397 1638 nec
422 1595 514 1656 usquo
537 1578 572 1638 ad
599 1587 698 1638 votum
723 1579 903 1678 compositae
929 1579 1053 1638 civitatis

7 1665 8 1674 ’
4 1671 256 1760 argumentum
274 1670 328 1722 est.
360 1662 435 1760 quis
442 1662 586 1722 animnos
606 1661 771 1722 advocat
742 1663 798 1721 nrsi
818 1670 865 1721 aut
881 1679 990 1722 nocens
1007 1671 1054 1722 aut

4 1805 7 1842 Ι
4 1725 168 1806 miser?
202 1745 279 1824 quod
299 1745 484 1824 municipium
503 1746 534 1805 in
556 1744 722 1806 clientelam
747 1753 876 1805 nostram
897 1746 978 1806 venit
998 1747 1053 1806 nisi

4 1887 6 1908 ἶ
58 1829 135 1908 quod
157 1837 206 1890 aut
232 1830 344 1889 vicinus
369 1827 494 1908 populus
520 1837 569 1888 ant
591 1829 751 1890 domestica
772 1828 916 1889 discordia
944 1827 1077 1906 agitatis

3 1909 6 1992 ζ
58 1931 142 1992 quam
160 1913 338 1991 provinciam
355 1919 468 1973 tuemur
488 1913 543 1972 cisi
561 1911 714 1992 spoliatam
738 1910 951 1990 vexatamque?
976 1915 1054 1992 atqui

3 1999 5 2082 ζ
58 1995 161 2056 melius
175 1996 281 2056 fuisset
296 2012 355 2056 non
369 1996 453 2074 queri
469 2014 553 2074 quam
568 1995 715 2056 vindicari.
745 1994 859 2074 quodsi
875 1997 1055 2056 inveniretur

3 2083 4 2094 ¹
60 2077 154 2156 aliqua
171 2079 273 2138 civitas
290 2079 321 2138 in
343 2096 399 2157 qua
420 2097 505 2140 nemo
522 2087 677 2158 peccaret,
699 2096 896 2157 supervacuus
916 2088 997 2139 esset
1014 2082 1055 2138 in·

59 2171 106 2222 ter
119 2163 291 2222 innocentes
309 2170 410 2222 orator
431 2163 507 2223 siout
526 2165 603 2223 inter
619 2179 707 2223 sanos
724 2161 862 2222 medicus.
895 2179 953 2240 quo
968 2162 1055 2223 modo

55 2254 149 2304 tamen
167 2246 311 2304 minimum
323 2263 391 2304 usus
404 2246 607 2324 minimumque
627 2246 778 2322 proiectus
797 2263 844 2304 ars
858 2246 1000 2304 medentis
1017 2245 1060 2302 lra-
1077 2262 1103 2305 rc

54 2329 106 2388 bet
121 2328 151 2387 in
168 2327 376 2405 lingentibus,
398 2346 473 2406 quae
497 2328 659 2388 firmissima
675 2327 841 2388 valetudine
858 2347 892 2387 ac
908 2327 1064 2388 saluberri-

54 2413 583 2492 miscorporibusutuntur,sicminor
593 2411 841 2472 oratornmhonor·
852 2412 1063 2487 obscuriorque

59 2496 219 2576 gloriaest
232 2497 310 2556 inter
324 2494 419 2555 bonos
434 2513 531 2556 mores
549 2504 578 2556 at
593 2497 622 2556 in
641 2495 813 2573 obsequium
827 2495 959 2571 regentis
975 2513 1057 2572 para·

59 2590 115 2640 tos.
154 2579 222 2659 quid
241 2580 318 2640 enim
338 2595 412 2656 opus
436 2587 483 2639 est
505 2578 601 2656 longis
621 2580 651 2638 in
673 2587 776 2638 senatu
799 2579 974 2656 sententiis,
994 2596 1057 2638 cum

59 2665 161 2742 optimi
177 2665 237 2724 cito
259 2659 463 2723 consentiant?
497 2661 565 2741 quid
585 2660 681 2720 multis
699 2661 774 2739 apud
791 2662 928 2739 populum
945 2663 1056 2722 contio·
1067 2678 1092 2719 re
1115 2684 1119 2693 s

59 2746 162 2824 nibus,
185 2765 249 2806 cam
267 2745 304 2806 de
324 2764 357 2806 ro
379 2745 494 2824 publica
517 2763 575 2806 non
589 2744 716 2822 imperiti
739 2752 769 2804 et
787 2743 866 2803 multi
882 2744 1057 2822 deliberent,

59 2829 358 2910 sedsapientisslmus
378 2837 408 2888 at
423 2826 518 2889 unus?
544 2828 612 2906 quid
628 2827 797 2887 voluntariis
813 2828 1057 2905 accusationibus,

58 2932 122 2974 cum
136 2919 192 2976 ta'rn
206 2931 274 2976 raro
293 2922 323 2974 et
340 2920 396 2973 tam
412 2931 499 2991 parce
519 2907 679 2992 peccetur?
710 2909 777 2989 quid
792 2910 944 2972 invidiosis
960 2920 990 2972 et
1008 2930 1058 2972 ex·

59 2996 231 3058 cedentibus
248 2998 363 3058 modum
374 2995 612 3072 defensionibus,
634 3013 698 3055 cum
711 2995 866 3055 clementia
877 3012 1058 3072 cognoscen-

60 3081 99 3138 tis
115 3080 229 3140 obviam
246 3079 478 3158 periclitantibus
494 3077 561 3140 eat?
577 3079 707 3155 credito,
722 3079 822 3157 optimi
835 3079 887 3139 et
879 3097 908 3138 ιιι
923 3086 1091 3158 quantumst

62 3179 136 3238 opus
155 3171 202 3223 est
221 3162 406 3222 disertissimi
431 3164 505 3239 viri,
527 3164 552 3224 si
568 3171 616 3223 aut
635 3179 689 3221 vos
705 3161 853 3241 prioribus
868 3161 993 3221 saeculis
1009 3169 1058 3221 aut

60 3243 104 3305 illi
124 3263 198 3322 quos
220 3247 354 3306 miramur
373 3244 419 3304 lais
441 3249 499 3306 nati
516 3256 633 3324 essent,
655 3264 690 3305 ac
711 3245 783 3305 deus
804 3245 907 3322 aliquis
931 3246 1005 3304 vitas
1024 3263 1059 3304 aa

59 3327 184 3426 [vestra]
194 3336 327 3407 tempora
333 3336 458 3406 repente
466 3338 622 3408 mutasset,
640 3347 696 3389 nac
709 3329 794 3389 vobis
809 3345 916 3390 somma
930 3327 980 3387 illa
996 3326 1058 3386 lans

61 3421 92 3476 et
107 3411 227 3492 gloria
217 3430 248 3502 ιιι
262 3411 430 3493 eloquentia
443 3432 539 3494 neque
556 3413 614 3474 illis
631 3413 732 3473 modas
754 3419 785 3472 et
802 3417 1057 3491 temperamentum
