2536 3870
180 165 242 230 ¹88
410 169 577 222 conunuu
592 167 970 228 recurrererouuuuuu

245 328 292 393 18.
316 327 485 408 Absumptis
500 343 573 406 quae
590 325 732 386 iaciuntur
754 331 784 382 et
804 320 980 384 ardescente
996 337 1096 401 pugna
1115 340 1190 402 pro

180 433 295 478 cursum
318 413 354 474 ab
374 412 461 474 hoste
481 411 627 472 inienuus:
650 407 787 468 inmensis
802 404 977 484 corporibus
997 415 1028 466 et
1045 406 1199 486 praelon-

180 500 227 575 gis
242 498 333 558 hastis
355 496 511 558 fluitantem
532 494 736 571 labantemque
754 490 873 553 militem
887 489 998 552 eminus
1012 489 1199 560 fodiebam

181 581 264 642 simul
278 599 295 642 e
313 580 409 656 mole,
425 596 510 659 mam
524 577 656 640 eductam
670 578 700 638 iu
713 575 845 640 Rhenum
859 570 1037 650 rettulimus,
1059 573 1199 636 bructe-

157 682 277 732 srorum
292 681 400 726 cuneus
419 663 581 724 transterit.
609 659 722 730 turbata
739 658 780 720 ibi
795 675 845 718 res
859 665 889 718 et
904 656 1070 737 pellebatur
1086 661 1200 720 socia·

180 767 243 810 rum
263 747 426 808 cohortium
446 747 544 822 acies,
567 763 632 806 eum
653 743 789 822 legiones
808 759 934 820 prquam
948 741 1100 820 excipiunt
1117 761 1199 822 sup-

179 849 343 912 pressaque
357 831 493 902 ¹bostium
517 830 630 890 ferocia
651 827 794 908 proelium
823 833 972 905 aequatur.
1003 825 1081 886 iuter
1107 843 1200 906 quae

78 977 83 990 ,
181 916 305 996 perfuga
319 914 444 976 Batavus
460 913 530 975 adiit
544 911 699 986 Cerialem,
715 920 800 988 terga
814 909 939 972 bostium
955 911 1149 988 promittens,
1170 912 1198 970 si

181 1009 313 1060 exmemo
321 993 435 1074 paludis
447 1011 541 1072 eques
555 995 767 1054 inmitteretur:
782 986 907 1050 solidum
920 987 970 1052 illu
978 999 1010 1052 et
1016 991 1197 1072 (iugeruos,

144 1082 285 1162 roquibus
300 1080 432 1142 custodia
447 1078 631 1156 obvenisset,
647 1094 748 1157 purum
769 1077 905 1138 intentos.
941 1075 1016 1138 duae
1035 1077 1103 1140 alae
1123 1096 1197 1138 cum
1245 1133 1246 1154 ,

181 1166 305 1244 periuqu
321 1164 429 1225 missae
443 1164 561 1226 incauto
577 1161 654 1224 boeti
669 1158 940 1222 circumfunduntur.
967 1159 1046 1239 quod
1061 1161 1116 1221 ubi
1130 1163 1193 1222 cla·

180 1243 1189 1411 itidtidtdintdi‘tititditialtstidi

180 1432 264 1478 naua
282 1416 386 1478 classis
399 1415 483 1495 sequi
498 1422 684 1476 maturasset:
700 1431 738 1474 ne
752 1430 844 1492 eques
860 1411 975 1491 quidem
988 1413 1108 1491 insunt,
1145 1433 1189 1474 re·

143 1519 171 1564 rt
181 1509 270 1579 pente
285 1500 359 1562 lusis
373 1499 511 1562 imbribus
528 1507 559 1560 et
572 1498 735 1578 propinqua
751 1505 849 1558 nocte.
1245 1569 1246 1574 ἵ

244 1585 294 1647 19.
317 1583 440 1646 Postera
461 1583 508 1644 die
530 1581 754 1662 quartadecuma
777 1581 858 1658 legio
873 1579 901 1640 in
917 1579 1100 1659 superiorem
1117 1581 1190 1660 pr'o·
1245 1581 1246 1608 ³

142 1662 147 1666 ’
179 1668 305 1729 vinciam
327 1665 412 1729 uallo
433 1667 529 1732 Annio
548 1667 652 1733 missar
679 1662 805 1726 Cerialis
824 1664 985 1732 exercitum
1007 1663 1135 1726 decuma
1153 1683 1192 1726 es
1245 1737 1246 1744 ἵ

152 1757 156 1767 “
179 1749 319 1830 Hispania
338 1751 419 1827 leqlo
441 1750 603 1828 supplerit:
635 1747 720 1810 civili
743 1747 925 1810 chaucorum
939 1747 1046 1810 auxilia
1060 1765 1189 1809 venere.
1245 1747 1246 1780 n

180 1852 238 1895 non
256 1843 352 1892 tamen
367 1851 454 1894 ausus
473 1833 609 1912 oppidum
618 1832 791 1893 Batavorum
806 1833 892 1894 araris
902 1832 986 1910 tueri,
1000 1832 1092 1911 ruptis
1108 1850 1191 1912 quae
1245 1829 1246 1887 l

158 1917 253 1982 sierri
269 1925 413 1996 poteraut,
430 1917 537 1978 ceteris
552 1918 659 1976 iniecto
676 1917 747 1993 iqui,
761 1917 788 1976 iu
803 1915 924 1976 insulam
939 1916 1098 1992 concessit,
1112 1935 1190 1993 gea-

180 2019 230 2062 rus
247 1999 354 2062 deesse
374 2017 465 2060 nares
487 2001 644 2060 efficiendo
665 2000 762 2078 ponti,
785 2017 882 2078 neque
902 1995 1061 2061 exereitum
1076 1999 1186 2060 lloma-

179 2103 246 2146 num
261 2084 347 2146 aliter
359 2084 605 2146 transmissurum:
625 2085 692 2163 quin
703 2091 736 2143 et
752 2082 839 2143 diruit
852 2083 960 2146 molem
975 2083 1099 2145 allruso
1111 2083 1187 2145 Ger·

180 2169 294 2232 manico
317 2166 424 2229 lautam
437 2167 628 2246 Rhenumque
651 2183 744 2246 prono
762 2166 848 2228 alveo
863 2168 892 2228 in
907 2166 1186 2244 doloremmeum,

180 2251 310 2313 disiectis
336 2267 412 2330 quae
436 2250 638 2329 morabantur,
665 2249 774 2312 effudit.
801 2251 846 2311 sic
868 2251 950 2312 vetut
971 2250 1075 2316 abacto
1099 2269 1185 2313 amne

112 2413 114 2415 Ι
147 2347 172 2392 ro
182 2336 276 2396 tenuis
291 2333 395 2397 alueus
411 2334 532 2398 insulam
546 2336 622 2395 iuter
636 2333 856 2414 Germanosque
872 2334 1078 2400 continentium
1092 2344 1184 2400 terra·
1244 2359 1245 2372 ¹

180 2437 243 2480 sum
262 2419 394 2498 speciem
419 2419 542 2480 lecerat.
569 2419 712 2479 transiere
738 2417 869 2482 Rhenum
896 2418 985 2483 turer
1009 2436 1126 2499 quoque
1156 2428 1184 2480 et
1244 2411 1245 2454 l

182 2502 330 2564 Classicus
345 2511 375 2562 et
392 2512 507 2564 centum
523 2503 664 2566 tredecim
680 2502 875 2564 Treverorum
890 2511 1053 2577 senatores,
1074 2503 1101 2564 in
1117 2503 1181 2582 quis

180 2587 234 2648 iuit
247 2585 381 2666 Alpinius
396 2587 560 2661 Montanus,
577 2604 662 2666 quern
678 2587 796 2648 aPrimo
804 2585 932 2650 Antonio
944 2587 1061 2653 missum
1075 2587 1104 2650 in
1115 2585 1179 2650 Gal·

181 2671 236 2732 lias
259 2671 393 2749 superius
414 2671 644 2732 memoravimus.
676 2669 866 2732 comitabatur
881 2689 947 2735 euru
971 2670 1061 2734 irater
1075 2669 1110 2730 D.
1129 2671 1177 2732 dl·

145 2755 290 2833 ,5pinius3
312 2752 397 2814 simul
418 2756 509 2815 ceteri
531 2755 717 2815 miseratione
741 2771 777 2815 ac
799 2751 883 2818 donis
904 2754 1010 2822 auxilia
1027 2753 1177 2816 concibant

180 2839 254 2898 inter
268 2845 373 2916 gentes
390 2837 585 2915 periculorum
600 2838 710 2900 avidas.

245 2920 295 2982 20.
316 2919 495 3002 tantumque
517 2919 588 2982 belli
610 2921 766 3004 superfuit,
793 2929 824 2982 ut
851 2921 998 3002 praesidia
1021 2921 1175 2986 cohortium

179 3005 288 3066 alarum
309 3003 457 3082 legionum
479 3022 536 3065 uno
555 3005 601 3066 die
615 3005 715 3067 Civilis
729 3005 938 3086 quadripertito
955 3007 1106 3083 invaserit,
1130 3007 1174 3068 de-

181 3107 290 3150 cumam
308 3087 455 3166 legionem
470 3087 613 3166 Arenaci,
631 3091 787 3152 secundam
800 3089 993 3165 Batauoduri,
1015 3100 1044 3150 et
1060 3089 1174 3152 Grinnes

180 3171 360 3252 Vadamque,
375 3169 537 3234 cohortium
562 3172 730 3254 alarumque
757 3183 869 3249 castra,
901 3175 939 3236 ita
962 3173 1062 3238 divisis
1077 3177 1172 3254 copiis,

154 3263 212 3314 rut
234 3259 298 3333 ipse
314 3265 344 3316 et
359 3255 478 3330 Verar,
499 3273 603 3318 sorore
616 3261 677 3319 eius
692 3259 823 3338 genitus,
843 3257 1051 3338 Classicusque
1069 3277 1103 3322 uo
1121 3257 1173 3319 l'u·

179 3347 226 3396 tor
246 3357 325 3400 suam
346 3340 469 3418 quisque
489 3357 601 3402 munruu
618 3343 761 3420 traheret,
784 3361 841 3404 uec
857 3343 952 3404 omnia
965 3343 1095 3424 patrandi
1108 3342 1170 3404 lidu-

180 3421 237 3495 cia,
256 3421 309 3480 sed
328 3421 415 3526 multa
437 3424 514 3483 ausis
531 3423 627 3504 aliqua
649 3427 677 3486 in
694 3435 777 3507 parte
792 3427 936 3514 iortirnem
953 3425 1071 3490 adfore:
1096 3425 1169 3488 simul
