2546 3872
312 249 315 258 ,
384 195 490 242 uranu
507 197 530 244 1.
555 196 630 245 cnr.
647 195 767 250 sa—st.
875 253 876 258 ,
1037 179 1080 241 2⁷

74 353 152 415 dere
168 348 256 410 iubet.
284 349 350 408 inde
367 358 450 409 atrox
467 367 578 426 rumor,
596 350 808 411 adfirmantibus
826 351 974 430 plerisque
991 353 1078 411 inter-

75 439 188 510 iectos,
205 449 241 494 ac
255 432 349 492 nisibi
364 433 420 511 ipsi
438 434 632 511 consulerent,
647 435 711 494 lore
729 444 758 494 ut
773 435 905 495 acerrimi
919 434 1036 494 militum
1049 443 1078 494 et
1089 457 1115 497 rc
1181 509 1185 512 ¹

77 517 246 599 praesentia
264 517 415 595 conquesti
431 533 485 594 per
499 517 636 576 tenebras
651 521 680 577 et
695 519 835 578 inscitiam
852 527 1012 583 ceterorum
1029 535 1079 579 cc·

77 602 256 663 uiderentur.
293 599 510 677 obstringuntur
532 601 606 660 inter
626 619 659 660 se
680 603 767 661 tacito
789 601 910 662 loedere
926 601 1078 678 legiones;

76 685 254 746 adsciscitur
272 682 443 742 auxiliorum
465 683 562 762 miles,
583 685 676 762 primo
698 694 851 764 suspectus
867 691 1009 763 tamquam
1024 687 1079 744 cir·

78 767 219 829 cumdatis
243 765 411 826 cohortibus
433 765 545 845 alisque
567 769 689 846 impetus
709 769 737 827 in
761 768 896 845 legiones
918 776 1077 846 pararetuu,

76 871 150 913 mox
171 850 273 911 eadem
296 850 392 910 acrius
412 849 552 928 volvens,
572 850 704 910 faciliore
725 853 800 912 inter
820 850 913 912 malos
934 867 1114 911 consensum

23 941 24 944 ’
80 937 120 996 ad
135 933 243 994 bellum
259 949 342 1011 quam
357 935 387 992 in
401 950 475 1012 pace
494 933 528 992 ad
545 933 738 994 concordiam.

146 1010 196 1090 55.
226 1015 377 1076 Inferioris
404 1024 499 1077 tamen
522 1015 691 1077 Germaniae
719 1017 852 1095 legiones
874 1018 1006 1079 sollemni
1027 1017 1078 1078 lua·

83 1099 230 1161 lendarum
244 1098 438 1160 Ianuariarum
459 1109 640 1160 sacramento
656 1116 709 1179 pro
726 1100 817 1162 Galba
831 1100 967 1177 adactae,
991 1100 1096 1170 multa

82 1184 265 1244 cunctatione
280 1190 309 1242 et
324 1185 397 1242 raris
413 1185 568 1262 primorum
583 1183 710 1244 ordinum
726 1184 863 1262 vocibus,
885 1185 975 1245 ceteri
992 1183 1077 1244 silen-

77 1271 121 1328 tio
143 1267 267 1344 proximi
288 1268 426 1345 cuiusque
446 1265 593 1327 audaciam
610 1276 832 1344 exspectantes,
853 1268 937 1328 insita
952 1266 1077 1326 mortali·

78 1353 134 1412 hus
155 1358 272 1426 natura,
296 1367 424 1429 propere
446 1351 530 1428 sequi
551 1368 624 1428 quae
650 1355 733 1429 piget
755 1351 903 1411 inchoare.
940 1348 992 1409 sed
1007 1349 1102 1426 ipsis⁵

78 1432 245 1512 legionibus
269 1434 360 1492 inerat
380 1433 533 1492 diversitas
554 1435 725 1492 animorum:
753 1434 872 1512 primani
894 1433 1078 1512 quintanique

77 1516 185 1578 turbidi
208 1517 299 1592 adeo,
323 1524 353 1574 ut
375 1515 487 1594 quidam
509 1533 579 1576 saxa
600 1517 628 1574 in
649 1515 760 1594 Galbae
778 1517 918 1592 imagines
941 1516 1079 1574 iecerint:

79 1603 180 1678 quinta
198 1599 318 1659 decuma
334 1617 369 1658 ac
385 1609 467 1659 sexta
482 1598 602 1659 decuma
617 1599 750 1676 legiones
765 1599 834 1658 nihil
850 1598 923 1658 ultra
935 1598 1080 1658 fremitum

83 1693 114 1744 et
136 1684 226 1743 minas
246 1695 336 1742 ausae
354 1683 462 1742 initium
482 1682 648 1760 erumpendi
671 1681 959 1760 circumspectabant.
997 1689 1025 1738 at
1046 1681 1074 1738 in

80 1767 234 1844 superiore
249 1766 378 1826 exercitu
395 1774 495 1844 quarta
511 1783 546 1825 ac
560 1763 803 1825 duoetvicensima
816 1765 965 1842 legiones,
981 1762 1071 1822 isdem
1085 1786 1110 1827 to

79 1850 209 1910 hibernis
231 1848 400 1924 tendentes,
421 1851 486 1928 ipso
505 1847 691 1908 kalendarum
704 1848 896 1908 ianuariarum
915 1847 961 1906 die
976 1846 1078 1905 dirum·

78 1941 153 2014 punt
173 1934 313 2010 imagines
330 1931 454 2008 Galbae,
477 1941 577 2010 quarta
593 1932 674 2009 legio
692 1933 868 2010 promptius,
894 1929 1079 1990 duoetvicen-

78 2019 152 2078 sima
174 2023 356 2089 cunctanter,
378 2031 447 2075 mox
468 2033 620 2074 consensu.
653 2031 688 2074 ac
709 2032 747 2073 ne
761 2015 953 2074 reverentiam
968 2013 1080 2090 imperii

77 2117 191 2160 exuero
207 2098 388 2174 viderentur,
413 2105 529 2158 senatus
546 2097 703 2176 populique
717 2097 838 2156 Romani
855 2095 1009 2176 obliterata
1024 2096 1080 2153 iam

78 2184 195 2244 uomina
223 2189 403 2241 sacramento
426 2179 624 2255 advocabant,
656 2179 735 2238 nullo
763 2180 926 2256 legatorum
951 2177 1117 2239 tribuno-tu
1188 2239 1192 2246 ,

78 2283 180 2326 rumve
204 2281 258 2342 pro
274 2263 364 2326 Galba
384 2266 510 2338 nitente,
534 2261 718 2340 quibusdam,
742 2270 771 2323 ut
794 2265 822 2320 in
842 2261 978 2337 tumultu,
999 2268 1079 2320 nota·

79 2349 168 2410 bilius
189 2347 376 2407 turbantibus.
408 2364 466 2406 nou
486 2355 581 2405 tamen
597 2344 744 2424 quisquam
760 2347 788 2405 in
804 2344 918 2404 modum
937 2343 1080 2403 contionis

80 2441 130 2493 aut
145 2439 287 2508 suggestu
302 2431 431 2499 locutus;
454 2447 549 2506 neque
566 2430 639 2489 euim
652 2437 714 2489 erat
725 2417 818 2488 adhuc
831 2429 877 2487 cui
890 2429 1079 2505 inputaretur.

141 2515 203 2586 ,56.
236 2515 393 2593 ¹Spectator
425 2513 525 2590 llagitii
551 2512 733 2573 Hordeonius
759 2512 882 2572 Flaccus
918 2509 1081 2570 consularis

80 2601 198 2676 legatus
216 2596 324 2674 aderat,
339 2615 400 2656 non
413 2613 603 2674 compescere
614 2604 741 2672 ruentes,
755 2612 814 2654 nou
825 2595 951 2654 retinere
964 2591 1079 2668 dubios,

78 2701 139 2744 nou
157 2681 304 2742 cohortari
318 2679 412 2740 bonos
427 2697 531 2757 ausus,
555 2679 606 2740 sed
622 2680 737 2756 segnis,
760 2677 881 2756 pavidus
897 2687 925 2736 et
943 2674 1079 2737 socordia

77 2770 230 2828 innocens.
269 2772 402 2842 quattuor
433 2763 616 2824 centuriones
647 2761 911 2822 duoetvicensimae
941 2761 1078 2836 legionis,

78 2851 192 2911 Nouius
219 2849 385 2927 Receptus,
401 2845 562 2906 ·-Douatins
591 2845 717 2921 Valens,
746 2845 886 2906 Romilius
914 2843 1103 2920 Marcellus,e

78 2933 256 3012 Calpurnius
277 2930 471 3012 Repentinus,
494 2947 556 2989 cum
581 2937 771 3007 protegerent
795 2927 905 2989 Galbae
928 2929 1080 3004 imagines,

78 3021 191 3096 impetu
206 3016 324 3076 militum
341 3014 456 3093 abrepti
470 3015 626 3091 vinctique.
647 3031 702 3071 uec
721 3015 851 3090 cuiquam
863 3011 937 3072 ultra
950 3010 1022 3070 ludes
1034 3019 1082 3070 aut

79 3101 219 3162 memoria
237 3098 342 3179 prioris
356 3098 544 3173 sacramenti,
562 3095 614 3156 sed
629 3094 706 3174 quod
722 3097 749 3155 in
763 3093 953 3155 seditionibus
966 3093 1081 3169 accidit,

79 3185 156 3246 unde
174 3184 273 3263 plures
289 3190 387 3258 eraut,
407 3197 507 3241 omnes
523 3180 616 3240 luere.

143 3267 240 3327 Nocte
262 3284 336 3344 quae
359 3262 499 3326 kalendas
513 3262 660 3323 Ianuarias
682 3270 780 3321 secuta
800 3271 859 3338 est,
888 3261 916 3318 in
938 3258 1080 3318 coloniam
1092 3268 1119 3308 tt

86 3351 329 3430 Agrippinensem
356 3347 489 3428 aquilifer
516 3355 635 3426 quartae
661 3345 788 3420 legionis
813 3342 940 3422 epulanti
961 3334 1081 3400 Vitellio

82 3436 208 3514 nuntiat,
230 3442 359 3513 quartam
379 3429 695 3496 etaduoetvicensimam
710 3425 844 3502 legiones
860 3422 999 3504 proiectis
1016 3421 1084 3482 Gal·
