2540 3874
384 193 490 242 urana
505 195 557 267 111.¹
573 193 649 246 car.
663 193 783 252 att-aa.
1068 185 1108 247 93

106 349 177 418 rait;
200 355 230 408 et
254 347 432 410 satisfactum
449 345 608 410 Corbuloni
632 368 686 430 per
707 351 898 429 Mamercum,
922 353 970 432 qui
992 360 1109 432 patruus

105 431 190 494 simul
210 449 246 491 ac
267 432 392 492 vitricus·
409 431 507 492 Sullae
529 441 559 492 et
586 442 730 500 oratorum
755 451 795 496 aa
822 443 916 498 aetate
948 435 1109 500 uberrimus
1189 431 1193 435 ’

105 524 177 578 erat.
210 515 285 577 idem
303 512 430 578 cornuto
446 514 567 595 plurima
588 535 642 596 per
656 515 765 584 ltaliam
785 517 888 585 itinera
910 519 1011 586 fraude
1033 539 1108 581 man·

105 602 201 680 cipum
223 609 253 660 et
273 600 382 663 incuria
402 601 619 678 magistratuum
640 602 798 680 interrupta
820 603 995 682 etiupervia
1012 604 1144 664 clami-tt

103 681 203 761 tando,
218 685 436 750 exsecutionem
450 685 512 746 eius
528 684 638 762 nogotii
658 684 752 748 libens
768 689 917 765 susceptu
941 686 1019 766 quod
1034 686 1109 750 baud

105 767 226 848 perinde
242 766 358 846 publice
380 767 589 831 usulbabitnm
612 786 694 848 quarn
719 770 872 832 exitiosum
898 770 1011 848 multis,
1038 788 1108 850 quo·

103 871 166 913 rum
179 852 209 914 iu
237 852 387 930 pecuniam
407 860 495 931 ,atque
516 852 620 917 lamam
644 851 871 915 damnationibus
894 863 923 914 et
943 853 1025 918 hasta
1046 872 1107 914 sae-

3 941 5 972 r
103 935 211 997 vicbai.

168 1018 218 1082 32.
240 1017 343 1102 Neque
358 1019 447 1084 multo
462 1028 531 1100 post
546 1019 642 1080 missis
654 1019 692 1081 ad
713 1027 843 1086 secatum
866 1019 959 1082 literis
974 1019 1108 1082 Tiberius

3 1143 4 1148 κ
101 1113 211 1166 motam
227 1121 337 1164 rursum
351 1104 481 1167 allrioaru
503 1105 619 1166 incursu
629 1118 631 1123 ·
641 1103 831 1172 Tacfarinatis
852 1101 966 1184 docuit,
988 1103 1107 1168 iudicio·

102 1206 162 1268 que
183 1195 295 1268 patrum
319 1185 503 1266 deligendum
521 1205 575 1266 pro
599 1188 719 1251 consule
736 1205 861 1268 guarum
884 1188 1018 1268 militiae,
1043 1205 1108 1249 cor·

102 1289 179 1352 pore
197 1270 321 1336 ualidum
333 1281 366 1332 et
387 1271 467 1332 bello
485 1271 682 1334 suffecturum.
714 1271 791 1350 quod
812 1271 920 1336 initium
938 1273 1007 1334 Sex.
1025 1272 1107 1334 Pom·

102 1355 190 1436 peius
211 1355 337 1434 agitandi
355 1355 495 1418 adversus
516 1355 643 1420 blarcum
661 1353 802 1435 Lepidum
828 1355 886 1417 odii
911 1365 1047 1434 nanctus,
1079 1363 1130 1416 ut⁵

102 1438 270 1516 socordem,
286 1439 402 1518 inopem
419 1448 449 1500 et
463 1438 618 1504 maioribus
634 1439 694 1504 suis
711 1437 888 1504 dedecorum
912 1457 1007 1520 eoque
1021 1441 1107 1500 etiam

101 1523 195 1588 Asiae
211 1530 290 1586 sorte
307 1522 511 1604 depellendum
526 1524 684 1600 incusavit,
706 1522 830 1586 aduorso
853 1531 972 1600 senatu,
992 1523 1039 1608 qui
1053 1522 1107 1584 be·

101 1606 201 1688 pidum
216 1609 312 1670 mitem
326 1607 418 1685 magia
434 1625 517 1688 quiam
534 1607 683 1684 ignavum,
705 1615 843 1685 paternas
865 1606 893 1666 ei
915 1607 1062 1684 angustias
1080 1614 1108 1668 et

100 1691 283 1754 nobilitatam
298 1692 360 1754 sine
373 1691 483 1771 probro
496 1700 587 1753 actam
601 1689 705 1755 bonori
718 1707 801 1770 quarn
812 1690 986 1768 ignominiae
998 1689 1106 1770 haben·

101 1775 169 1836 dam
186 1773 317 1840 mestar.
347 1775 434 1856 igitur
453 1777 555 1840 missua
575 1775 603 1840 ia
618 1773 731 1852 Asiam,
748 1783 778 1834 et
793 1772 828 1836 de
843 1773 943 1838 atrior
958 1773 1105 1838 decretum
1117 1781 1142 1824 1⁰

99 1869 134 1920 ut
150 1858 258 1924 caesar
272 1859 387 1938 legeret
404 1861 449 1922 cui
463 1858 621 1924 mandanda
635 1859 722 1922 forat.

166 1942 403 2024 actamquae
425 1945 551 2004 Severus
570 1940 699 2006 Caecina
722 1941 834 2004 censuit
855 1961 892 2009 ue
913 1959 997 2021 quatu
1015 1941 1106 2017 magi·

100 2036 234 2106 stratum,
251 2029 297 2088 cui
314 2028 466 2107 provincia
481 2026 667 2102 obvenisset,
689 2043 763 2089 uxor
779 2025 976 2102 comitaretur,
990 2023 1106 2090 multum
1197 2071 1201 2078 .

102 2121 170 2174 ante
186 2112 313 2192 repetito
329 2111 505 2176 concordam
519 2110 576 2174 sihi
592 2112 744 2189 comunem
761 2119 791 2172 et
807 2127 861 2173 seur
871 2117 972 2190 partus
982 2107 1106 2185 enixam,

102 2197 329 2276 repercussio
350 2194 496 2276 publicum
515 2203 655 2260 metueret
668 2193 751 2260 domi
771 2193 956 2270 servavisse,
981 2191 1107 2255 cohibita

101 2281 178 2343 intra
193 2278 320 2356 ltaliam,
343 2295 511 2359 quamquam
526 2279 590 2358 ipso
614 2277 707 2358 pluris
727 2295 781 2358 per
800 2277 963 2356 provincias
987 2274 1129 2354 quadra-⁵

100 2366 182 2443 ginta
199 2363 342 2442 stipendia
357 2362 547 2442 esplevisset.
576 2360 651 2426 baud
667 2363 741 2428 euim
756 2361 862 2425 frustra
884 2359 1021 2438 placitum
1039 2357 1107 2418 olim

101 2466 141 2510 ne
157 2448 282 2510 laminae
300 2448 329 2508 in
344 2449 444 2511 socios
459 2447 508 2508 aut¹
523 2454 628 2524 genter
643 2455 781 2510 cateruas
792 2442 992 2510 traherentur:
1008 2443 1108 2502 inesse
1193 2451 1197 2458 ·

100 2531 253 2594 mulierum
293 2531 438 2594 comitatui
469 2549 555 2610 qnae,
576 2547 679 2609 pacem
703 2529 789 2606 luxu,
819 2526 930 2592 bellum
954 2524 1107 2590 formidine

100 2624 253 2678 morentur
285 2623 315 2680 ot
348 2615 507 2678 Romanum
542 2630 646 2692 agmen
678 2612 714 2674 ad
749 2610 961 2678 similitudinem
990 2607 1107 2671 barbari

101 2704 238 2763 incessus
269 2707 450 2776 consertam.
493 2716 550 2764 uon
579 2695 747 2762 inbecillum
781 2703 888 2760 tautum
916 2703 945 2754 et
978 2695 1107 2772 inparem
1118 2711 1142 2752 ro

100 2784 254 2848 laboribus
281 2801 400 2859 sexam,
432 2782 485 2847 aad
515 2783 539 2843 si
569 2781 685 2845 licentia
718 2778 809 2856 adsit,
844 2796 979 2856 saevum,
1019 2775 1107 2842 ambi·

99 2871 226 2948 tioaura,
249 2867 404 2949 potestatis
424 2865 552 2936 avidum
580 2863 718 2926 incedere
742 2861 965 2937 internubes,
998 2860 1107 2926 babere

100 2953 139 3017 ad
166 2971 279 3014 manum
303 2952 508 3022 ¹<conluuionem
535 2948 722 3030 praesedisse
747 2964 839 3028 nuper
863 2947 998 3012 laminam
1025 2962 1107 3006 exer-

4 3093 9 3103 .
102 3037 174 3100 citio
193 3036 373 3114 cobortinrn,
405 3035 530 3097 decursu
558 3033 714 3112 legionum.
750 3031 915 3108 cogitarent
938 3031 1012 3110 ipsi,
1036 3045 1107 3110 quo·

101 3123 179 3184 tiens
209 3118 432 3200 repetundarum
466 3118 553 3198 aliqui
594 3124 800 3196 arguerentur,
842 3115 926 3196 plura
967 3113 1108 3176 uxoribus
1119 3124 1142 3164 1⁵

102 3205 264 3276 obtectam
300 3203 347 3266 bis
383 3204 477 3268 statim
508 3201 723 3266 adhaerescere
753 3199 937 3276 deterrimum
965 3214 1108 3277 quemque

103 3289 344 3372 provincislium,
375 3288 412 3350 ab
443 3287 488 3350 bis
519 3287 638 3364 negotia
667 3283 793 3363 suscipi,
823 3283 959 3360 mancipis
989 3279 1108 3340 duorum

103 3392 245 3454 egressus
267 3372 340 3452 eoli,
370 3371 426 3435 duo
454 3389 522 3436 asse
541 3369 704 3450 praetoria,
731 3365 933 3447 pervicacibus
957 3363 1049 3440 magis
1080 3368 1109 3420 et

104 3457 301 3538 inpotentibus
324 3457 476 3518 mulierum
500 3453 603 3532 iussis,
630 3469 705 3532 quaa
730 3447 833 3529 Oppiis
860 3443 1004 3528 quondam
1031 3443 1107 3504 aliis·
