2510 3864
487 190 562 248 caP.
584 197 689 256 ts-ta.
1030 203 1089 258 ‘251

82 357 164 417 nium
182 361 212 414 et
228 351 410 413 Messallam:
428 365 501 426 quos
516 347 584 426 quid
601 347 725 424 antiquis
737 348 917 426 temporibus
932 348 1029 426 potius
1047 347 1115 406 ads

85 438 228 500 scribatis
247 453 330 514 quam
344 435 464 510 nostris,
479 449 538 492 non
552 429 649 490 video.
686 447 749 489 nam
763 438 794 490 ut
813 430 849 490 de
867 432 1010 494 Cicerone
1025 430 1090 508 ipso

3 589 5 598 ,
85 525 213 600 loquar,
230 519 324 580 Hirtio
345 535 449 595 nempe
472 524 501 577 et
516 513 608 574 Pansa
630 511 816 591 consulibus,
837 523 869 574 ut
884 512 953 573 Tiro
968 514 1091 576 libertus

86 607 153 666 eius
170 603 289 681 scribit,
311 601 435 681 septimo
454 598 517 658 idus
533 599 708 660 Decembres
726 598 838 658 occisus
855 607 919 675 est,
941 615 998 676 quo
1017 613 1091 668 anno

3 691 28 748 l.
85 688 171 748 divus
191 686 341 764 Augustus
365 686 395 744 in
416 682 510 743 locum
525 679 638 740 Pansae
660 688 690 740 et
714 678 798 739 Hirtii
820 701 853 742 se
874 689 905 741 et
927 678 961 752 Q.
974 679 1091 741 Pedium

85 774 226 832 consules
245 769 368 830 suffecit.
413 773 508 826 statue
525 782 579 824 sex
595 771 625 824 et
641 764 848 842 quinquaginta
862 781 971 840 annos,
987 763 1090 842 quibus
1104 787 1129 828 m

82 871 155 916 mcx
171 854 253 914 divus
269 852 419 928 Augustus
440 847 665 925 rempublicam
687 847 779 915 rexit;
801 847 883 908 adice
899 846 1009 908 'liberii
1030 856 1091 908 tres

3 945 7 984 i
84 946 118 998 et
133 937 254 1012 viginti,
272 941 301 993 et
317 949 411 1011 prope
435 929 652 1009 quadriennium
670 927 737 1008 Gai,
759 948 793 990 ac
807 931 854 991 bis
870 939 1027 1009 quaternos
1043 931 1091 991 de·

2 1033 5 1071 t
82 1036 139 1079 nos
158 1016 268 1081 Claudii
287 1023 317 1076 et
331 1014 459 1076 Neronis
474 1031 583 1092 annos,
601 1021 687 1092 atque
703 1014 783 1075 illum
800 1011 906 1075 Galbae
922 1022 952 1074 et
968 1014 1090 1076 Othonis

84 1111 116 1163 et
131 1099 234 1162 Vitelli
252 1100 368 1176 longum
384 1107 413 1159 et
428 1115 513 1159 unum
529 1115 649 1174 annum,
673 1114 706 1157 ao
721 1106 832 1158 sextam
847 1100 902 1158 iam
923 1097 1019 1161 delicis
1041 1099 1091 1159 bu·

86 1187 132 1245 ius
157 1185 335 1262 principatus
357 1183 527 1261 stationem,
555 1198 611 1259 qua
634 1177 832 1258 Vespasianus
858 1200 920 1243 rem
946 1182 1129 1261 publicamus

85 1270 184 1329 fovet:
208 1276 321 1327 centum
337 1274 366 1326 et
385 1267 488 1343 viginti
509 1265 574 1325 anni
598 1263 634 1322 ab
658 1265 776 1323 interitu
796 1263 946 1327 Ciceronis
969 1267 998 1326 iu
1017 1273 1092 1327 bunc

93 1351 172 1411 diem
188 1351 375 1428 colliguntur,
389 1350 473 1407 unius
488 1347 611 1408 bominis
628 1353 717 1405 aetas.
755 1365 819 1426 nam
835 1349 900 1425 ipse
916 1365 974 1425 ego
986 1351 1015 1408 in
1030 1349 1091 1408 Bri-

93 1434 190 1492 tannia
207 1431 264 1490 vidi
280 1447 392 1506 senens,
408 1431 456 1507 qui
475 1449 507 1490 se
523 1431 665 1490 fateretur
677 1429 703 1488 ei
716 1446 830 1507 pugnae
841 1431 1019 1502 interfuisse,
1037 1449 1091 1509 qua
1166 1480 1173 1493 .

1 1544 3 1564 z
95 1513 253 1576 Gaesarem
280 1513 454 1573 inferentem
491 1529 567 1572 arma
596 1511 724 1571 britanni
760 1529 861 1574 arcere
893 1515 1029 1574 litoribus
1062 1522 1092 1574 et

1 1629 4 1668 ;
89 1600 208 1677 pellere
224 1595 356 1674 adgressi
372 1603 445 1655 sunt.
475 1596 515 1655 ita
531 1597 555 1655 si
571 1596 710 1671 eum-qui
726 1605 850 1656 armatus
865 1595 896 1657 C.
912 1594 1029 1660 Caesari
1045 1615 1091 1658 re·
1103 1621 1129 1661 so

89 1682 182 1758 stitit,
201 1682 251 1741 vel
266 1680 418 1757 captivitas
433 1681 484 1740 vel
498 1679 701 1748 voluntas‚vel
714 1677 802 1738 iatum
817 1679 934 1757 aliquod
947 1680 977 1740 in
991 1680 1092 1742 urbem

89 1763 299 1844 pertraxisset,
320 1780 414 1842 aeque
437 1763 512 1824 idem
532 1769 563 1822 et
578 1758 733 1821 Gaesarem
752 1761 845 1840 ipsum
867 1772 898 1822 et
919 1761 1091 1824 Ciceronem

89 1847 189 1910 audire
214 1847 309 1926 potuit
330 1855 359 1906 et
379 1848 488 1908 nostris
513 1862 629 1925 quoque
652 1844 814 1918 actionibus
836 1847 991 1910 interesse.
1025 1864 1090 1925 pro·

89 1933 167 1992 ximo
183 1931 298 2008 quidem
313 1931 462 2007 congiario
477 1931 534 2009 ipsi
549 1927 663 1988 vidistis
686 1931 848 2007 plerosque
865 1948 971 2008 senes,
993 1931 1040 2008 qui
1057 1948 1090 1990 so

88 2032 104 2074 a
121 2013 189 2074 divo
205 2030 323 2090 quoque
337 2011 472 2089 Augusto
488 2013 581 2072 semel
598 2018 685 2086 atque
697 2013 802 2071 iterum
814 2014 965 2090 accepisse
975 2014 1091 2089 congia·
1104 2029 1129 2070 rs

88 2097 160 2156 rium
180 2095 343 2155 narrabant.
376 2111 413 2154 ex
434 2112 492 2171 quo
509 2093 609 2169 colligi
629 2101 729 2170 potest
750 2102 780 2153 et
797 2092 951 2154 Corvinum
975 2094 1010 2154 ab
1031 2095 1090 2155 iilis

1 2231 2 2256 ,
88 2187 118 2239 et
131 2175 265 2238 Asinium
280 2177 371 2238 audiri
386 2178 534 2256 potuisse;
557 2193 621 2235 nam
643 2170 785 2236 Corvinus
808 2179 837 2236 in
857 2177 980 2237 medium
997 2195 1090 2254 usque

1 2305 2 2321 2
89 2261 215 2340 Augusti
231 2261 437 2340 principatum,
454 2259 572 2320 Asinius
586 2273 680 2336 paone
691 2257 725 2319 ad
740 2265 898 2341 extumum
915 2259 1037 2338 duravit,
1054 2277 1091 2320 ne

1 2405 2 2410 ,
89 2340 220 2407 dividatis
235 2346 397 2420 saeculum,
415 2351 445 2404 et
461 2344 594 2420 antiquos
607 2357 641 2399 ac
655 2349 775 2402 veteres
794 2344 929 2403 vocitetis
945 2350 1090 2418 oratores,

88 2444 162 2506 quos
181 2426 341 2487 eorundem
356 2426 500 2487 bominum
515 2442 600 2485 aures
616 2422 797 2500 adgnoscere
819 2442 854 2485 ac
872 2429 954 2487 velut
974 2427 1090 2486 coniun-
1103 2449 1128 2491 aa

86 2529 160 2589 gere
178 2519 208 2571 et
224 2511 363 2588 copulare
378 2516 543 2588 potuerunt.
1061 2556 1063 2558 .

169 2591 219 2658 18.
248 2593 328 2654 llaec
342 2591 410 2652 ideo
431 2590 581 2670 praedixi,
602 2599 633 2651 ut
648 2590 672 2649 si
692 2606 746 2667 qua
763 2609 801 2650 ex
820 2590 920 2654 borum
945 2601 1062 2655 oratoru

85 2680 157 2739 fama
188 2678 343 2757 gloriaque
373 2678 437 2737 laus
459 2674 639 2753 temporibus
667 2675 836 2754 adquiritur,
867 2693 928 2736 eam
954 2676 1090 2738 docerem

85 2763 113 2820 in
128 2759 223 2820 medio
240 2761 322 2820 sitam
347 2766 377 2819 et
399 2760 568 2836 propiorem
590 2757 676 2824 nobis
699 2775 781 2835 quam
797 2757 902 2820 Servio
919 2757 1027 2823 Galbae
1042 2769 1090 2824 aut

86 2843 117 2905 G.
132 2845 236 2907 laelio
247 2851 300 2906 aut
312 2845 342 2906 0.
361 2840 488 2903 Carboni
504 2857 637 2920 quosque
652 2841 727 2902 alios
743 2842 847 2902 merito
859 2844 992 2921 antiquos
1005 2863 1090 2907 voca·

86 2929 227 2994 venimus;
245 2935 311 2988 sunt
326 2927 401 2988 enim
410 2925 520 2986 horridi
533 2932 568 2984 et
582 2926 707 3003 impoliti
721 2933 751 2986 et
761 2925 848 2986 rudes
864 2933 896 2985 et
906 2927 1045 2990 informes
1059 2935 1115 2987 ets

47 3047 52 3057 ·
86 3029 158 3087 quos
173 3012 278 3070 utinam
292 3012 392 3073 ncilla
406 3016 489 3088 parte
497 3008 623 3070 imitatus
637 3006 835 3070 esaetCalvus
848 3018 949 3070 uester
960 3021 1008 3073 aut
1017 3009 1088 3070 Gae-

84 3093 141 3154 lius
154 3099 202 3152 aut
215 3094 281 3170 ipse
296 3090 411 3154 Cicero.
425 3110 515 3169 agere
528 3091 603 3152 enim
615 3092 723 3154 lortius
735 3093 791 3152 iam
802 3101 832 3153 et
844 3092 993 3153 audentius
1007 3096 1088 3168 volo,

88 3176 112 3236 si
128 3174 197 3236 illud
214 3183 281 3234 ante
296 3175 484 3255 praedixero,
499 3174 603 3235 mutari
619 3194 682 3236 cum
698 3176 878 3253 temporibus
894 3176 1002 3238 iormas
1018 3171 1087 3256 quo·

87 3276 145 3339 que
161 3267 192 3317 at
205 3276 318 3336 genera
335 3258 459 3319 dicendi.
497 3261 540 3320 sic
556 3254 659 3319 Catoni
677 3260 740 3320 seni
756 3267 938 3336 comparatus
954 3255 987 3317 G.
1004 3255 1089 3317 Grac·

89 3340 160 3403 obus
177 3343 295 3420 plenior
307 3351 337 3404 et
349 3342 478 3414 uberior,
495 3343 538 3404 sic
551 3341 680 3404 Graccho
694 3341 814 3422 politior
829 3349 859 3401 et
871 3337 1089 3402 ornatiorGras·
1103 3356 1128 3396 m

91 3444 151 3506 sus,
167 3427 210 3486 sic
231 3433 356 3506 utroque
372 3427 538 3490 distinctior
555 3435 586 3488 et
600 3427 740 3488 urbanior
756 3434 786 3486 et
802 3426 890 3487 altior
905 3421 1027 3497 Cicero,
1044 3418 1089 3479 Gi·
