2536 3870
468 171 660 226 cumi-au.
1005 169 1064 232 197

63 331 110 392 ios
129 327 222 406 tollit,
244 324 377 388 sublatos
399 326 557 388 seeundum
579 328 750 407 impressam
772 341 838 394 ante
859 307 956 395 notam
978 336 1065 396 inter·

64 420 204 494 pretatur,
225 410 250 472 sl
266 409 485 489 prohibuerunt,
501 412 579 472 nullu
590 412 627 473 de
643 415 744 476 eadem
759 433 792 478 re
807 417 836 477 iu
851 418 974 480 eundem
989 418 1065 480 diem

63 495 251 574 consultatio;
280 495 324 554 siu
341 494 529 574 permissum,
558 499 752 578 auspiciorum
775 500 869 562 adhuc
884 501 957 563 ddes
972 503 1064 582 exigi·

63 591 119 642 tur.
149 577 266 641 stillud
280 577 394 658 quidem
411 579 498 640 etiam
515 579 563 640 bic
584 590 697 662 notum,
720 586 814 645 arium
829 602 922 646 voces
935 587 1063 648 volatus·
1075 605 1099 650 ro

63 682 120 746 que
135 666 333 739 interrogare:
364 663 513 743 proprium
531 665 628 741 gentis
651 683 792 747 equorum
809 686 927 749 quoque
947 687 1065 751 praesu·

62 751 111 826 gia
131 765 166 809 ao
186 746 310 807 monitus
336 747 474 825 experiri.
510 746 630 827 publice
650 749 764 811 aluntur
783 751 877 813 isdem
899 753 1065 814 nemoribus

61 851 96 893 ac
111 832 201 909 lucis,
224 827 337 890 candidi
354 838 384 890 et
398 829 477 890 nullo
492 830 607 892 mortali
625 851 718 912 opere
734 838 876 906 contecti;
893 855 967 917 quos
982 855 1065 916 pres-

60 934 111 978 sos
127 930 213 976 sacro
229 930 315 974 curru
331 913 473 975 sacerdos
486 932 522 976 ae
540 932 595 976 rex
615 916 665 977 vei
681 919 821 999 princeps
837 918 960 982 civitatis
977 921 1065 982 comi·
1184 957 1203 980 .

61 1009 156 1061 tantur
176 997 360 1077 hinnitusque
381 1015 417 1058 ae
438 998 569 1060 fremitus
593 999 761 1063 observmt.
790 1020 847 1064 nec
863 1003 914 1064 elii
931 1005 1064 1084 auspicio
1074 1024 1099 1067 ιι
1206 1011 1208 1014 ’

61 1084 153 1144 maior
178 1080 268 1158 ddss,
289 1098 348 1142 uon
371 1081 465 1142 solnm
486 1082 562 1162 apud
585 1082 718 1165 plebem,
739 1087 792 1147 sed
817 1087 894 1167 apud
910 1105 1064 1169 proceres,

61 1167 139 1246 apud
161 1165 349 1236 sacerdotem
372 1183 405 1226 se
429 1167 506 1226 enirn
518 1168 664 1230 ministros
687 1170 824 1249 deorum,
842 1170 910 1232 illos
929 1173 1065 1232 conscios

60 1259 171 1330 putant.
200 1257 247 1310 eat
260 1257 290 1310 et
304 1249 361 1310 alia
372 1248 541 1312 observatio
556 1253 768 1332 auspiciorum,
786 1273 841 1335 qua
856 1257 986 1333 gravium
1002 1255 1065 1316 bei·

59 1336 154 1396 lorum
168 1341 290 1395 eventus
303 1329 486 1412 exploratur.
528 1335 592 1395 eius
605 1339 716 1415 gentis,
733 1356 867 1417 numqua
882 1336 990 1399 bellum
1007 1345 1063 1415 est,

61 1419 206 1498 captivum
227 1416 452 1497 quoquomodo
474 1419 665 1497 interceptum
688 1437 753 1480 cum
768 1421 864 1482 electo
883 1422 1098 1503 populariumsr.

58 1520 203 1647 :graffiis
216 1501 479 1646 pffhrffeutenffloe
492 1505 813 1646 ἔξὲἰιίἰυξοιιιιιιίιιιιιιιε
843 1505 966 1565 victoria
980 1504 1065 1565 buius

125 1670 176 1731 11.
197 1603 243 1728 ΒΞ
258 1602 417 1730 ιιιίιιιοιίιιιιι
439 1667 527 1730 rebus
546 1603 695 1750 pffinerper
718 1671 898 1749 consultant,
921 1671 958 1732 de
976 1673 1160 1742 moion„
1205 1657 1206 1662 ἵ

58 1753 140 1814 ribus
156 1769 267 1829 omues,
282 1753 321 1813 ita
336 1761 432 1813 tamen
445 1761 476 1814 ιιι
491 1771 526 1814 ea
541 1769 676 1833 quoque,
699 1772 820 1834 quorum
839 1772 932 1835 penes
948 1754 1065 1833 plebem

57 1837 206 1900 arbitrium
218 1844 273 1914 est,
287 1835 363 1915 apud
376 1837 525 1915 principes
539 1842 764 1924 pertractentur.
803 1847 920 1915 coeunt,
931 1838 987 1899 uisi
997 1837 1065 1918 quid

56 1923 206 1985 fortuitum
223 1931 254 1981 et
268 1919 391 1981 subitum
405 1920 513 1998 incidit,
531 1921 619 1981 certis
634 1919 755 2000 diebus,
773 1939 837 1984 cum
852 1930 900 1983 aut
913 1921 1065 1983 inchoatur

58 2007 126 2067 luna
146 2014 196 2066 aut
214 2004 366 2084 impletura
388 2021 452 2064 uam
470 2004 592 2081 agendis
613 2005 702 2066 rebus
725 2005 783 2067 boe
806 2007 1088 2084 auspicatissimum

57 2090 168 2151 initium
193 2087 323 2149 creduut.
359 2105 415 2147 nec
430 2086 540 2147 dierum
556 2105 722 2166 numerum,
737 2098 769 2150 ut
782 2106 856 2166 nos,
871 2087 925 2148 sed
939 2090 1066 2148 nondum

61 2178 238 2251 computant.
270 2173 315 2232 sic
333 2171 523 2247 constituunt,
539 2172 583 2231 sic
598 2171 768 2233 condicunt:
789 2189 849 2234 uox
865 2171 975 2232 ducere
990 2171 1065 2232 diem

58 2259 183 2319 videtur.
202 2255 273 2317 illud
286 2273 324 2316 ex
338 2253 473 2316 libertate
485 2255 600 2331 vitium,
618 2255 696 2333 quod
711 2272 771 2317 nou
785 2254 869 2316 simul
883 2272 940 2316 nee
953 2262 983 2315 ut
993 2249 1065 2316 bissi

60 2342 251 2418 conueniunt,
267 2338 320 2400 sed
339 2347 368 2400 et
382 2336 457 2400 alter
468 2346 498 2398 et
513 2339 615 2399 tertius
627 2338 690 2399 dies
706 2340 889 2400 cunctatione
903 2340 1065 2400 coeuntium

60 2423 227 2485 absumitur.
254 2431 285 2484 ut
299 2423 401 2484 turbae
415 2421 534 2502 placuit,
547 2422 700 2484 considunt
712 2424 822 2484 armati.
850 2422 994 2483 silentium
1009 2441 1063 2502 per
1075 2435 1100 2480 rt

60 2506 248 2584 sacerdotes,
267 2507 370 2587 quibus
387 2515 446 2568 tum
463 2515 493 2566 et
508 2506 666 2567 coercendi
680 2508 725 2567 ius
741 2515 796 2584 est,
815 2508 981 2587 imperatur.
997 2523 1066 2570 mox

60 2611 113 2652 rex
128 2591 177 2652 rel
193 2593 346 2671 princeps,
363 2599 450 2671 prout
465 2598 546 2651 aetas
562 2591 684 2670 cuique,
708 2601 795 2672 prout
810 2588 963 2669 nobilitas,
979 2598 1067 2670 prout

61 2676 150 2736 decus
171 2674 331 2753 bellorum,
355 2683 442 2755 prout
461 2673 596 2735 facundia
623 2683 684 2752 est,
706 2675 873 2751 audiuntur,
892 2675 1066 2735 auctoritate

62 2758 200 2820 suadendi
211 2762 304 2838 magis
319 2777 403 2839 ιιιιιιι
421 2757 537 2818 iubendi
552 2767 710 2837 potestate.
741 2761 766 2819 si
783 2757 931 2837 displicuit
949 2767 1065 2819 senten·

61 2844 114 2921 tia,
138 2843 254 2908 iremitu
279 2850 485 2924 aspernantur;
512 2845 556 2904 siu
578 2843 706 2921 placuit,
730 2843 855 2904 immeas
882 2843 1059 2903 concutiunt:
1075 2857 1100 2899 rs

61 2926 315 2990 honoratissimum
330 2927 472 2989 adsensus
487 2944 581 3004 penus
596 2935 641 2986 est
656 2929 742 2987 armis
757 2927 886 2988 laudare.

127 3011 176 3071 12.
198 3011 279 3072 Licet
298 3011 374 3089 apud
399 3010 553 3072 concilium
571 3027 712 3072 accusare
729 3028 846 3090 quoque
866 3017 896 3070 et
910 3008 1065 3070 discrimen

64 3093 165 3168 capitis
183 3092 342 3174 intendere.
368 3094 513 3154 distinctio
528 3109 741 3174 poenarnmer
757 3093 874 3156 delicto.
899 3091 1066 3172 proditores

64 3181 93 3231 et
113 3175 280 3253 transfugas
302 3175 455 3238 arboribus
477 3177 669 3256 suspendunt;
690 3179 814 3256 ignavos
836 3186 866 3238 et
884 3175 1019 3237 imbelles
1037 3184 1068 3235 et

64 3273 192 3336 corpore
206 3259 328 3321 infames
345 3277 437 3321 caeno
453 3277 490 3320 ac
503 3259 620 3340 palude,
632 3263 739 3323 iniecta
754 3264 980 3341 insuperorate,
991 3277 1066 3320 mer·

64 3353 143 3418 gunt.
175 3344 332 3406 diversitas
361 3342 498 3423 supplicii
522 3343 593 3406 illuc
619 3347 756 3426 respicit,
778 3355 921 3423 tamquam
950 3343 1089 3404 accierat

64 3427 177 3488 ostendi
200 3437 352 3511 oporteat,
375 3428 440 3490 dum
462 3429 632 3508 puniuntur,
653 3429 763 3509 iapida
787 3426 938 3490 abscondi.
968 3424 1067 3486 sedet
