2570 3878
438 150 822 210 nuenav1.cu1>.m-uc.
1066 139 1127 202 175

121 310 210 382 gente
225 301 353 364 Arabum
372 303 452 364 iacto
468 306 560 366 ceteri
575 305 676 366 domos
696 307 802 370 abeunt
816 308 864 370 rel
887 311 916 370 in
932 317 1027 369 castra
1041 307 1125 369 Arta·

121 387 199 463 bani,
218 386 314 449 donee
329 387 470 465 Tiridates
486 406 551 450 cum
565 392 666 469 paucis
685 393 714 452 in
729 393 841 454 Suriam
860 402 998 454 revectus
1013 392 1165 472 pudorem

121 472 294 538 prodicionis
309 489 411 533 ornnes
426 473 563 535 exsolvit.

141 642 148 656 .
178 552 235 655 45.
259 555 339 617 Idem
355 575 446 657 aurius
466 561 550 635 gravi
569 559 639 636 igne
655 559 755 620 urbem
784 559 903 638 adficit,
920 560 1020 622 deusta
1037 569 1121 640 parte

120 640 1126 804 {mettiilllldtltteltlttiltilllu‘tilld

119 810 232 891 pretiis.
247 809 375 870 'miliens
390 811 554 871 sestertium
562 811 592 871 in
598 810 793 873 munificentia
801 829 837 873 ea
845 810 1040 884 conlocatum,
1046 819 1126 872 tanto

119 893 271 974 acceptius
287 895 315 955 in
332 893 460 973 vulgum,
478 885 584 974 quanto
600 895 732 957 modicus
743 896 863 974 privatis
875 893 1155 958 aedificationibuse

119 998 157 1039 ne
171 977 290 1057 publice
304 978 420 1057 quidem
435 980 490 1039 nisi
510 979 567 1040 duo
582 997 674 1058 opera
689 981 807 1060 struxit,
832 979 971 1061 templum
991 978 1126 1057 Augusto

119 1072 150 1124 et
158 1079 295 1133 scaenam
305 1061 476 1142 Pompeiani
488 1062 607 1134 tbeatri;
624 1081 718 1142 eaque
729 1064 871 1143 perfecta,
889 1073 1057 1143 contemptu
1069 1080 1127 1122 arn·

119 1147 238 1208 bitionia
259 1165 295 1208 an
317 1163 372 1226 per
386 1155 582 1224 senectutem,
603 1146 682 1208 haud
695 1147 850 1209 dedicavit.
879 1147 932 1209 sed
947 1145 1126 1209 aestimando

119 1229 455 1310 cuiusque-detrimento
476 1240 613 1311 quattuor
634 1232 793 1311 progeneri
815 1230 966 1308 Caesaris,
992 1230 1045 1293 Gn.
1067 1230 1126 1291 Do·

118 1316 223 1392 mitius,
241 1313 360 1376 (lessius
373 1314 531 1393 longinus,
547 1315 586 1376 ll.
602 1315 749 1392 Vinicius,
764 1315 918 1378 Rubellius
933 1315 1060 1376 Blandus
1075 1313 1123 1376 de·
1135 1331 1165 1372 ue

118 1399 190 1461 lecti
205 1398 375 1478 additusque
390 1400 586 1461 nominatione
603 1399 754 1458 consulum
771 1398 804 1460 Ρ.
819 1399 984 1468 Petronius.
1020 1407 1049 1460 et
1072 1414 1126 1478 pro

117 1483 239 1562 ingenio
262 1483 402 1627 cuiusque
424 1484 546 1562 quaesiti
566 1482 735 1561 decretique
752 1484 781 1543 in
803 1484 966 1563 principem
981 1481 1126 1550 bonorem

119 1585 194 1648 quos
206 1567 336 1628 omiserit
365 1568 548 1647 eoeperitve,
562 1568 591 1626 in
603 1567 716 1627 incerto
727 1566 781 1626 luit
793 1565 831 1626 ob
844 1567 1039 1648 propinquum
1050 1567 1128 1626 vitae

118 1653 215 1714 linem.
245 1650 443 1730 nequeenim
468 1651 557 1712 multo
585 1658 654 1729 post
678 1651 806 1729 supremi
833 1650 951 1712 'liberio
978 1635 1126 1726 cobsulea,

120 1735 173 1797 Gn.
188 1737 369 1796 Acerronius
385 1734 417 1796 G.
435 1735 564 1812 Pontius,
579 1734 778 1812 magistratum
795 1751 953 1815 occepere,
969 1734 1163 1795 aimiricum

119 1819 250 1900 potentia
269 1819 431 1897 Macronis,
456 1820 504 1897 qui
521 1820 644 1897 gratiam
666 1817 717 1880 (lai
741 1817 878 1880 Caesarie
896 1836 1050 1897 numquam
1070 1815 1127 1886 sibi

118 1904 284 1983 neglectam
302 1905 397 1964 aerius
418 1904 446 1963 in
468 1902 530 1964 dies
550 1902 672 1964 fovebat
689 1903 900 1983 impuleratque
915 1912 984 1983 post
1004 1911 1127 1963 mortem

119 1987 268 2065 Claudiae,
285 2005 370 2066 quam
385 1996 502 2068 nuptam
518 1989 545 2048 ei
559 1987 675 2064 rettuli,
697 2004 819 2050 uxorem
834 2005 914 2049 suam
929 1983 1050 2069 Enniam
1065 1985 1125 2046 imi-

118 2072 206 2133 tando
222 2089 349 2133 amorem
363 2074 497 2132 iuvenem
514 2072 637 2132 inlicere
653 2080 798 2151 pactoque
812 2072 985 2133 matrimonii
998 2071 1122 2147 vincire,

94 2185 102 2190 ·
117 2156 189 2218 nihil
202 2154 385 2234 abnuentem,
398 2156 464 2216 dum
474 2155 675 2216 dominationis
687 2155 967 2234 apisceretnr3'nam
979 2155 1033 2214 etsi
1047 2170 1123 2214 com·
1134 2166 1164 2207 ao

116 2249 213 2302 motus
235 2241 354 2318 ingenio
376 2241 585 2301 simulationum
605 2247 701 2300 tamen
726 2238 802 2299 falsa
821 2240 851 2298 in
874 2241 938 2300 sinu
961 2238 1006 2298 avi
1028 2235 1124 2317 perdi·

117 2327 240 2388 dicerat.
386 2329 388 2338 ’
955 2381 962 2394 ,
1098 2348 1103 2363 =

173 2404 232 2470 46.
258 2406 382 2470 Gnarum
403 2408 462 2468 lroc
484 2407 627 2487 principi,
651 2406 901 2486 eoqneldnbitavit
922 2407 958 2467 de
979 2403 1120 2465 tradenda

117 2511 152 2554 re
168 2491 297 2571 publica,
312 2493 433 2572 primum
443 2494 519 2553 inter
532 2500 668 2572 nepotes,
684 2508 805 2570 quorum
816 2490 912 2552 Druso
928 2490 1044 2568 genitus
1058 2505 1124 2548 san·

116 2578 207 2656 guine
221 2585 251 2636 et
267 2579 387 2638 caritate
402 2578 540 2657 propior,
557 2576 609 2637 sed
624 2575 749 2636 nondum
763 2574 946 2655 pubertatem
961 2574 1125 2651 ingressus,

99 2685 103 2692 ·
117 2661 283 2724 Germanici
295 2660 355 2723 dlio
366 2660 457 2722 robur
468 2662 616 2738 inventae,
630 2659 712 2738 vulgi
725 2659 827 2737 studia,
844 2677 937 2739 eaque
951 2656 1029 2737 apud
1040 2673 1125 2717 arum

115 2746 177 2808 odii
191 2763 291 2806 causa.
315 2745 400 2806 etiam
412 2744 449 2806 de
459 2744 580 2807 Claudio
592 2744 722 2823 agitanti,
738 2744 816 2824 qnod
827 2744 853 2804 is
864 2742 1018 2823 conposita
1028 2749 1151 2801 aetates

115 2831 259 2892 bonarum
275 2829 377 2890 artium
391 2831 512 2910 cupiens
528 2839 601 2906 erat,
616 2829 752 2890 inminuta
766 2846 847 2889 mens
862 2828 926 2888 eins
940 2825 1060 2887 obstitit.
1080 2823 1125 2884 sin
1219 2887 1231 2910 ⁸

115 2913 201 2977 extra
216 2914 332 2976 domum
346 2931 506 2975 successor
519 2921 719 2993 quaereretur,
734 2931 771 2972 ne
782 2913 921 2972 memoria
932 2910 1069 2988 Augusti,
1087 2926 1125 2969 ne

115 3017 224 3062 nomeu
241 2998 398 3061 (laesarum
420 3000 449 3060 in
462 2997 585 3060 ludibria
601 3006 629 3058 et
645 2997 836 3058 contumelias
850 3003 1000 3058 verterent
1014 3003 1124 3054 metue·

114 3085 181 3146 hat:
202 3084 313 3164 quippe
334 3083 376 3144 illi
396 3101 454 3144 non
471 3082 593 3163 perinde
613 3099 702 3142 curae
716 3081 811 3159 gratia
826 3081 1023 3160 praesentium
1039 3095 1124 3158 quam

6 3167 8 3198 s
114 3171 146 3230 in
161 3177 300 3248 posteros
314 3161 442 3228 ambitio.
468 3184 538 3228 mor
549 3168 678 3227 incertus
690 3165 783 3244 animi,
798 3164 880 3226 leaeo
894 3181 1037 3244 corpore,
1055 3179 1122 3221 con·
1133 3180 1160 3220 ιο

115 3252 221 3330 silium,
237 3255 282 3312 cni
301 3254 309 3268 '
360 3271 391 3312 er
407 3261 479 3330 erat,
494 3251 554 3312 fato
570 3251 711 3330 permisit,
727 3250 811 3310 iactis
825 3259 920 3310 tamen
935 3244 1057 3308 vocibus
1069 3262 1124 3322 per

115 3355 190 3418 quas
203 3271 425 3415 intelleffietur
443 3334 583 3416 providus
595 3335 770 3403 futurorum3
788 3350 910 3412 namque
920 3327 1051 3392 llacroni
1064 3342 1123 3424 uoq

115 3421 214 3483 abdita
233 3421 356 3501 ambago
372 3419 556 3488 occidentem
577 3419 614 3480 ab
637 3435 673 3480 eo
698 3417 810 3490 deseri,
832 3415 972 3476 orientem
995 3416 1124 3488 spectare
