2540 3874
123 169 182 231 124
368 177 532 226 corneum
552 173 669 224 nucum
689 174 872 224 namuurum

120 333 239 396 vendas.
275 351 344 394 mox
362 331 550 408 Numantina,
577 331 658 409 prior
682 346 758 390 uxor
784 331 863 406 eius,
890 338 1027 392 accusata
1053 330 1121 392 inio

122 419 197 479 cisse
213 416 384 478 carminibus
399 425 428 476 et
442 415 591 476 venaliciis
615 412 800 475 vaecordiam
820 415 944 492 marito,
961 415 1061 475 insons
1083 417 1126 474 iu-

121 501 243 562 dicatur.

184 583 235 646 23.
258 583 287 645 le
303 584 415 645 demum
432 601 522 646 annus
537 583 676 663 populum
690 581 851 643 Romanum
866 581 957 660 longo
969 582 1125 644 adversum

119 667 269 731 Numidam
290 667 500 730 Tacfarinatem
522 666 603 728 bello
626 665 762 728 absolvit.
800 683 865 727 uam
892 665 1007 746 priores
1033 666 1126 728 duces

119 753 168 813 ubi
185 750 366 833 impetrando
391 750 602 830 triumphalium
619 750 724 829 insigni
744 749 882 811 sulficere
902 769 952 813 ree
971 769 1039 812 suas
1061 770 1125 812 cre·

121 836 261 914 diderant,
275 835 389 898 bostem
405 835 587 905 omittebant;
609 837 724 914 iamque
745 841 807 894 tres
829 833 976 897 laureatae
999 836 1028 896 in
1051 835 1125 896 urbe

98 929 233 982 astatuae
249 928 280 980 et
294 919 386 981 adbuc
401 919 535 1000 raptabat
550 918 680 980 Africam
693 918 879 997 Tacfarinas,
897 927 998 980 auctus
1009 918 1122 980 blauro-

121 1022 183 1065 rum
197 1003 325 1082 auxillis,
354 1007 418 1084 qui,
438 1004 608 1066 Ptolemaeo
629 1002 718 1064 lubae
741 1002 802 1063 lilio
823 1002 939 1064 iuventa
964 1004 1118 1086 incurioso,

120 1087 243 1148 libertos
260 1089 361 1167 regios
376 1096 406 1150 et
421 1087 538 1149 servilia
552 1087 672 1167 imperia
687 1086 768 1148 bello
782 1094 970 1148 mutaverant.
1000 1095 1063 1163 ,erat
1080 1086 1124 1152 illl

123 1171 293 1252 praedarum
315 1180 455 1252 receptor
475 1190 511 1232 ac
531 1173 628 1232 socius
650 1169 809 1252 populandi
835 1189 890 1232 rex
912 1170 1124 1249 Garamantum,

122 1273 180 1317 uon
201 1263 232 1315 ut
252 1273 316 1316 cum
337 1257 468 1318 exercitu
491 1254 657 1333 incederet,
686 1254 739 1316 sed
761 1255 857 1316 missis
884 1255 998 1316 levibus
1022 1257 1125 1336 copiis,

87 1351 113 1394 1⁰
123 1357 197 1420 quae
213 1357 250 1400 ex
264 1339 424 1420 lougn'nqno
437 1341 465 1401 iu
477 1339 567 1402 maius
578 1339 778 1410 audiebantur;
795 1341 917 1419 ipsaque
930 1358 947 1400 e
960 1341 1125 1419 provincia,

121 1433 152 1484 ut
167 1423 231 1503 quis
244 1424 359 1486 iortuna
375 1425 478 1506 inops,
493 1423 621 1486 moribus
642 1423 788 1502 turbidus,
810 1426 971 1503 promptius
992 1422 1126 1502 ruebant,

122 1508 188 1588 quia
210 1505 320 1570 Gaesar
340 1516 408 1589 post
429 1527 478 1572 res
501 1527 517 1571 a
537 1507 645 1570 blaeso
666 1517 782 1588 gestae,
809 1509 890 1587 quasi
909 1507 995 1582 nullis
1015 1507 1072 1569 iarn
1096 1509 1126 1569 iu

120 1591 223 1652 Africa
237 1591 380 1671 hostibus,
397 1593 542 1673 reportari
558 1610 664 1653 nonam
679 1592 826 1671 legionem
841 1593 982 1670 iusserat,
998 1610 1054 1654 nec
1070 1609 1125 1672 pro

122 1674 243 1735 consule
259 1677 321 1736 eius
337 1679 403 1737 anni
417 1677 449 1739 Ρ.
463 1676 618 1738 Dolabella
629 1676 757 1737 retinere
770 1694 856 1737 ausus
868 1686 940 1754 erat,
957 1677 1034 1738 iussa
1048 1678 1125 1756 prin·
1203 1731 1206 1734 .

89 1777 112 1819 ιι
124 1758 197 1838 cipis
212 1761 305 1836 magis
321 1777 404 1839 quam
418 1761 529 1821 incerta
546 1760 618 1821 belli
632 1769 773 1821 metuens.

22 1840 234 1937 sti.
254 1840 347 1920 lgitur
370 1843 539 1905 Tacfarinas
568 1843 702 1922 disperso
732 1862 848 1906 rumore
876 1864 937 1907 rem
967 1845 1125 1906 Romanam

17 1923 20 1931 '
122 1925 188 1985 aliis
208 1941 325 2006 quoque
345 1926 382 1987 ab
406 1929 567 1989 nationibus
588 1927 712 1989 lacerari
735 1946 830 2009 eoque
859 1929 995 2009 paulatim
1024 1928 1126 1990 Africa

121 2006 280 2087 decedere,
301 2027 340 2070 ac
361 2029 450 2091 posse
472 2012 603 2091 reliquos
627 2013 843 2092 circumveniri,
868 2014 893 2074 si
913 2013 1008 2074 cuncti
1022 2013 1127 2093 quibus

120 2092 240 2153 libertas
257 2095 376 2156 servitio
399 2097 497 2175 potior
517 2096 731 2176 incubuissent,
754 2106 842 2177 auget
863 2098 942 2158 vires
965 2097 1127 2178 positisque

97 2176 225 2237 scastris
240 2175 424 2240 Thubuscum
445 2180 583 2261 oppidum
604 2181 796 2242 circumsidet.
833 2191 862 2243 at
880 2181 1035 2243 Dolabella
1057 2199 1126 2242 con·

119 2268 213 2320 macto
237 2261 315 2341 quod
335 2272 399 2325 erat
418 2264 552 2343 militurn,
581 2273 695 2326 terrore
722 2266 843 2327 nominis
864 2266 986 2328 llomani
1008 2274 1037 2325 et
1060 2269 1128 2345 quia

118 2343 258 2407 Numidae
278 2345 404 2425 peditum
425 2351 517 2410 aciem
538 2350 616 2410 ferre
637 2359 800 2429 nequeunt,
828 2351 922 2429 primo
946 2350 990 2410 sui
1009 2351 1126 2410 incessu

120 2428 209 2489 solvit
222 2427 366 2490 obsidium
381 2432 570 2513 locorumque
579 2441 741 2511 opportuna
748 2435 934 2513 permunivit;
952 2434 1033 2495 simul
1043 2435 1125 2512 prin-

121 2513 202 2591 cipes
217 2510 452 2577 Musulamiorum
468 2515 661 2578 deiectionem
678 2527 851 2598 coaptantes
875 2520 971 2580 securi
990 2519 1124 2597 percutit.

85 2608 110 2650 uc
120 2593 186 2655 dein
213 2595 278 2674 quia
309 2597 440 2677 pluribus
471 2600 624 2662 aduersum
650 2600 861 2663 Tacfarinatem
892 2600 1126 2682 expeditionibus

120 2679 280 2759 cognitum,
304 2699 362 2744 nou
380 2684 465 2762 gravi
485 2703 541 2746 nec
562 2703 621 2746 uno
637 2687 754 2746 incursu
771 2686 996 2748 consectandum
1010 2686 1125 2747 bostem

117 2781 239 2842 uagum,
264 2769 362 2828 excito
385 2787 448 2828 cum
474 2769 662 2848 popularibus
689 2788 762 2849 rege
788 2769 958 2836 Ptolemaeo
990 2779 1126 2850 quattuor

118 2848 231 2926 agmina
247 2854 345 2931 parat,
361 2871 435 2931 quae
451 2852 557 2931 legatis
572 2862 620 2914 aut
636 2852 757 2915 tribunis
774 2853 854 2925 data;
877 2864 906 2916 et
922 2855 1125 2935 praedatorias

117 2949 217 3074 mpure
240 2932 346 2996 delecti
365 2935 528 2998 llaurorum
550 2937 675 2999 duxere:
701 2939 765 3019 ipse
783 2938 935 3000 consultor
950 2939 1048 3000 aderat
1063 2954 1122 2998 om-

84 3034 146 3084 rum
169 3034 213 3075 us.

182 3097 235 3163 25.
257 3100 321 3162 Nec
341 3103 431 3164 multo
457 3114 525 3186 post
547 3105 675 3166 adlcrtur
700 3106 837 3170 Numidas
865 3109 943 3188 apud
973 3107 1127 3169 castellum

116 3183 299 3262 semirutum,
324 3185 360 3246 ab
382 3188 454 3266 ipsis
477 3189 621 3268 quondam
641 3191 803 3272 incensum,
829 3194 876 3254 cui
890 3211 997 3254 nomen
1011 3192 1126 3270 Auzea,

116 3267 221 3344 positis
236 3268 395 3348 mapalibus
415 3272 601 3351 consedisse,
618 3275 690 3335 iisos
706 3275 792 3355 loco,
816 3278 882 3357 quia
902 3280 992 3338 vastis
1015 3279 1126 3338 circum

118 3347 238 3445 saltibus
255 3351 452 3415 claudebatur.
479 3365 537 3417 tum
552 3357 708 3436 expeditae
724 3360 862 3424 cobortes
878 3361 1016 3441 alaeque,
1039 3379 1124 3440 quarn

93 3447 144 3490 orn
160 3441 272 3508 partem
287 3433 461 3498 ducerentur
476 3441 611 3522 ignarae,
628 3443 686 3504 cito
703 3447 818 3524 agmine
838 3447 994 3528 rapiuntur.
1026 3445 1122 3505 simul-

48 3687 93 3744 A

18 3761 39 3812 A
