2568 3870
386 153 491 200 ursus
506 152 543 200 11.
568 153 644 202 car.
663 151 783 206 19-23.
1040 148 1081 205 55

65 323 143 372 teos
168 316 325 387 cratesque
348 316 377 367 et
389 307 490 366 vincas
510 307 710 368 subfodiendis
728 311 815 369 muris
833 311 1081 390 protegendisque

66 391 342 475 obpugnatoribus,
373 387 526 450 Othoniani
552 391 639 451 sudes
669 402 697 452 et
721 393 865 453 inmensas
891 394 1016 474 lapidum
1046 407 1120 455 acto

67 477 189 559 plumbi
206 475 343 554 aerisque
365 473 460 533 moles
483 475 697 552 perfringendis
715 476 930 556 obruendisque
948 477 1081 539 hostibus

68 561 248 643 expediunt.
269 559 411 635 utrimque
435 557 543 635 pudor,
567 559 708 636 utrimque
724 559 819 638 gloria
836 569 865 620 et
879 560 1013 622 diversae
1030 581 1080 622 ex-

69 646 271 715 hortationes,
288 640 354 700 hinc
369 640 515 717 legionum
531 650 560 700 et
574 640 732 702 Germanici
742 646 889 705 exercitus
902 645 1001 723 robur,
1013 645 1081 706 inde

70 730 206 809 urbanae
218 725 335 786 militiae
349 733 377 784 et
391 724 599 801 praetoriarum
612 725 772 786 cohortium
784 727 1080 804 decusattolleutium;

68 814 117 873 illi
141 821 176 872 nt
191 825 312 887 segnem
328 817 358 868 et
374 807 505 868 desidem
521 817 550 866 et
564 809 644 868 circo
659 827 694 870 ac
713 810 833 870 theatris
850 820 1016 889 corruptum
1030 816 1079 872 mi·
1090 823 1117 868 to

69 899 177 971 litem,
194 893 222 953 hi
237 893 425 971 peregrinum
448 899 478 950 et
499 900 648 951 externum
662 893 861 972 increpabant.
892 895 975 955 simul
991 893 1080 956 Otho·

70 997 144 1038 nem
164 995 199 1036 ac
220 975 369 1038 Vitellium
392 974 576 1057 celebrantes
598 976 788 1055 culpantesve
804 977 988 1040 uberioribus
1006 980 1082 1039 inter

75 1080 112 1120 se
131 1060 247 1140 probris
262 1077 346 1138 quam
364 1056 497 1118 laudibus
511 1057 739 1120 stimulabautur.
1087 1109 1090 1116 ,

143 1143 195 1204 22.
217 1142 340 1203 Vixdum
355 1150 420 1201 orto
439 1142 485 1202 die
499 1141 586 1220 plena
604 1144 872 1223 propugnatoribus
885 1146 1012 1223 moenia,
1027 1145 1081 1206 lul·
1092 1173 1233 1200 ...μ

72 1237 185 1306 gentes
194 1230 279 1286 armis
293 1226 421 1305 virisque
432 1226 540 1302 campi:
558 1224 676 1286 densum
688 1227 835 1303 legionum
848 1247 964 1307 agmen,
980 1245 1082 1306 sparsa

73 1310 252 1372 auxiliorum
272 1327 387 1386 manus,
410 1308 512 1368 altiora
533 1325 676 1369 murorum
693 1313 807 1386 sagittis
829 1321 876 1372 aut
892 1314 971 1372 saxis
987 1312 1081 1372 inces-

75 1412 169 1468 sere,
197 1392 333 1469 neglecta
358 1399 406 1452 aut
428 1409 502 1451 aevo
522 1393 599 1451 fluxa
615 1394 773 1453 comminus
789 1394 918 1472 adgredi.
949 1396 1082 1470 ingerunt

75 1480 207 1555 desuper
223 1474 376 1535 Othoniani
399 1474 458 1553 pila
480 1473 585 1534 librato
606 1478 699 1551 magis
716 1485 745 1535 et
768 1487 850 1537 certo
866 1479 924 1537 ictn
942 1476 1109 1540 adversust

75 1573 190 1621 temere
204 1557 362 1617 subeuntes
377 1556 516 1617 cohortes
532 1557 748 1634 Germanorum,
768 1569 852 1620 cantu
868 1561 942 1620 truci
957 1569 986 1620 ct
1001 1577 1082 1620 more

79 1644 177 1722 patrio
195 1640 277 1701 undis
294 1641 467 1719 corporibus
483 1658 572 1719 snper
586 1657 702 1700 umeros
717 1651 799 1702 scuta
815 1645 1011 1720 quatientium.
1040 1643 1081 1703 le·

79 1725 226 1803 gionnrius
241 1724 348 1802 pluteis
363 1733 393 1784 ct
407 1723 533 1784 cratibus
549 1733 642 1783 tectus
659 1725 770 1786 subruit
781 1743 887 1803 muros,
902 1728 1016 1787 instruit
1031 1744 1081 1805 ag·

79 1827 195 1887 genem,
220 1807 336 1867 molitur
357 1816 476 1885 portas:
502 1815 603 1867 contra
624 1810 800 1886 praetoriani
820 1810 981 1888 dispositos
1002 1807 1082 1870 adid

78 1896 173 1973 ipsum
186 1891 312 1951 molares
327 1891 437 1968 ingenti
453 1890 585 1970 pondere
605 1909 640 1950 ac
662 1891 782 1970 fragore
797 1894 983 1971 provolvunt.
1012 1911 1082 1974 pars
1092 1915 1119 1957 ro

79 1975 261 2037 subeuntium
276 1973 381 2050 obruti,
397 1991 464 2053 pars
481 1975 587 2033 conixi
603 1983 634 2032 et
649 1993 815 2052 exsangues
830 1986 877 2037 aut
892 1977 1000 2037 laceri:
1019 1994 1083 2036 cum

81 2067 203 2138 augeret
223 2065 351 2135 stragem
373 2057 528 2134 trepidatio
550 2075 646 2134 eoque
667 2059 763 2117 acrius
784 2059 967 2120 emoenibns
981 2059 1082 2118 volue-

82 2151 229 2218 narentur,
250 2141 366 2201 rediere
389 2140 510 2200 infracta
527 2141 649 2218 partium
664 2140 749 2201 lemn.
780 2151 809 2202 et
824 2141 950 2202 Caecina
970 2141 1084 2220 pudore

83 2235 207 2306 coeptae
233 2234 343 2285 temere
369 2224 609 2303 obpugnationis,
636 2242 673 2282 ue
699 2225 804 2284 inrisus
824 2243 859 2285 ae
881 2243 970 2285 vanus
992 2223 1083 2284 isdem

48 2333 50 2338 ·
83 2311 184 2372 castris
200 2308 364 2384 adsideret,
380 2310 504 2369 traiecto
518 2325 617 2366 rursus
633 2307 713 2367 Pado
729 2306 900 2368 Cremonam
923 2317 1025 2389 petere
1040 2309 1081 2368 in·
1093 2328 1120 2370 rs

82 2393 179 2456 tendit.
209 2391 354 2453 tradidere
381 2410 449 2452 sese
471 2390 586 2451 abeunti
604 2390 750 2451 Turullius
773 2390 896 2452 Cerialis
923 2409 986 2451 cum
1004 2407 1082 2455 com·

85 2476 213 2558 pluribus
244 2476 375 2536 classicis
403 2483 431 2535 et
456 2474 544 2534 lulius
575 2474 759 2550 Briganticus
789 2476 853 2534 cunr
879 2476 979 2552 paucis
1002 2476 1082 2551 equi·

83 2573 151 2637 tum,
171 2560 219 2619 hic
242 2559 408 2639 praelectus
423 2559 505 2632 alae,
533 2560 561 2617 in
576 2556 692 2617 Batavis
707 2560 837 2636 genitus,
858 2557 910 2618 ille
926 2556 1081 2636 primipila-

84 2648 122 2705 ris
145 2653 174 2704 et
200 2641 345 2704 Caecinae
371 2642 445 2702 haud
473 2642 601 2718 alienus,
628 2640 705 2719 qnod
732 2641 849 2702 ordines
873 2642 902 2702 in
931 2640 1082 2701 Germania

86 2731 213 2790 duruerat.
1090 2727 1120 2768 ²⁰

144 2810 194 2872 23.
217 2811 360 2889 Spurinna
383 2817 534 2888 comperto
555 2810 658 2867 itinere
680 2807 821 2884 hostium,
849 2807 998 2868 defensam
1018 2807 1081 2868 Pla-

86 2897 205 2958 centiam
221 2912 355 2972 quaeque
370 2903 433 2954 acta
457 2901 485 2952 et
503 2891 570 2970 quid
588 2889 714 2952 Caecina
733 2900 860 2970 pararet,
878 2891 1001 2952 Annium
1016 2890 1082 2952 Cal·

87 2982 210 3058 lumper
231 2978 332 3038 literas
354 2978 450 3038 docet.
482 2974 588 3036 Gallus
605 2974 752 3052 legionem
768 2975 887 3055 primam
907 2974 1082 3035 inauxilium

86 3063 249 3126 Placentiae
275 3060 414 3137 ducebat,
437 3059 548 3120 dillisus
570 3059 706 3136 paucitati
722 3059 899 3134 cohortium,
914 3075 951 3118 ne
966 3057 1082 3136 louglns

86 3145 224 3207 obsidium
247 3154 276 3205 ct
296 3145 353 3204 vim
372 3143 532 3205 Germanioi
551 3143 697 3202 exercitus
717 3160 816 3221 parum
834 3141 1000 3202 tolerarcnt.
1031 3140 1106 3201 nbis

87 3230 197 3312 pulsnm
220 3227 375 3289 Caecinam
399 3244 526 3307 pergere
548 3224 719 3287 Cremonam
734 3227 867 3304 accepit,
894 3241 984 3300 aegre
997 3239 1081 3285 coer·

90 3317 169 3375 citam
200 3312 346 3390 legionem
373 3320 403 3372 et
433 3309 576 3391 pugnandi
601 3309 707 3369 a'rdore
732 3327 825 3387 nsque
849 3308 885 3370 ad
910 3305 1080 3366 seditionem

91 3413 273 3478 progressam
300 3395 433 3456 bedriaci
460 3393 542 3454 sistit.
582 3393 657 3452 inter
676 3394 823 3453 Veronam
850 3389 1081 3469 Cremonamque
