2596 3872
420 169 527 216 nrnnn
541 169 618 218 xrrr.
635 169 710 218 ose.
726 169 846 223 st—ss.
1071 162 1133 226 245

133 343 215 387 nuam
237 325 482 405 impetraverant,
509 325 627 387 brevius
648 326 741 388 visum
760 327 869 390 urbana
894 331 1011 390 crimina
1033 331 1158 412 incipis

131 427 251 492 quorum
264 409 343 470 obuii
361 418 452 472 testes
468 419 560 471 eraut.
587 412 607 471 ii
622 410 782 473 acerbitate
798 413 1041 490 accusatiouiaQ.
1052 415 1134 476 Pom·

132 495 248 576 ponium
265 494 301 556 ad
318 495 525 556 necessitatem
548 493 619 555 belb
639 495 733 556 ciuilis
748 495 910 576 detrusum,
933 497 1034 559 lulium
1048 498 1135 560 Drusi
1174 536 1178 542 -

131 579 217 642 liliam
230 578 423 659 Sabinamque
443 577 611 660 Poppaeam
632 579 669 640 ad
691 590 814 641 mortem
838 591 920 644 actas
940 591 969 643 et
985 583 1135 644 Valerium

129 663 306 741 Asiaticum,
328 663 443 738 Lusium
468 663 668 742 Saturninum,
697 663 863 729 Cornelium
881 666 991 747 Lupum
1009 669 1134 743 ,circum-

9 739 13 818 ξ
130 757 252 826 uentos,
279 749 337 809 iam
357 747 483 826 equiturn
504 749 699 810 Romanorum
719 752 833 827 agmina
854 750 986 812 damnata
1008 768 1168 812 omnem-rc

130 851 186 914 que
202 831 315 892 Claudii
336 832 484 894 saevitiam
504 832 606 894 Suillio
629 832 825 896 obiectabaut.
863 835 913 896 ille
938 834 1007 896 nibil
1030 855 1069 896 ex
1089 834 1135 896 bis

131 925 237 998 sponte
252 924 436 997 susceptum,
459 916 512 977 sed
533 919 657 998 principi
678 918 809 998 paruisse
827 918 1016 998 defendabat,
1040 920 1135 980 donee

130 1019 194 1062 eam
207 1001 368 1062 orationem
384 998 494 1062 Caesar
517 1000 660 1081 cohibuit,
684 1012 864 1084 compertum
878 1003 934 1064 sibi
947 1003 1082 1066 referens
1097 1022 1136 1065 ex

131 1086 344 1148 commentariis
365 1085 456 1167 patris
478 1087 523 1146 sui
542 1086 648 1147 nullam
670 1087 837 1168 cuiusquam
860 1088 1075 1150 accusationem
1098 1087 1134 1148 ab

130 1189 166 1232 eo
180 1179 322 1232 coactam.
354 1177 412 1230 tum
426 1172 505 1230 iussa
516 1169 693 1231 Messalinae
709 1172 860 1251 praetendi
876 1181 905 1232 et
919 1170 1020 1232 labare
1035 1172 1134 1233 defen·
1144 1198 1168 1238 rr

129 1257 191 1317 sio:
215 1273 267 1315 cur
289 1255 365 1314 enim
386 1255 528 1314 neminem
550 1254 634 1316 alium
656 1255 801 1316 delectum
824 1258 872 1336 qui
887 1257 1028 1318 saevienti
1045 1257 1134 1336 impu·

129 1340 212 1402 dicae
225 1356 329 1400 uocem
344 1337 522 1418 praeberet?
543 1338 706 1418 puniendos
719 1358 817 1401 rerum
830 1342 969 1402 atrocium
980 1342 1135 1417 ministros,

129 1424 176 1484 ubi
193 1424 287 1502 pretia
304 1422 450 1485 scelerum
465 1423 563 1502 adepti
578 1423 693 1484 seelera
707 1425 772 1504 ipsa
788 1424 853 1484 aliis
868 1423 1016 1502 delegant.
1048 1425 1153 1501 igiturx

132 1507 261 1588 adempta
281 1507 423 1569 bonorum
443 1514 528 1587 parte
546 1509 627 1587 (nam
642 1506 702 1567 lilio
724 1516 754 1566 et
768 1507 848 1588 nepti
866 1526 934 1588 pars
953 1506 1135 1568 concedeba-

131 1601 174 1653 tur
196 1591 453 1672 eximebanturque
476 1591 562 1653 etiam
586 1609 660 1671 qnae
683 1600 857 1652 testamento
872 1593 971 1653 matris
986 1601 1034 1652 aut
1049 1594 1132 1670 aviae
1144 1615 1170 1656 ao

129 1675 322 1756 acceperant)
344 1677 373 1737 in
392 1675 503 1736 insulas
517 1675 659 1736 Baleares
674 1675 809 1754 pellitur,
831 1694 889 1737 nou
907 1679 935 1736 in
951 1677 1017 1757 ipso
1032 1676 1133 1737 discri-

126 1763 220 1839 mine,
246 1778 306 1822 non
326 1767 394 1838 post
415 1759 627 1820 damnationem
646 1759 756 1820 fractus
784 1761 894 1830 animm
926 1760 1134 1840 ferebaturque

129 1845 250 1924 copiosa
266 1853 296 1904 et
315 1843 396 1904 molli
411 1845 471 1904 uita
492 1852 637 1904 secretum
657 1843 729 1905 illud
750 1844 935 1907 toleravisse.
966 1844 1055 1906 lilium
1071 1845 1142 1904 eius

126 1928 306 1990 Nerullinum
334 1927 486 2006 adgressis
515 1926 735 1990 accusatoribus
761 1947 815 2008 per
834 1929 970 2012 inuidiam
991 1930 1081 2008 patris
1105 1937 1135 1987 et

128 2014 247 2076 crimina
269 2012 511 2092 repetundarum,
539 2012 707 2074 intercessit
728 2013 866 2093 princeps
894 2022 1037 2093 tamquam
1063 2012 1168 2074 satians

127 2097 248 2179 expleta
263 2096 384 2158 ultione.

189 2185 242 2244 44.
266 2181 324 2242 Per
344 2181 420 2242 idem
441 2189 555 2262 tempus
577 2182 714 2244 Octavius
737 2182 850 2260 Sagitta
871 2181 971 2260 plebei
993 2181 1134 2259 tribunus,

126 2265 248 2329 Pontiae
275 2265 405 2327 mulieris
431 2275 538 2346 nuptae
564 2283 664 2327 amore
687 2283 833 2343 vaecors,
858 2264 1024 2344 ingentibus
1050 2263 1133 2326 donis

124 2350 296 2414 adulterium
311 2358 342 2411 et
354 2367 439 2428 mox,
461 2360 492 2411 ut
512 2351 659 2412 omitteret
673 2351 818 2428 maritum,
847 2359 1025 2428 emereatur,
1053 2367 1134 2408 suum

124 2436 335 2498 matrimonium
349 2437 520 2515 promittens
540 2452 574 2496 ac
589 2436 703 2514 nuptias
719 2435 781 2495 eius
796 2442 908 2514 pactus.
943 2433 997 2494 sed
1012 2433 1061 2493 ubi
1074 2451 1133 2493 mu·

125 2522 182 2583 lier
195 2538 289 2582 vacua
303 2519 370 2600 fuit,
392 2528 512 2581 nectere
533 2537 647 2597 moras,
669 2518 822 2581 adversam
845 2520 935 2598 patris
955 2517 1158 2579 voluntatens

128 2607 242 2668 causari
270 2612 447 2685 repertaque
468 2622 524 2685 spe
549 2602 661 2663 ditioris
684 2603 815 2682 coniugis
838 2603 982 2681 promissa
1013 2620 1133 2666 exuere.

126 2690 266 2752 Octauius
283 2698 384 2751 contra
400 2688 487 2750 modo
512 2689 653 2768 conqueri
673 2686 761 2748 modo
777 2687 917 2763 minitari,
939 2687 1044 2748 famam
1068 2706 1133 2767 per·

125 2775 229 2855 ditum,
262 2773 415 2855 pecuniam
446 2773 615 2835 exhaustam
648 2771 815 2849 obtestans,
847 2771 972 2851 denique
999 2771 1133 2848 sulutem,

125 2879 201 2943 qnae
222 2859 289 2920 sola
309 2857 422 2943 reliqua
444 2865 540 2935 esset,
562 2855 680 2916 arbitrio
702 2856 765 2917 eius
787 2856 968 2938 permittens.
998 2874 1034 2917 ac
1053 2864 1133 2936 po'st·

124 2963 212 3026 quam
233 2941 441 3024 spernebatur,
470 2950 589 3002 noctem
611 2957 696 3002 unam
719 2939 756 3001 ad
782 2939 923 3001 solacium
942 2941 1051 3020 poscit,
1078 2957 1168 3019 quaro

124 3029 272 3099 delenitus
291 3027 408 3088 modum
432 3026 461 3088 iu
485 3034 635 3106 posterum
656 3023 816 3085 adhiberet.
853 3024 985 3085 statuitur
1010 3041 1085 3102 nox,
1106 3032 1135 3082 et

123 3113 229 3176 Pontia
246 3112 383 3175 consciae
398 3110 523 3173 ancillae
540 3108 699 3170 custodiam
716 3108 841 3171 cubiculi
855 3107 979 3171 mandat.
1010 3107 1060 3167 ille
1075 3124 1132 3166 uno

124 3216 191 3260 etun
205 3197 313 3259 liberto
328 3197 437 3258 ferrum
451 3203 535 3257 veste
550 3194 697 3255 occultum
710 3194 808 3255 infert.
840 3201 913 3264 tun,
930 3200 961 3251 ut
975 3189 1089 3251 adsolet
1104 3191 1133 3248 in

123 3301 227 3346 amore
245 3291 275 3344 et
294 3283 355 3361 ira,
374 3273 611 3360 iurgia'preees,
632 3276 822 3359 exprobratio
842 3273 1003 3336 satisfactio
1019 3281 1048 3333 et
1063 3289 1132 3352 pars

125 3369 317 3433 tenebrarum
326 3365 590 3444 lubrdrnuseposita;
605 3382 644 3425 ex
656 3381 711 3441 qua
725 3362 807 3440 qnasi
820 3354 1130 3420 iucensnsnibilmctu·
1143 3373 1167 3416 ra

127 3453 326 3516 entem'ferro
344 3449 564 3512 transverberat
584 3456 615 3510 ot
634 3452 835 3509 accurrentem
855 3439 989 3502 ancillam
1004 3437 1127 3498 vulnere
