2546 3872
429 139 534 188 mnan
548 141 572 188 1.
594 138 669 187 cae.
686 137 806 194 tir-79·
1073 131 1114 192 37

117 295 231 355 vinciae
253 293 390 354 Raetioae
407 292 571 354 Maurorum
591 294 724 357 eivitates
744 294 821 354 dono
844 295 936 365 dedit;
957 313 1033 358 nova
1053 297 1113 356 iura

115 375 342 458 Cappadociae,
363 393 440 437 nova
454 376 590 455 Airloae,
604 386 749 440 ostentata
763 380 856 456 magis
871 397 955 460 quam
970 389 1136 441 mansuras
1182 444 1185 449 ,

112 464 192 544 inter
207 479 282 542 quae
298 463 475 522 necessitate
490 462 686 538 praesentium
701 479 797 522 rerum
813 471 842 524 et
852 463 1024 525 instantibus
1036 466 1113 523 euris

115 554 257 620 exeusata
276 561 314 604 ue
328 554 386 605 tuna
403 544 518 623 quidem
533 545 672 606 inmemor
685 563 814 606 amorum
830 556 939 610 statuas
954 547 1112 626 Poppaeae

111 649 169 710 per
190 637 308 690 senatus
331 627 492 694 consultum
508 630 653 708 reposuit3
674 629 801 690 oreditus
819 640 864 690 est
881 632 966 692 etiam
981 631 1018 690 de
1034 631 1112 691 oele·

113 712 224 776 branda
247 711 375 772 Neronis
395 713 533 772 memoria
555 713 719 790 agitavisse
733 731 788 792 spe
809 715 927 793 volgum
947 715 1111 776 adliciendi.

86 841 88 845 «
113 807 144 858 et
174 797 259 857 inere
288 797 335 874 qui
362 797 503 872 imagines
523 793 650 856 Neronis
672 807 885 876 proponerem
919 808 1006 878 atque
1027 800 1146 859 atiamro

113 879 221 941 Othoni
236 879 408 959 quibusdam
423 878 526 940 diebus
541 879 667 958 populus
683 889 714 940 et
728 880 826 956 miles,
848 891 992 961 tamquam
1009 882 1112 942 nobili·
1264 927 1265 932 1

113 973 253 1026 laternae
268 961 357 1024 deous
372 963 573 1040 adstruerent,
592 961 703 1024 Neroni
718 963 824 1026 Othoni
843 962 1024 1041 adclamauit.
1045 967 1113 1045 ipse
1226 1007 1227 1012 η

114 1049 145 1124 in
158 1063 300 1124 suspenso
315 1046 421 1123 tenuit,
437 1045 553 1108 vetandi
567 1057 644 1108 metu
660 1047 708 1111 vel
724 1048 922 1126 adgnoscendi
938 1049 1065 1129 pudore.
1101 1071 1118 1084 ·’
1138 1063 1140 1070 ’

180 1128 229 1190 79.
250 1129 410 1191 Conversis
430 1129 466 1190 ad
489 1130 576 1190 oivile
592 1129 698 1191 bellum
714 1132 813 1192 animis
829 1141 949 1195 externa
966 1133 1112 1194 sinemuro

112 1211 302 1274 habebantur.
326 1229 363 1290 eo
376 1213 525 1274 audentius
535 1213 717 1291 Rhoxolani,
733 1216 893 1280 Sarmatina
903 1224 995 1294 pens,
1009 1217 1111 1296 priore

111 1298 209 1378 bieme
231 1299 325 1357 eaesis
348 1296 459 1357 duabus
481 1296 669 1376 cohortibus,
690 1315 793 1376 magna
816 1318 870 1378 spe
893 1299 953 1379 [ad]
970 1299 1112 1361 bloesiam

110 1383 298 1459 inruperant,
326 1398 433 1441 novem
454 1378 531 1440 milia
552 1381 693 1459 equitum,
720 1400 763 1442 ex
783 1383 897 1443 ierooia
921 1393 950 1444 et
971 1399 1111 1444 suoeessu

112 1464 241 1546 praedae
255 1465 348 1541 magis
363 1482 448 1544 quam
463 1481 579 1542 pugnae
593 1466 711 1525 intenta.
732 1465 819 1544 igitur
833 1483 927 1543 vagos
940 1476 971 1527 et
979 1467 1109 1528 'inourioss
1117 1483 1134 1530 's

111 1565 163 1608 sos
178 1547 263 1606 tertia
277 1547 357 1625 legio
373 1547 515 1607 adiuuotis
526 1547 773 1628 auxiliisrepente
785 1551 898 1612 invasit.
917 1550 994 1630 apud
1004 1551 1109 1611 Roma·
1157 1543 1159 1552 '

108 1645 165 1690 uos
190 1624 283 1690 om'nia
300 1628 418 1708 proelio
446 1636 527 1706 apta:
553 1623 701 1694 Sarmatae
728 1630 855 1707 dispersi
882 1638 950 1692 anto
975 1627 1110 1706 oupidiuo

110 1711 361 1791 praedae,gravee
374 1729 467 1772 onere
478 1713 696 1782 sarcinarumet
707 1712 820 1774 lubrieo
833 1715 970 1774 itinerum
979 1713 1112 1790 adempta

111 1812 265 1876 equorum
270 1795 443 1872 pernicitate
454 1793 535 1854 velut
546 1794 634 1855 vineti
647 1793 852 1862 caedebantur.
876 1795 1109 1873 namquemirum

16 1907 21 1920 ·
110 1880 190 1941 diotu
207 1887 238 1940 ut
252 1879 290 1939 ait
305 1879 397 1938 omnis
411 1879 605 1938 Sarmatarum
618 1879 710 1939 uirtus
726 1877 807 1939 velut
824 1887 905 1941 extra
920 1880 1012 1958 ipsos.
1040 1875 1110 1938 nihil
1120 1899 1145 1940 no

110 1963 147 2025 ed
169 1961 337 2043 pedestrem
357 1979 483 2040 pugnam
505 1970 563 2022 tam
585 1963 734 2039 ignavum:
757 1961 808 2020 ubi
828 1979 883 2039 per
899 1971 1007 2023 turmas
1023 1961 1112 2022 adve-

109 2065 199 2123 nere,
220 2048 271 2106 rix
288 2045 346 2108 ulla
371 2046 451 2106 aoies
474 2045 629 2107 obstiterit.
656 2044 708 2106 sed
724 2055 782 2105 tum
796 2045 892 2106 umido
908 2044 955 2108 die
971 2054 999 2105 et
1013 2045 1111 2106 soluto

109 2131 181 2210 gelu
204 2147 300 2210 neque
323 2130 402 2190 eonti
427 2147 525 2210 neque
548 2129 654 2207 gladii,
684 2132 759 2208 ‘quos
785 2128 966 2208 praelongos
990 2137 1111 2207 utraque

109 2231 195 2276 mann
213 2223 334 2293 regunt,
357 2215 441 2292 usui,
462 2213 641 2292 lapsantibus
661 2214 744 2292 equis
759 2220 789 2272 et
806 2213 1024 2274 eatairaotarum
1038 2228 1109 2291 pon·

110 2299 193 2362 dere.
222 2299 251 2359 id
270 2297 450 2378 prinoipibus
466 2305 496 2357 et
509 2297 690 2358 nobilissimo
707 2299 813 2377 auique
834 2297 980 2374 tegimen,
1003 2297 1144 2381 ierreisrs

110 2381 251 2462 lamminis
277 2391 326 2444 aut
345 2382 490 2461 praeduro
512 2383 593 2444 eorio
614 2391 795 2459 consertum,
821 2390 852 2442 ut
874 2380 1112 2442 adversus-iotae

61 2486 69 2492 ’
109 2466 346 2547 inpenetrabile,
378 2467 417 2528 ita
445 2468 554 2546 impetu
579 2466 705 2527 bostium
733 2464 896 2544 provolutis
922 2463 1049 2525 inhabile
1074 2462 1129 2528 ad.

109 2551 335 2629 resurgendum
354 2551 436 2612 simul
456 2550 604 2612 altitudine
625 2560 655 2611 et
668 2549 789 2612 mollitia
806 2551 881 2610 nivis
895 2548 1116 2610 hauriebantur:

109 2637 257 2698 Romanus
270 2634 354 2696 miles
368 2635 465 2698 iaoilis
479 2634 570 2696 lorioa
588 2643 618 2695 et
632 2633 733 2695 missili
749 2632 809 2712 pilo
826 2643 874 2694 aut
888 2633 1000 2694 lanoois
1016 2630 1109 2694 adsul-

110 2730 192 2798 tans,
216 2720 265 2779 ubi
286 2738 336 2780 res
351 2728 507 2798 posceret,
529 2719 588 2780 leri
602 2718 700 2796 gladio
717 2720 856 2778 inermem
872 2718 1030 2778 Sarmatam
1045 2715 1144 2794 (ue-so
1264 2777 1265 2782 γ

106 2822 169 2885 que
187 2804 263 2866 enim
278 2803 495 2864 seutodeiendi
509 2820 572 2864 mos
588 2803 649 2881 est)
673 2803 830 2864 oomminus
844 2800 992 2878 fodiebat,
1015 2801 1111 2862 donee

111 2887 216 2968 pauni,
240 2889 288 2966 qui
310 2887 425 2965 proelio
447 2888 667 2965 superfuerant,
690 2884 842 2965 paludibus
857 2883 1043 2947 abderentur.
1070 2884 1111 2945 ibi

111 2972 236 3032 saevitia
256 2971 359 3032 hiemis
380 2980 430 3033 aut
443 2971 594 3042 volnerum
609 2968 762 3048 absumpti.
787 2977 941 3049 postquam
957 2969 985 3029 id
999 2969 1110 3029 Romae

110 3064 308 3200 {oppertupm
322 3055 362 3199 lp,
376 3051 663 3201 Ap⁰¹¹i¹¹1⁸l¹⁰⁶³l³ss
675 3053 811 3153 obtinens
826 3052 992 3198 ‘ffumllffl
1005 3060 1108 3196 platus,

112 3139 611 3301 ..itt..multitidis
633 3147 812 3282 ..ittttt
835 3153 996 3294 ..titt
1031 3152 1144 3279 itit*

113 3305 229 3366 Othone
244 3316 274 3366 et
287 3308 410 3384 gloriam
424 3308 453 3366 in
468 3323 500 3366 se
512 3305 661 3381 trahente,
677 3314 820 3382 tamquam
831 3312 861 3362 et
871 3305 936 3380 ipse
946 3302 1020 3361 ielir
1029 3300 1110 3360 bello

114 3398 143 3451 et
158 3391 218 3450 suis
234 3389 355 3451 ducibus
375 3390 494 3468 suisque
510 3383 687 3450 exercitibus
701 3403 763 3446 rem
779 3385 923 3464 publioam
939 3385 1077 3442 auxisset.
