2536 3870
178 166 241 228 uto
408 173 574 224 conunmr
590 170 708 222 uuonan
723 169 965 221 amnonruncu

177 343 224 394 tot
242 339 366 393 armatas
380 329 602 390 fortissimorum
615 328 741 386 eborum
754 343 856 388 manns
874 327 958 388 unius
982 327 1063 388 senis
1077 327 1195 389 valetu-

178 417 247 478 dine
272 415 354 492 regi:
384 412 452 494 quin
476 413 572 494 potius¹
593 410 746 471 interiecto
765 409 914 489 proditore
934 411 1079 471 loctunam
1101 414 1195 473 virtu-

179 512 297 579 temque
309 515 390 558 suam
413 495 489 557 malo
512 497 606 556 omine
627 493 825 554 exsolverent.
855 493 900 554 luis
923 495 998 554 inter
1014 512 1049 554 se
1064 496 1197 556 vocibus

140 605 168 648 ra
180 586 335 646 instinctos
361 581 545 641 flammavere
567 579 685 656 insuper
705 577 818 639 adlatae
838 579 1055 658 nVespasiano
1073 578 1195 656 literae,

178 685 254 749 quas
269 664 405 742 Flaccus,
423 665 489 743 quia
503 662 649 725 occultari
671 660 836 741 nequibant,
856 678 910 740 pro
925 663 1064 722 ¹contione
1082 665 1194 724 recita·

178 754 231 830 vit,
248 751 419 828 vinctosque
435 749 482 826 qui
498 747 652 808 attulerant
668 745 704 806 ad
718 745 867 806 Vitellium
882 747 968 808 misit.

244 835 296 896 25.
318 833 366 894 Sic
382 831 518 909 mitigatis
534 831 634 891 animis
656 829 799 905 Bonnam,
820 829 941 890 hiberna
961 830 1072 908 primae
1094 831 1193 908 legio·

178 921 237 994 nis,
256 925 383 976 ventum.
421 915 563 975 intensior
576 914 638 974 illic
659 913 742 973 miles
761 912 875 992 culpam
898 912 989 976 cladis
1006 915 1034 973 in
1055 913 1193 974 llordeo·

177 1005 256 1064 nium
274 999 424 1062 vertebat:
441 999 504 1058 eins
518 999 597 1058 iussu
616 996 764 1057 derectam
785 997 926 1058 adversus
941 996 1066 1060 batavos
1086 1001 1193 1075 aciem,

180 1095 327 1163 tamquam
348 1101 364 1143 a
382 1081 569 1160 Mogontiaco
586 1081 721 1156 legiones
746 1089 951 1159 sequerentnr;
976 1081 1106 1141 eiusdem
1121 1100 1193 1160 pro·

156 1170 290 1229 editione
309 1183 434 1243 caesos,
451 1165 538 1224 nullis
552 1162 824 1244 supervenientibus
840 1164 970 1226 auxiliis:
994 1165 1095 1244 ignota
1113 1165 1195 1226 baec

180 1252 291 1313 ceteris
306 1249 502 1326 exercitibus,
518 1267 615 1328 neque
632 1248 801 1326 imperatori
819 1264 873 1308 suo
890 1249 1031 1328 nuntiari,
1055 1267 1120 1309 cum
1140 1250 1194 1311 ad-

180 1353 268 1397 cursu
296 1342 340 1396 tot
365 1334 579 1413 provinciarum
605 1332 735 1410 extingui
761 1349 869 1410 repens
899 1333 1020 1411 pertidia
1049 1336 1194 1412 potuerit.

178 1418 365 1482 Hordeonius
385 1416 569 1496 exemplares
586 1417 711 1477 omnium
732 1415 897 1491 literarum,
922 1416 1027 1494 quibus
1047 1435 1102 1496 per
1124 1417 1190 1480 Gal·

180 1505 237 1565 lias
251 1503 484 1581 Britanniamque
508 1509 537 1560 et
550 1499 707 1579 Hispanias
723 1499 828 1560 auxilia
844 1499 964 1577 orabat,
986 1501 1132 1560 exercitui
1146 1521 1184 1560 re

146 1607 171 1652 ro
182 1589 283 1649 citavit
298 1586 479 1663 instituitque
503 1585 660 1663 pessimum
675 1582 798 1658 lacinus,
819 1589 850 1644 nt
863 1583 1008 1662 epistulae
1024 1584 1187 1662 aquiliferis

179 1672 330 1749 legionum
343 1667 545 1743 traderentur,
561 1685 577 1727 a
593 1668 657 1744 quis
675 1673 741 1724 ante
762 1665 845 1726 militi
863 1684 947 1744 quam
967 1666 1090 1727 ducibus
1106 1668 1189 1745 lege·

181 1755 295 1814 bantur.
325 1761 416 1811 tuma
430 1749 577 1811 seditiosis
593 1767 677 1809 unum
692 1749 794 1808 vinciri
810 1748 906 1828 iubet,
922 1751 1015 1828 magis
1029 1751 1190 1832 usurpandi
1245 1795 1246 1834 ,

181 1838 251 1897 iuris
268 1851 352 1913 quam
370 1834 435 1913 quia
450 1834 533 1893 unius
547 1833 632 1913 culpa
646 1834 733 1892 foret.
758 1840 910 1912 motusque
924 1833 1024 1895 Bonna
1039 1835 1190 1895 exercitus
1245 1845 1246 1852 ¹

183 1923 210 1980 in
233 1917 377 1980 coloniam
399 1915 659 1995 Agrippinensem,
683 1915 874 1977 adfluentibus
893 1917 1008 1980 auxiliis
1029 1917 1187 1993 Gallorum,

148 2023 172 2064 rc
187 2004 235 2082 qui
248 2001 341 2082 primo
355 2018 417 2061 rem
431 2001 587 2063 Romanam
604 2002 690 2059 enixe
712 1999 863 2062 iuvabant:
880 2017 949 2062 mox
970 2001 1189 2062 valescentibus

184 2086 334 2149 Germanis
350 2085 509 2166 pleraeque
525 2087 656 2145 civitates
669 2081 1123 2157 adversumnosarmasompsere
1132 2103 1188 2162 spe

183 2170 325 2232 libertatis
352 2178 399 2246 et,
426 2169 451 2230 si
473 2169 621 2230 exuissent
644 2168 806 2244 servitium,
835 2169 970 2248 cupitline
994 2168 1187 2248 imperitandi.

183 2254 330 2334 gliscebat
346 2252 493 2314 iracundia
508 2251 672 2330 legionum,
688 2269 744 2312 nec
759 2260 901 2312 terrorem
916 2254 998 2314 unius
1013 2253 1109 2313 militis
1124 2253 1189 2312 vin-

185 2339 249 2400 cula
274 2337 450 2399 indiderant:
471 2337 539 2416 quin
560 2336 635 2396 idem
655 2335 707 2395 ille
726 2334 868 2412 arguebat
885 2335 962 2397 ultro
980 2337 1191 2398 conscientiam

146 2423 282 2501 seducis,
299 2431 442 2502 tamquam
456 2421 570 2481 nuntius
584 2421 659 2480 inter
673 2418 794 2482 Civilem
814 2418 1010 2499 Flaccumque
1031 2419 1107 2481 falso
1130 2423 1189 2481 cri-

184 2509 259 2567 mine
281 2507 366 2566 testis
387 2505 449 2566 veri
471 2505 695 2584 opprimeretur.
727 2503 897 2564 conscendit
921 2503 1046 2564 tribunal
1071 2505 1191 2566 Vocula

183 2592 255 2651 mira
282 2591 452 2667 constantia,
479 2605 672 2669 prensumque
695 2587 814 2647 militem
836 2604 872 2650 nc
893 2588 1105 2649 vociferantem
1120 2587 1190 2648 duci

186 2675 221 2736 ad
239 2673 413 2753 supplicium
432 2672 529 2734 iussit:
552 2680 582 2732 et
603 2672 668 2732 dum
688 2670 757 2731 mali
777 2679 901 2749 pavent,
922 2673 1047 2750 optimus
1060 2673 1188 2750 quisque
1244 2669 1245 2728 l

185 2760 270 2904 ilqlssis
288 2765 421 2837 paruere.
451 2758 529 2816 exim
543 2773 687 2855 consensu
701 2755 811 2899 duqem
823 2754 968 2818 Voculam
984 2753 1189 2836 poscentibus,

150 2861 177 2902 es
224 2859 312 2901 accus
327 2857 462 2901 summam
475 2857 571 2900 rerum
587 2858 614 2898 er
651 2856 768 2899 erman.

250 2923 300 2986 to.
323 2923 383 2984 Sed
405 2923 557 2985 discordes
579 2857 689 2984 dulgtos
713 2923 800 2984 multa
822 2922 999 2999 efferebant,
1016 2924 1117 3003 inopia
1139 2926 1188 2984 sti·

186 3008 285 3089 pendii
298 3008 489 3087 frumentique
505 3017 535 3067 et
545 3008 628 3068 simul
640 3007 776 3069 dilectum
790 3006 955 3087 tributaque
963 3007 1074 3070 Galliae
1085 3025 1188 3088 asper·

123 3091 125 3096 ’
187 3101 306 3170 nantes,
321 3092 440 3153 llbenus
454 3093 600 3169 incognita
621 3091 663 3150 illi
681 3089 764 3152 caelo
777 3091 914 3152 'siccitate
932 3091 981 3162 vix
999 3092 1114 3152 navium
1139 3111 1188 3170 pa·

186 3177 271 3255 tiens,
290 3177 345 3237 arti
360 3184 547 3254 commeatus,
562 3177 721 3255 dispositae
736 3193 789 3254 per
803 3191 916 3236 omnem
929 3177 1020 3256 ripam
1034 3177 1188 3253 stationes,

158 3278 262 3338 aquae
290 3259 449 3322 Germanos
474 3259 549 3320 vado
577 3268 727 3336 arcerent,
752 3259 913 3339 eademque
936 3261 973 3320 de
993 3277 1080 3320 cansa
1094 3260 1188 3318 minus

185 3342 302 3419 lrnqum
323 3353 353 3403 et
372 3343 471 3421 plures
486 3345 534 3422 qui
557 3351 768 3404 consumerent.
799 3345 875 3425 apud
894 3345 1043 3424 imperitos
1059 3343 1186 3423 prodigii

187 3423 257 3483 loco
274 3423 471 3504 accipiebatur
485 3429 548 3505 ipsa
564 3444 700 3506 aquarum
714 3431 846 3509 penuria,
861 3438 1004 3508 tamquam
1018 3445 1072 3488 nos
1086 3444 1185 3488 amnes
