2540 3874
12 245 16 402 l

12 729 14 822 l

12 835 13 916 ,

169 222 209 282 to
473 231 968 280 cosuuuuuncrurnuuunruu

171 381 235 451 aum
258 386 412 464 militibus,
442 386 505 466 quis
528 386 618 464 Cotys
642 386 820 465 traderetur,
842 387 871 446 iu
893 385 1062 448 Thraeciam
1085 383 1168 444 misit.

168 474 369 552 Rhescuporis
389 472 466 530 iuter
489 483 595 534 metum
617 481 648 533 et
673 474 744 533 iram
770 481 917 533 cunctatus
945 470 1042 530 maluit
1068 468 1167 547 patrati

171 575 254 640 quam
267 555 377 636 incepti
391 555 531 617 facinoris
545 575 613 617 reus
629 574 712 618 esse:
729 555 823 617 occidi
836 555 931 631 Cotyn
945 554 1025 614 iubet
1038 561 1167 612 mortem·

148 662 226 724 tque
241 649 348 722 sponte
367 649 507 719 sumptam
527 641 688 702 ementitur.
723 659 779 701 nec
803 649 897 700 tamen
919 638 1028 701 (laesar
1050 637 1169 717 placitas

171 728 260 788 semel
280 735 358 786 artes
374 727 503 803 mutarit,
520 725 572 785 sed
588 725 723 786 defuncto
739 724 886 802 Pandusa,
910 738 994 803 quem
1012 721 1066 782 sibi
1080 721 1169 780 talen-v

170 829 231 872 sum
252 811 450 889 Rhescuporis
473 810 630 888 arguebat,
652 809 842 890 Pomponium
863 807 1017 884 Flaccum,
1041 815 1167 866 ueterem

164 895 321 977 ‘stipendiis
339 902 368 954 et
386 903 447 954 arta
464 911 527 954 cum
542 894 615 972 reg'e
630 895 753 956 amicitia
768 911 864 972 eoque
879 890 1168 952 accommodatiorem

169 981 204 1042 ad
221 979 388 1055 fallendum,
404 979 442 1038 ob
459 978 486 1039 id
498 979 766 1040 maxime'bioesiae
785 978 938 1059 praefecit.

232 1065 282 1126 67.
304 1059 429 1124 Rlaocus
443 1065 472 1122 in
490 1063 660 1125 Thraeciam
674 1072 876 1143 transgressus
893 1079 947 1144 per
961 1061 1088 1140 ingentia
1105 1076 1171 1140 pro·

169 1151 255 1210 missa
271 1149 400 1228 quamvis
417 1146 581 1226 ambiguum
603 1158 633 1209 et
651 1149 769 1210 scelera
788 1165 840 1211 sua
861 1156 1043 1228 reputantem
1066 1162 1171 1224 perpu-

170 1235 203 1294 lit
220 1242 250 1292 ut
265 1233 412 1311 praesidia
427 1233 557 1294 Romana
571 1233 699 1316 intraret,
727 1232 902 1293 circumdata
914 1232 980 1293 hinc
992 1230 1058 1308 regi
1071 1230 1172 1308 specie

169 1319 289 1378 honoris
310 1317 404 1378 valida
427 1334 542 1395 manus,
572 1317 734 1397 tribunique
758 1326 788 1378 et
814 1318 998 1378 centurIones
1016 1313 1171 1392 monendo,

148 1401 336 1478 ssuadendo,
354 1411 383 1462 et
399 1411 504 1480 quanto
524 1403 641 1480 lougius
663 1401 889 1480 abscedebam,
909 1401 1058 1480 apertiore
1077 1407 1171 1458 custo·

170 1485 227 1564 dia,
236 1495 392 1566 postremo
411 1502 532 1564 guarum
547 1487 731 1548 necessitatis
748 1489 776 1547 in
788 1485 888 1546 urbem
901 1495 1028 1546 traxere.
1055 1501 1172 1550 accusa·

169 1581 213 1632 tus
229 1572 258 1630 iu
273 1579 374 1630 senatu
388 1569 425 1630 ab
440 1587 533 1640 uxore
547 1570 650 1646 Cotyis
666 1571 829 1649 damnatur,
851 1579 882 1630 ut
903 1569 1007 1650 procul
1022 1585 1114 1645 reguo
1130 1577 1173 1627 te-

163 1657 295 1716 neretur.
323 1653 463 1715 Thraecia
488 1656 516 1716 ln
542 1655 771 1716 Rhoemetalcen
798 1656 901 1732 lilium,
933 1672 1017 1732 quem
1045 1651 1174 1731 paternis

171 1740 300 1801 consiliis
316 1739 498 1798 adversatum
511 1737 670 1816 constabat,
683 1741 770 1819 inque
782 1739 892 1800 liberos
908 1736 1010 1814 Cotyis
1023 1736 1173 1806 dividitur;

136 1825 263 1903 solisque
286 1823 411 1883 nondum
432 1822 536 1883 adultis
557 1823 759 1884 'l'rebellienus
777 1824 871 1886 Rufus
897 1831 1033 1902 praetura
1060 1821 1174 1880 iunctus

168 1907 260 1984 datur,
277 1907 325 1986 qui
340 1924 461 1984 regnum
474 1907 586 1967 interim
604 1916 752 1986 tractaret,
769 1907 905 1988 exemplo
921 1925 978 1986 quo
993 1908 1120 1966 maiores
1134 1905 1174 1966 bl,

166 1989 306 2071 Lepidum
324 1989 485 2052 Ptolemaei
507 1991 608 2052 bberis
635 2001 759 2054 tutorem
785 1993 814 2052 iu
837 1991 1004 2071 Aegyptum
1027 1991 1174 2050 miserant.

166 2075 369 2154 Rhescuporis
385 2075 592 2138 Alexandriam
606 2075 746 2137 deuectus
770 2085 857 2155 atque
878 2075 939 2136 illic
961 2073 1059 2151 lugam
1082 2083 1174 2154 temp·

169 2169 233 2222 tans
245 2175 281 2220 an
294 2160 365 2219 licto
384 2162 500 2221 crimine
518 2161 698 2221 interficitur.

232 2243 283 2306 68.
305 2243 363 2304 Per
376 2243 452 2305 idem
470 2253 583 2324 tempus
596 2247 748 2323 Vonones,
763 2263 847 2324 quem
865 2254 990 2307 amotum
1003 2245 1031 2306 iu
1044 2241 1175 2322 Ciliciam

167 2331 342 2405 memoravi,
359 2329 504 2408 corruptis
521 2328 688 2389 custodibus
710 2329 842 2407 effugere
864 2329 900 2390 ad
916 2329 1085 2405 Armenios,
1105 2326 1175 2388 iude

167 2413 301 2474 Albanos
321 2411 548 2492 Heniochosque
574 2423 603 2474 et
625 2415 879 2492 consanguineum¹
895 2413 950 2474 sibi
976 2432 1075 2492 regem
1099 2411 1173 2484 Sey·

169 2497 280 2557 tharam
303 2503 424 2556 conatus
447 2507 500 2556 cst.
539 2499 642 2576 specie
666 2498 791 2558 venandi
806 2499 921 2558 omissis
935 2497 1080 2560 maritimis
1096 2494 1171 2556 loeis

143 2582 231 2646 navia
248 2580 369 2641 saltuum
385 2581 477 2659 petiit,
492 2597 560 2642 mcx
576 2584 748 2662 pernicitate
764 2584 832 2661 equi
845 2583 881 2644 ad
897 2601 1008 2644 amnem
1021 2579 1174 2656 Pyramum

168 2663 325 2742 contendit,
343 2666 422 2724 cuius
438 2675 543 2743 pontes
565 2667 686 2728 accolae
709 2674 849 2746 ruperant
869 2666 964 2728 audita
984 2667 1063 2744 regis
1085 2665 1175 2742 iuga:
1256 2697 1257 2717 u

166 2768 262 2828 neque
278 2749 354 2809 vado
371 2751 518 2828 penetrari
532 2760 656 2830 poterat.
689 2752 777 2830 igitur
792 2753 820 2810 ia
835 2751 899 2830 ripa
914 2748 1035 2812 huminis
1054 2767 1070 2810 a
1085 2748 1177 2809 Vibio

165 2835 314 2894 Frontone
329 2835 481 2912 praefecto
501 2836 627 2914 equitum
645 2837 784 2912 vincitur,
810 2848 879 2895 mox
899 2835 1045 2898 Remmius
1067 2851 1178 2894 evoca-

166 2931 222 2994 tus,
239 2919 331 2996 priori
348 2917 497 2978 custodiae
512 2919 592 2996 regis
613 2919 778 3000 adpositus,
803 2920 886 2999 quasi
909 2920 1052 2998 perirem
1073 2917 1178 2996 gladio

130 3023 155 3066 ro
166 3020 230 3062 eum
248 3004 391 3078 transigit.
429 3003 505 3073 unde
516 3005 607 3064 maior
622 3005 694 3065 fides
713 3005 891 3064 conscientia
908 3003 1032 3063 sceleris
1048 3011 1078 3061 et
1096 3011 1178 3064 metu
1256 3037 1257 3062 ;

164 3084 262 3147 indicii
280 3095 403 3146 mortem
418 3087 535 3147 Vononi
549 3087 674 3150 inlatam.

228 3169 278 3231 69.
299 3169 339 3230 At
356 3169 544 3232 Germanicus
559 3171 700 3252 Aegypto
718 3183 851 3234 remeans
869 3180 989 3248 cuncta,
1005 3189 1079 3250 quae
1096 3171 1181 3250 apud

163 3255 299 3333 legiones
316 3263 364 3314 aut
380 3253 469 3316 urbes
483 3253 623 3332 iusserat,
646 3255 754 3318 abolita
777 3255 825 3317 vel
846 3258 874 3316 in
895 3258 1069 3316 contrarium
1085 3273 1182 3315 versa

164 3339 328 3414 cognoscit.
360 3338 426 3398 hinc
445 3357 553 3417 graves
575 3339 607 3399 in
619 3339 754 3402 Pisonem
775 3339 983 3418 contumeliae,
1005 3357 1062 3400 nee
1080 3341 1184 3398 minus

163 3420 272 3481 acerba
292 3438 367 3500 quae
389 3419 425 3482 ab
446 3423 497 3484 illo
524 3425 553 3483 in
576 3423 732 3486 Gaesarem
755 3423 976 3486 intentabantur.
1011 3423 1076 3484 dein
1102 3421 1182 3483 Piso

141 3527 152 3569 s
168 3503 248 3562 abire
266 3505 347 3563 Suria
365 3507 470 3566 statuit.
498 3524 567 3568 mcx
580 3509 705 3572 adversa
718 3509 881 3572 Germanici
892 3507 1057 3589 valetudine
1070 3506 1183 3568 deten-
