2596 3872
326 131 329 140 ’
420 164 610 218 uranum.
627 163 820 228 carn-5..
848 202 853 213 .
1059 156 1126 221 255

116 319 214 398 elicit,
238 319 375 381 ferendas
398 320 558 401 parentium
579 320 742 382 iracundias
763 331 792 382 et
812 322 985 402 placandum
999 325 1123 386 animum

116 405 269 481 dictitans,
293 421 351 485 quo
374 422 517 466 rumorem
535 405 783 467 reconciliationis
805 407 939 468 efiiceret
959 410 1121 489 acciperet-

116 509 174 570 que
189 489 370 570 Agrippina,
391 489 471 550 incili
490 488 660 550 feminarum
681 491 852 552 credulitate
869 491 904 553 ad
924 490 1039 570 gaudia.
1070 512 1147 556 ver

115 576 244 635 rientem
266 573 372 636 debinc
388 573 492 634 ebrium
513 573 542 634 in
563 572 649 634 litora
665 576 745 654 (nam
760 574 847 636 Antio
863 575 1053 656 adventabat)
1071 596 1121 637 ex·

116 659 197 738 cepit
219 674 304 720 manu
326 667 356 718 et
378 657 533 738 complexu
553 657 688 737 ducitque
710 657 828 720 baulos.
857 661 885 720 id
908 659 996 721 villae
1016 678 1121 722 nomen

115 752 162 803 est
177 759 252 822 quae
266 744 493 821 promunturium
506 741 646 804 Misenum
661 745 737 804 inter
750 751 779 804 et
789 741 925 805 Baianum
936 745 1030 806 lacum
1042 745 1121 805 flexo

114 829 187 888 mari
202 823 335 888 adluitur.
369 827 464 888 stabat
483 829 559 888 inter
573 827 646 888 alias
667 830 749 888 navis
764 829 909 906 ornatior,
934 838 1078 908 tamquam
1092 828 1121 891 id

114 928 232 992 quoque
253 909 357 974 honori
379 913 478 972 matris
500 910 630 973 daretur:
659 913 768 994 quippe
793 923 930 974 sueverat
956 914 1067 973 triremi
1089 922 1155 973 etse

114 994 330 1058 classiariorum
346 995 469 1073 remigio
485 994 563 1056 vehi.
594 1013 629 1058 ac
648 1005 706 1056 tum
725 997 843 1058 invitata
863 996 900 1059 ad
922 997 1024 1076 epulae
1047 1005 1119 1075 erat,

113 1091 144 1142 ut
163 1079 340 1142 occultando
361 1079 484 1142 facinori
505 1097 564 1140 nox
584 1079 780 1142 adhiberetur.
812 1082 883 1142 satis
903 1082 1031 1142 constitit
1048 1082 1119 1141 exti-

113 1167 185 1226 tisse
201 1163 398 1242 proditorem,
414 1172 444 1224 et
456 1163 648 1244 Agrippinam
665 1165 769 1227 auditis
784 1163 909 1245 insidiis,
934 1184 971 1227 an
985 1165 1121 1226 crederet

114 1249 294 1326 ambiguam,
317 1249 479 1326 gestamine
497 1248 589 1309 sellae
617 1247 702 1308 Baias
738 1258 918 1330 pervectam.
956 1249 996 1311 ibi
1010 1248 1119 1310 blandi·

113 1341 239 1394 mentum
261 1331 427 1394 sublevavit
445 1341 565 1393 metum:
582 1335 703 1394 comiter
720 1343 847 1414 excepta
861 1352 1009 1413 superque
1025 1335 1120 1414 ipsum
1130 1351 1156 1393 rs

115 1417 270 1480 collocata.
299 1418 355 1478 iam
372 1415 503 1498 pluribus
518 1417 709 1495 sermonibus,
724 1416 812 1478 modo
829 1418 1022 1478 lanailiaritate
1040 1419 1119 1477 iure·

117 1502 165 1562 nili
178 1501 259 1562 Nero
273 1510 303 1562 et
317 1520 417 1563 rursus
430 1500 586 1578 adductus,
603 1502 685 1580 quasi
705 1501 782 1562 seria
803 1502 1005 1577 consociaret,
1025 1509 1119 1561 tracto

115 1589 148 1646 irr
162 1585 280 1664 longum
304 1586 455 1664 convictu,
477 1586 666 1664 prosequitur
686 1585 856 1662 abeuntem,
880 1586 968 1646 artius
984 1584 1077 1646 oculis
1091 1595 1121 1646 et

114 1672 228 1750 pectori
250 1670 389 1748 haerens,
417 1670 480 1730 sive
503 1668 648 1750 explenda
670 1669 868 1749 simulatione,
899 1687 953 1730 seu
972 1671 1119 1749 periturae

111 1755 211 1817 matris
231 1773 385 1834 supremus
409 1763 547 1834 aspectus
567 1753 696 1834 quamvis
719 1754 812 1815 iarum
832 1755 952 1815 animum
967 1753 1156 1814 retinebatar

173 1839 204 1901 5.
228 1837 354 1900 Noctem
377 1837 522 1898 sideribus
543 1838 693 1900 inlustrem
715 1847 745 1898 et
764 1838 881 1917 placido
903 1839 974 1899 mari
996 1840 1121 1918 quietam

113 1924 195 2005 quasi
211 1921 440 1984 convincendum
455 1923 491 1983 nd
508 1922 607 1983 scelus
622 1921 648 1982 di
660 1921 834 2002 praebuere.
861 1941 918 1984 nec
928 1922 1045 1983 multum
1058 1931 1121 1982 erat

113 2025 277 2090 progressa
296 2008 398 2084 nasis,
425 2005 539 2068 duobus
558 2024 711 2066 enumero
733 2006 913 2067 familiarium
927 2006 1121 2086 Agrippinam

113 2090 334 2167 comitantibus,
357 2109 396 2152 ex
410 2091 475 2171 quis
491 2088 667 2168 Crepereius
683 2089 781 2152 Gallus
799 2089 875 2152 haud
896 2091 1000 2170 procul
1013 2089 1120 2168 guber·

12 2185 14 2206 ¹
111 2175 224 2240 maculis
247 2174 395 2253 adstabat»,
420 2174 581 2235 Acerronia
603 2191 694 2254 super
716 2173 810 2252 pedes
831 2173 983 2234 cubitantis
999 2174 1144 2234 recliuisr

113 2261 319 2342 paenitentiam
337 2260 390 2320 lilii
408 2268 438 2320 et
458 2260 654 2338 reciperatam
667 2259 767 2318 matris
782 2259 904 2336 gratiam
917 2275 971 2337 per
983 2258 1120 2336 gaudium

109 2344 301 2420 memorabat,
319 2361 382 2404 cum
398 2342 465 2404 dato
480 2343 566 2420 signo
581 2359 668 2403 mere
684 2350 791 2402 tectum
806 2340 866 2403 loci
890 2340 979 2401 multo
1002 2339 1120 2420 plumbo

111 2447 221 2509 greve,
251 2445 430 2510 pressusque
458 2425 636 2504 Crepereius
667 2433 697 2485 et
729 2428 824 2486 statim
853 2426 1032 2486 exanimatus
1065 2431 1120 2484 est.

113 2513 277 2594 Agrippina
294 2521 324 2574 et
337 2511 501 2573 Acerronia
516 2509 707 2572 eminentibus
721 2509 793 2571 lecti
808 2508 969 2589 parietibus
990 2527 1026 2570 ac
1043 2509 1120 2569 forte

112 2591 311 2675 validioribus,
328 2614 414 2677 quam
425 2603 456 2656 ut
468 2595 551 2656 oneri
563 2591 710 2674 cederent,
726 2602 879 2674 protentae
890 2602 965 2654 sunt.
994 2592 1157 2654 necdis·1e

111 2683 220 2744 solutio
235 2681 345 2760 navigii
362 2678 556 2760 sequebatur,
576 2677 698 2740 turbatis
712 2677 844 2739 omnibus
856 2686 887 2739 et
898 2677 975 2756 quod
986 2677 1120 2758 plerique

111 2768 207 2846 ignari
230 2767 317 2828 etiarn
333 2765 470 2828 conscios
487 2761 695 2843 impediebant.
727 2763 819 2822 visum
835 2761 941 2822 debinc
961 2760 1120 2838 remigibus

110 2851 241 2914 nnumin
256 2849 332 2912 latus
348 2848 489 2911 inclinare
504 2856 592 2926 atque
605 2847 645 2908 ita
658 2865 763 2908 navem
776 2845 985 2923 submergere:
1000 2844 1054 2906 sed
1069 2863 1119 2904 ne·

111 2954 169 3016 que
185 2935 260 3016 ipsis
280 2942 432 3016 promptus
450 2933 480 2994 in
500 2948 562 2993 rem
577 2931 699 2992 subitam
714 2948 890 3008 consensus,
912 2937 942 2990 et
955 2929 1003 2990 alii
1019 2938 1121 2991 contra

110 3023 237 3083 nitentes
245 3018 355 3080 dedere
366 3017 534 3079 facultatem
545 3016 665 3078 lenioris
676 3016 705 3075 in
716 3033 796 3076 mare
806 3016 908 3075 iactus.
919 3012 1157 3074 corumdem-ts

112 3106 206 3183 rania,
219 3102 402 3184 inpmdentia
413 3101 479 3162 dum
490 3118 524 3162 se
535 3099 727 3180 Agrippinam
739 3117 807 3161 esso
818 3107 906 3177 utque
918 3096 1125 3158 subveniretur
1166 3141 1173 3154 .

111 3189 196 3250 matri
211 3188 351 3269 principis
365 3185 502 3263 clamitat,
517 3186 612 3246 contis
623 3193 653 3244 et
664 3184 752 3246 remis
768 3191 798 3245 et
809 3199 886 3262 quae
896 3182 961 3243 iors
974 3179 1121 3241 obtulerat

112 3271 265 3334 navalibus
288 3272 355 3333 telis
372 3271 539 3332 coniicitur:
558 3268 723 3350 Agrippina
738 3267 830 3329 silens
851 3283 947 3409 ecque
961 3263 1120 3326 minusad·

112 3356 193 3434 guita
202 3357 303 3438 (unum
313 3363 408 3417 tannen
417 3353 521 3416 rurus
529 3371 630 3416 umero
640 3353 773 3434 excepit)
781 3350 887 3428 nando,
918 3347 1118 3410 eindeoccur·

113 3459 148 3500 su
162 3439 383 3503 lenunculorum
390 3437 542 3501 Lucrinum
553 3439 582 3498 in
595 3437 690 3500 lacum
702 3444 789 3498 vecta
800 3432 889 3495 villae
900 3448 972 3493 suae
986 3430 1157 3490 infertur.»
