2570 3878
134 143 221 246 ι152
415 153 913 216 connmurrctntsustsmuu

189 322 289 374 Seditio
306 321 404 373 Remas
422 321 455 372 ob
472 322 624 388 gravitatem
640 336 760 374 annonae
776 323 893 376 coercita.
920 323 962 374 rt.
980 320 1088 386 Equites
1106 323 1159 388 ilo·

186 393 258 446 maai
275 389 460 441 coniurationis
477 389 585 440 crimine
601 389 705 442 cedunt.

240 460 280 511 tt.
299 456 443 508 Germanici
460 455 529 508 filiae
546 455 576 509 1..
594 455 685 508 Cassio
704 465 729 507 et
740 455 774 510 lt.
790 455 894 508 Vinicio
911 455 1014 508 locatae.
1042 458 1084 508 to.
1096 457 1161 509 Fae·-

186 536 319 578 rteretores
329 524 457 587 accurati;
475 538 610 590 repressae
621 537 724 576 usurae.
745 527 785 576 tr.
796 523 958 574 Liberalitate
967 521 1085 576 <iaceatis
1095 523 1164 576 ttae·

185 592 289 648 relecta.
309 593 349 648 18.
363 593 508 646 saltarum
519 592 697 644 accusationes
714 592 871 657 maiestatis,
890 601 917 642 et
927 601 1016 644 omues
1028 593 1165 644 societatis

186 673 246 710 cnm
263 657 361 711 Seiana
376 661 413 710 roi
431 660 525 710 secati.

239 730 281 780 20.
300 726 382 779 Gaius
400 725 495 780 Caesar
513 725 646 778 cundiam
663 726 741 778 ducit.
759 725 855 778 Tiberii
873 726 1037 792 praesagium
1058 726 1090 778 de
1103 724 1163 782 Ser.

186 795 276 850 Getta
293 797 335 849 21.
354 795 405 845 Ars
423 793 559 848 Chaldaea.
577 789 737 852 Thrasullus,
764 795 806 844 22.
829 791 867 843 De
883 791 937 844 lato
955 793 1090 848 dubitatio.
1117 795 1160 845 2³.

186 861 293 916 Asinius
312 859 399 914 Gallus
419 863 479 914 obit.
514 862 584 912 blora
602 859 681 912 Drusi
701 857 856 915 miserande.
895 859 985 911 24.1n
1008 875 1066 911 enm
1084 869 1160 910 atrox

185 929 282 980 Tiberii
299 930 411 984 enimus.
440 929 481 982 26.
499 928 645 994 Agrippina
662 929 731 994 perit
748 927 842 978 inedia.
877 925 1163 979 commasticare

186 1007 281 1116 {poppa
296 996 350 1047 vita
367 995 474 1048 decedit.
492 998 536 1048 22.
555 995 625 1046 blora
641 995 709 1046 Aelii
725 994 842 1055 Lamiae,
861 994 944 1046 Flacci
956 994 1104 1062 Pomponii,
1116 994 1164 1046 Μ’.

209 1079 223 1116 e
243 1080 250 1114 t
271 1079 289 1116 ι.

222 1079 279 1183 Ι’22
297 1114 413 1182 Plioenix
429 1131 456 1178 in
473 1129 595 1195 Aegypto
613 1131 683 1189 visa;
701 1145 828 1196 superea
845 1130 1005 1181 narrationes
1018 1138 1043 1181 et
1057 1129 1165 1183 iudicia.

186 1201 229 1250 29.
245 1197 332 1248 Labeo
350 1205 445 1264 sponte
461 1197 582 1255 moritur,
605 1197 729 1247 invidiam
746 1196 883 1248 amolleute
899 1196 1011 1252 liberio.
1047 1193 1164 1248 Scaurus

185 1265 378 1384 ffititnationepu
395 1264 483 1318 anteit.
509 1265 551 1316 tto.
569 1263 642 1314 Varii
658 1265 728 1314 cives
746 1265 808 1314 urbe
825 1266 917 1316 exacti.
936 1263 1082 1317 Gaetulicus
1094 1265 1164 1316 mira

225 1333 282 1383 ucia
299 1347 346 1383 eva
365 1333 393 1383 tt.

237 1401 280 1451 tt.
298 1401 340 1452 32.
358 1399 459 1449 Parthis
478 1399 637 1449 Artabanum
653 1400 779 1450 amaturis
802 1409 828 1449 et
848 1400 994 1466 petentibus
1011 1413 1099 1464 regem
1116 1399 1163 1449 Ti-

186 1467 274 1517 berius
292 1467 336 1518 dat
352 1465 488 1517 Phraatem
510 1475 536 1517 et
557 1466 607 1516 hoc
627 1475 729 1517 mortuo
747 1466 887 1520 Tiridatem
908 1465 1027 1516 destinat.
1063 1464 1164 1516 Orienti

185 1533 319 1584 Vitellium
336 1533 460 1600 praeficit.
496 1535 607 1586 stt-stt.
624 1531 734 1584 Parthos
751 1533 868 1584 Armenii
885 1532 1023 1595 invadunt,
1046 1531 1096 1583 bos
1115 1531 1163 1582 Al·

186 1603 248 1652 bani
265 1601 402 1664 Hiberique
419 1601 552 1651 Thessalis
572 1601 620 1651 orti
637 1602 733 1652 iuvant.
770 1603 812 1653 36.
831 1600 962 1651 Artabano
980 1600 1007 1650 ln
1025 1597 1164 1664 Scythiam

185 1667 299 1735 profugo
316 1671 359 1720 tt.
376 1668 501 1718 Tiridates
521 1667 658 1718 sufficitur.
676 1669 718 1720 38.
734 1667 833 1718 Romae
849 1667 967 1718 Tiberius
985 1667 1085 1718 saevire
1101 1682 1164 1733 per·

186 1737 234 1802 git.
252 1737 294 1787 82.
310 1735 449 1800 Poppaeus
467 1732 579 1786 Sabinus
598 1735 659 1785 obit.

237 1805 279 1856 40.
297 1801 368 1852 Mors
386 1801 506 1852 Vibuleul
526 1801 671 1867 Agrippae,
690 1801 823 1868 Tigranis,
842 1799 966 1852 Aemiliae
978 1799 1098 1867 Lepidae.
1115 1802 1164 1853 41.

110 1915 113 1924 .
187 1868 266 1921 (ilites
285 1868 465 1934 Cappadoces,
485 1864 543 1934 regi
557 1884 606 1919 suo
624 1869 744 1928 rebelles,
762 1869 879 1935 reprimit
889 1867 1038 1920 Trebellius.
1056 1870 1098 1919 42.
1117 1868 1163 1917 Ti-

185 1936 282 1988 ridates
300 1935 404 2001 insigne
421 1936 521 2001 reglum
538 1935 646 2002 accipit.
675 1937 710 1990 ts
727 1936 790 1988 Μαι
805 1946 942 2003 procerum
960 1935 1069 1988 discidio
1088 1934 1166 2002 pelli·

188 2014 243 2063 tur,
261 2005 304 2054 44.
323 2003 455 2054 Artabano
472 2003 601 2054 restituto.

237 2073 281 2122 ct.
300 2067 382 2122 Grave
399 2070 547 2121 incendium
562 2070 660 2120 Romae
677 2063 796 2125 'liberius
812 2069 963 2121 liberalitate
979 2069 1089 2136 mitigat.
1106 2068 1165 2119 Ma·

186 2152 231 2189 cro
250 2136 393 2204 Caligulam
410 2148 504 2203 captat.
526 2140 568 2190 46.
587 2139 704 2188 Tiberius
722 2138 755 2189 de
771 2152 922 2188 successore
939 2136 1069 2192 deliberat.
1095 2135 1164 2187 Eius

186 2221 263 2272 praes
299 2206 353 2255 lum
374 2205 406 2256 de
429 2203 554 2271 Caligula.
565 2205 681 2256 Morbum
694 2204 846 2255 wimulat.
854 2203 898 2254 47.
906 2204 998 2255 Acutia
1015 2204 1162 2264 damnatur,

186 2272 287 2334 Albucil
296 2287 312 2323 a
321 2273 461 2339 impietatis
471 2274 497 2322 in
506 2274 650 2339 principem
659 2271 780 2324 delemur.
796 2274 836 2324 48.
856 2272 991 2322 Arruntius
1001 2271 1086 2322 taedio
1095 2281 1161 2321 tcm-

186 2339 530 2472 taltllttttllt.
546 2338 1164 2472 *ltittlttatttttllltllll’tllt

535 2442 543 2469 ,
1050 2443 1056 2456 .

188 2489 342 2542 oppressus.
376 2477 419 2526 bl.
437 2473 583 2556 Eiusvarli
600 2488 676 2525 casus
695 2485 720 2524 et
735 2489 830 2526 mores.
1019 2540 1027 2554 .
1087 2537 1094 2550 ι

188 2539 881 2674 0..Gtt‘tltfftttt‘ttttttf‘ltlbittit:
891 2537 1162 2658 ilcilfftitltlt

187 2675 268 2740 Sulla,
286 2675 366 2728 Paulo
384 2675 463 2728 ratio
475 2675 506 2729 1..
524 2675 641 2738 Vitellio,
660 2675 688 2732 G.
706 2674 790 2726 Cestio
809 2673 881 2726 Gallo
899 2675 933 2726 ld.
953 2671 1061 2726 Servilio
1079 2672 1160 2738 Ruso,

186 2743 216 2804 Q.
235 2743 336 2798 Plautio
354 2741 416 2795 Sex.
435 2742 557 2810 Papinio,
576 2741 621 2796 011.
640 2742 779 2794 Acerronio
799 2739 826 2798 G.
844 2743 937 2793 Pontio
957 2753 1025 2794 coss.

217 2841 262 2922 V,
279 2841 309 2907 6.
329 2888 379 2904 ...
396 2841 541 2915 Quattuor
558 2851 588 2904 et
604 2843 794 2923 qnadraginta
806 2846 957 2905 orationes
972 2861 1065 2923 snper
1078 2859 1114 2904 ea
1124 2861 1160 2902 re

152 2927 290 3005 habitae,
311 2947 351 2990 ex
368 2929 433 3006 quis
449 2924 487 2988 ob
508 2937 617 3002 metum
632 2943 760 3008 paucae,
777 2927 878 3006 plnres
894 2925 1086 2989 adsuetudine
1102 2972 1108 2986 .
1125 2970 1155 2986 ..

153 3012 314 3076 ...imibi
334 3011 477 3091 pudorem
498 3021 546 3074 aut
568 3011 675 3074 Seiano
697 3011 834 3073 invidiam
859 3011 1019 3072 adlaturum
1046 3008 1156 3071 censui.

153 3115 241 3160 versa
258 3104 305 3158 est
318 3096 451 3168 foruna.
475 3104 507 3156 et
520 3096 571 3158 ille
589 3096 722 3178 quidem,
747 3098 795 3176 qui
811 3095 958 3174 collegam
971 3101 1004 3156 et
1017 3111 1160 3172 generum

131 3181 336 3258 sadscirerat,
354 3179 411 3240 sibi
427 3181 573 3258 ignoscit:
589 3181 701 3260 ceteri,
718 3199 803 3260 quem
817 3198 872 3261 per
882 3179 1029 3242 dedecora
1040 3178 1160 3255 lovere,

154 3283 219 3327 oum
233 3263 351 3328 scelere
365 3265 553 3326 insectantur.
576 3266 712 3327 miserius
737 3267 776 3329 sit
797 3265 835 3326 ob
857 3264 1011 3326 amicitiam
1026 3263 1159 3324 accusari

154 3366 192 3408 an
220 3351 341 3412 ameum
362 3366 518 3428 accusare,
544 3347 619 3412 baud
640 3347 841 3414 discreverim.
864 3367 924 3411 non
943 3343 1159 3424 crudelitatem,
