2536 3870
76 195 80 206 Ι
182 117 243 182 tta
409 127 576 178 cocuntur
591 126 709 175 rnorar
722 127 963 176 unsuonranuu

178 285 359 346 manuumve
373 281 519 344 obsistere
534 299 606 342 auso
623 282 748 360 (qnippe
762 298 875 340 omnem
888 281 1029 360 pudorem
1041 302 1101 344 nort
1116 287 1196 346 ade·
1249 345 1250 356 ,

179 367 504 447 merat)protractume
521 363 608 430 cubili
626 365 810 426 interficiunt.
826 366 928 426 eadem
943 363 1124 427 inVoculam
1140 388 1197 448 pa·
1249 375 1250 424 ξ

179 453 333 528 rebantur,
348 452 402 511 nisi
418 447 518 510 servili
532 447 630 509 lrabitu
644 467 697 528 per
712 449 847 510 tenebras
862 450 1013 526 ignoratus
1028 451 1196 514 evasisset.
1249 439 1250 484 t

243 537 294 600 37.
317 535 375 597 Ubi
391 534 492 594 sedato
504 534 611 612 impetu
626 541 719 592 metus
735 531 829 608 rediit,
846 533 1031 592 centuriones
1047 552 1113 594 curn
1127 539 1196 616 epi·
1249 534 1250 608 l

180 621 263 680 stulis
280 617 315 680 ad
332 619 463 680 civitates
479 616 634 678 Galliarum
650 616 766 692 misere,
788 615 894 676 auxilia
908 635 943 676 ac
958 615 1102 694 stipendia
1123 632 1196 680 ora-

180 715 279 765 turos:
303 705 375 781 ipsi,
391 711 421 761 ut
436 711 480 762 est
495 700 601 778 volgus
618 701 679 758 sine
694 708 811 758 rectore
826 717 971 780 praeceps
987 701 1126 778 pavidum
1144 722 1197 764 so·
1249 763 1250 790 ἦ

181 806 260 864 cors,
276 786 450 847 adventante
469 783 574 859 Ciuile,
590 785 681 862 raptis
699 792 811 842 temere
824 783 910 842 armis
928 802 963 843 ao
981 783 1075 844 statim
1096 787 1195 847 omis-

156 873 237 949 ssis,
253 871 281 930 in
296 870 394 947 lugam
409 877 566 928 vertuntur.
598 885 647 926 res
667 865 814 927 adversae
830 866 1002 927 discordiam
1026 883 1194 947 peperere,

180 957 215 1016 iis
237 954 284 1034 qui
309 972 325 1012 e
347 953 501 1030 superiore
523 951 653 1010 exercitu
678 959 760 1010 eraut
776 967 891 1010 cansam
906 969 985 1010 suam
1001 949 1195 1024 dissocianti·

181 1041 248 1108 bus;
266 1035 378 1096 Vitellii
394 1045 488 1096 tarneu
503 1035 644 1111 imagines
659 1035 689 1093 ln
704 1035 806 1094 castris
821 1043 851 1094 et
869 1051 922 1113 per
945 1034 1093 1112 proximas
1118 1036 1193 1097 Bel-

180 1138 281 1200 garum
297 1121 430 1180 civitates
448 1117 608 1196 repositae,
624 1135 688 1178 cunr
705 1118 761 1178 iarn
776 1117 912 1178 Vitellius
927 1117 1095 1179 occidisset.
1119 1121 1192 1180 dein

180 1205 279 1265 mutati
302 1205 331 1263 in
354 1203 558 1282 paenitentiam
578 1203 698 1280 primani
715 1202 903 1280 quartanique
924 1211 954 1261 et
970 1201 1190 1264 duoetvicensi-

142 1289 255 1353 numani
276 1287 419 1349 Voculam
438 1293 614 1365 sequuntur,
640 1285 716 1364 apud
738 1303 823 1363 quem
838 1294 987 1365 resumpto
1007 1287 1184 1366 Vespasiani

182 1380 364 1433 sacramento
388 1371 423 1432 ad
438 1368 617 1430 liberandum
639 1369 819 1447 Mogontiaci
837 1367 979 1428 obsidium
994 1369 1186 1431 ducebantur.

181 1457 377 1517 discesserant
392 1455 584 1528 obsessores,
600 1453 704 1513 mixtus
721 1472 759 1512 ex
783 1451 894 1513 Chattis
919 1453 1018 1532 Usipis
1040 1453 1188 1514 Mattiacis

181 1540 340 1616 exercitus,
355 1540 489 1599 satietate
505 1537 632 1616 praedae
648 1555 703 1596 nec
717 1537 909 1607 incruentam,
939 1553 1005 1610 qura
1031 1535 1188 1617 dispersos

181 1633 211 1684 et
222 1624 340 1683 nescios
355 1621 440 1681 miles
454 1630 555 1680 noster
570 1621 726 1679 invaserat.
755 1621 823 1698 quin
839 1628 867 1678 et
883 1619 1002 1680 loricam
1017 1619 1189 1700 vallumque

144 1725 235 1785 asper
251 1707 323 1766 lrues
340 1721 410 1763 suos
423 1704 544 1764 Treveri
558 1713 702 1779 struxere,
719 1705 888 1781 magnisque
905 1704 934 1761 in
944 1704 1039 1763 vicem
1052 1703 1189 1765 cladibus

182 1808 246 1850 cum
270 1788 418 1848 Germanis
444 1786 607 1861 certabant,
632 1787 725 1846 donec
743 1789 865 1863 egregia
881 1805 952 1864 erga
969 1787 1110 1866 populum
1125 1789 1190 1849 Ro-

180 1890 292 1932 manum
306 1870 406 1931 merita
425 1888 494 1930 mox
510 1869 640 1929 rebelles
653 1869 813 1930 foedarent.

246 1951 297 2017 38.
317 1953 432 2014 Interea
450 1952 648 2031 Vespasianus
663 1955 765 2012 iterum
780 1972 815 2012 ac
830 1955 910 2014 'litus
935 1953 1115 2015 consulatum
1137 1957 1187 2016 ab·
1249 1945 1250 2016 l

180 2048 280 2101 sontes
303 2039 434 2115 inierant,
463 2047 571 2097 maesta
595 2046 624 2096 et
638 2035 789 2114 multiplici
803 2047 880 2098 metu
895 2056 1038 2117 suspensa
1054 2039 1188 2116 civitate,
1249 2031 1250 2108 l

182 2141 256 2202 quae
274 2140 364 2201 super
379 2123 513 2181 instantia
529 2119 602 2180 mala
615 2120 706 2180 falsos
720 2139 847 2198 pavores
861 2121 1002 2198 induerat,
1021 2123 1188 2182 descivisse

180 2208 310 2269 Africam
325 2224 374 2276 res
390 2224 482 2266 novas
497 2203 634 2264 moliente
648 2203 679 2264 L.
696 2203 812 2264 Pisone.
840 2207 864 2265 is
885 2224 946 2284 pro
971 2205 1097 2268 consuto
1106 2225 1184 2284 pro-

157 2293 303 2368 stinctae,
321 2307 502 2368 nequaquam
517 2287 645 2348 turbidus
660 2288 797 2366 ingenio:
813 2287 942 2368 sed-quia
957 2307 1046 2350 naves
1062 2293 1186 2350 saevitia

181 2375 284 2436 hiemis
302 2371 545 2452 prohibebantur,
569 2372 677 2449 volgus
700 2371 833 2432 alimenta
848 2374 877 2432 in
895 2373 957 2432 dies
974 2374 1099 2433 mercari
1115 2375 1187 2434 sali-

181 2469 248 2536 tum,
265 2459 311 2518 cui
327 2475 383 2516 una
402 2475 440 2516 ex
454 2476 487 2517 re
501 2455 616 2534 publica
633 2473 764 2516 annonae
780 2475 858 2532 cura,
877 2457 1004 2516 clausurn
1018 2457 1096 2532 litus,
1115 2461 1186 2518 reti-

181 2546 244 2602 neri
260 2549 435 2602 commeatus
458 2539 524 2608 dum
544 2541 633 2617 timet,
657 2539 805 2616 credebat,
828 2540 999 2617 angentibus
1014 2541 1118 2600 laruam
1134 2542 1186 2602 vt-

182 2627 318 2704 tellianis,
336 2625 384 2703 qui
398 2623 521 2685 studium
536 2624 657 2702 partium
677 2624 801 2683 nondum
816 2633 989 2703 posuerant,
1008 2642 1044 2684 ue
1064 2625 1184 2684 victori·

148 2723 173 2765 1⁰
181 2712 235 2772 bns
252 2709 366 2790 quidem
379 2710 493 2786 ingrato
508 2726 633 2785 rumore,
648 2726 768 2787 quorum
783 2708 956 2788 cupiditates
968 2708 1096 2767 externis
1113 2725 1184 2786 quo·

183 2813 239 2876 que
255 2793 341 2854 bellis
357 2792 551 2870 inexplebiles
569 2792 647 2852 nulla
662 2810 793 2871 umquam
811 2790 904 2851 civilis
921 2791 1042 2852 victoria
1058 2792 1182 2850 satiavit.

245 2877 297 2939 39.
318 2875 458 2938 Kalendis
480 2876 618 2936 Ianuariis
633 2878 661 2936 iu
679 2872 794 2952 senatu,
812 2893 896 2954 quem
918 2873 1006 2936 lulius
1026 2873 1184 2936 Frontinus

182 2969 302 3042 praetor
311 2960 436 3020 urbanus
454 2969 623 3038 vocaverat,
639 2959 744 3037 legatis
762 2958 997 3038 exercitibusque
1012 2975 1048 3018 ac
1062 2957 1182 3036 regibus

181 3046 282 3108 landes
302 3055 460 3124 gratesque
481 3043 632 3114 decretam
657 3053 685 3102 et
708 3041 802 3102 Tettio
819 3041 931 3102 Iuliano
954 3051 1090 3121 praetura
1104 3051 1181 3102 ‘tam-

182 3149 266 3211 quam
289 3128 549 3206 transgredientem
570 3129 599 3187 in
620 3137 719 3206 partes
739 3128 914 3205 Vespasiani
934 3126 1082 3203 legionem
1098 3125 1182 3184 dese-

159 3219 297 3290 srulsset,
323 3211 427 3289 ablata,
450 3223 480 3272 nt
500 3215 529 3272 in
543 3212 666 3272 Plotium
679 3209 816 3288 Griphum
833 3209 1055 3279 transferretur;
1071 3207 1181 3269 Hormo

181 3299 307 3375 dignitas
336 3299 480 3375 equestris
504 3296 580 3356 data.
612 3304 640 3355 et
661 3313 728 3356 mox
755 3297 884 3355 eiurante
905 3293 1044 3355 Frontino
1072 3291 1182 3352 Caesar

180 3381 360 3440 ltonitianns
374 3391 538 3458 praeturam
556 3379 643 3458 cepit.
675 3381 736 3438 eius
752 3396 855 3439 nomeu
873 3376 1002 3458 epistulis
1019 3375 1182 3454 edictisque
