2570 3878
179 107 241 174 182
426 124 593 172 conuunn
615 123 732 172 uncum
754 124 939 174 nnnumuu

178 279 266 340 modo
274 279 492 341 vismorborum
506 280 602 358 pretia
610 278 806 354 medentibus,
819 279 924 340 siclori
937 278 1181 356 tabespecuuiarm

146 363 328 424 ¹nradvooatis
348 364 435 426 ferat.
460 365 659 446 meminissent
676 361 709 424 C.
724 363 836 441 Asinii,
858 361 895 422 bl.
908 361 1064 424 Messallae
1081 379 1114 422 ao
1130 381 1179 422 re·
1275 391 1276 444 }

180 451 338 510 cantiorum
350 446 480 509 Arruntii
501 456 531 509 et
544 447 714 508 Aesernini:
736 447 772 509 ad
786 465 894 508 summa
909 457 1068 527 provectos
1083 446 1180 508 incor—
1275 457 1276 518 j

75 606 80 615 ,
178 544 262 614 rupta
276 533 335 594 rita
349 542 380 594 et
394 532 537 593 facundia.
568 531 636 601 talia
650 531 764 592 dicente
780 530 902 592 consule
917 530 1087 610 designato,
1111 548 1180 591 con·

179 616 368 678 sentientibus
393 615 474 695 aliis,
496 615 652 696 parabatur
673 616 831 694 sententia,
862 633 918 695 qua
947 615 1017 693 legs
1042 625 1180 695 repetuu-
1250 617 1276 704 ,r

178 701 276 763 darum
292 709 474 777 tenerentur,
490 718 555 760 cum
570 698 687 760 Suillius
702 709 732 760 et
746 699 933 762 Cossutianus
954 710 983 760 et
1003 701 1110 776 ceteri,
1133 697 1180 776 qui

143 799 236 846 tanen
251 785 400 862 iudicium,
423 785 531 864 quippe
544 785 574 844 iu
589 784 774 864 manifestos,
791 784 844 844 sed
858 801 983 864 poenam
998 783 1084 846 statui
1100 783 1180 844 uide·
1275 795 1276 818 ³

177 869 257 946 bant,
273 869 485 930 circumsistunt
500 867 666 949 Gaesarem,
683 877 826 930 anteacta
841 867 1045 948 deprecantes.

215 956 271 1030 1Ἰ.
289 953 327 1014 lit
348 961 502 1031 postquam
541 951 659 1024 adnuit,
697 966 787 1028 agera
824 951 978 1032 incipiunt:
1000 970 1086 1032 quem
1100 949 1181 1012 illum

177 1047 254 1100 tanta
275 1036 412 1116 superbia
432 1055 515 1112 esse,
533 1046 562 1097 ut
584 1037 780 1098 aeternitatem
801 1036 895 1098 famae
917 1055 971 1118 spe
984 1031 1181 1116 praesumat?

178 1122 241 1182 usui
259 1130 288 1181 et
303 1120 390 1181 rebus
405 1119 562 1181 subsidium
578 1122 763 1200 praeparari,
780 1139 817 1180 ne
831 1121 895 1200 quis
909 1119 1008 1200 iuopia
1022 1119 1179 1182 advocato·
1275 1116 1276 1154 l

177 1225 238 1266 rum
253 1203 418 1285 potentibus
439 1203 582 1266 obnoxius
597 1206 642 1266 sit.
675 1224 770 1284 neque
791 1215 885 1266 tamen
906 1204 1098 1285 eloquentiam
1113 1222 1179 1282 gra·
1275 1231 1276 1236 ¹

154 1291 251 1350 stulto
269 1289 456 1367 contingere:
480 1289 571 1349 omitti
592 1307 677 1350 curas
692 1289 864 1368 familiares,
886 1297 917 1350 ut
941 1291 1004 1369 quis
1028 1307 1060 1350 sc
1076 1287 1179 1348 alienis

176 1374 304 1452 negotiis
320 1372 457 1433 intendat.
486 1373 591 1434 multos
605 1373 721 1450 militia,
745 1372 884 1453 quosdam
900 1372 1067 1434 exercendo
1090 1381 1179 1450 agros

177 1458 306 1519 tolerare
327 1457 428 1527 ritam;
451 1457 522 1518 nihil
544 1475 560 1517 a
583 1475 727 1537 quoquam
750 1458 867 1537 expeti,
889 1458 944 1519 nisi
968 1458 1048 1517 cuius
1068 1455 1178 1520 fructus

176 1551 243 1602 ante
259 1541 429 1622 providerit.
463 1541 550 1602 facile
562 1540 694 1602 Asinium
707 1551 736 1602 et
746 1541 923 1620 Messallam,
938 1542 1013 1602 iuter
1024 1539 1180 1600 Antonium

176 1635 207 1688 et
221 1625 383 1703 Augustum
399 1625 541 1686 bellorum
557 1627 692 1705 praemiis
712 1625 856 1704 refertos,
875 1635 924 1687 aut
940 1624 1039 1686 ditium
1057 1623 1178 1685 familia·
1275 1607 1276 1632 ¹

143 1722 240 1771 rorum
262 1708 388 1770 heredes
402 1707 583 1770 Aesemiuos
605 1719 634 1770 et
654 1710 809 1770 Arruntios
831 1728 965 1789 magnum
988 1709 1111 1770 animum
1136 1707 1178 1768 in·

176 1793 284 1855 duisse.
314 1803 447 1874 prompta
458 1793 514 1854 sibi
529 1793 672 1872 exempla,
690 1789 801 1873 quantis
816 1793 1001 1855 mercedibus
1014 1793 1046 1854 P.
1057 1790 1178 1853 Clodius
1275 1819 1276 1872 ι

175 1887 224 1939 aut
240 1875 274 1937 G.
290 1874 378 1938 Curio
393 1877 555 1938 contionari
569 1879 648 1938 soliti
658 1878 723 1938 siut.
751 1896 784 1938 se
795 1877 929 1939 modicos
949 1886 1112 1953 senatores,
1128 1875 1181 1955 pai
1275 1883 1276 1888 ’

176 1961 321 2041 quietare
336 1959 453 2041 publica
468 1961 546 2023 nulla
561 1962 616 2022 nisi
631 1962 712 2042 pacis
724 1963 917 2023 emolumenta
931 1969 1074 2042 peterent.
1097 1961 1178 2038 cogi·

175 2052 249 2106 taret
265 2044 397 2124 plebem,
416 2063 491 2124 quae
507 2055 577 2124 toga
592 2047 783 2107 enitesceret:
800 2045 922 2108 sublatis
939 2044 1096 2114 studiorum
1113 2062 1178 2124 pre·
1206 2111 1209 2116 ,
1275 2115 1276 2118 ¹

142 2129 222 2190 retiis
246 2129 331 2190 etiam
354 2129 448 2191 studia
470 2129 608 2211 peritura.
637 2138 667 2190 ut
688 2130 780 2190 minus
801 2128 910 2191 decora
929 2127 1020 2207 baec,
1043 2129 1081 2188 ita
1103 2125 1178 2190 baud
1275 2157 1276 2198 ι

174 2213 282 2274 frustra
298 2213 375 2274 dicta
392 2214 531 2293 princeps
548 2223 638 2292 ratus,
655 2211 805 2292 capiendis
825 2213 957 2293 pecuniis
983 2215 1090 2272 statutt
1115 2229 1175 2270 mo·
1275 2211 1276 2281 i

174 2299 337 2374 damusque
352 2297 388 2358 ad
401 2297 474 2358 dena
490 2299 640 2375 sestertia,
663 2315 747 2378 quem
763 2299 879 2375 egressi
897 2296 1121 2382 repetundarum
1136 2305 1178 2356 te·

173 2387 320 2441 nereumr.

233 2463 262 2526 8.
288 2464 347 2528 Sub
366 2464 444 2526 idem
465 2476 578 2545 tempus
597 2464 795 2542 lditbridates,
819 2484 903 2545 quern
925 2465 1107 2546 imperitasse
1122 2463 1179 2525 Ar·

172 2548 274 2608 meniis
295 2546 443 2630 iussoque
465 2549 527 2612 Gai
545 2546 680 2612 Caesaris
701 2550 827 2610 vinctum
847 2549 1020 2628 memoravi,
1042 2559 1180 2612 monente

174 2631 297 2693 Glaudin
316 2633 345 2692 iu
366 2652 487 2710 reguum
508 2635 663 2710 remeavit,
693 2632 984 2695 fisustarasmauis
1008 2631 1123 2713 opibus.
1153 2635 1180 2693 is

172 2734 226 2776 rex
244 2715 361 2776 Hiberis
382 2715 515 2797 idemque
535 2716 707 2778 Mithridatis
728 2719 819 2778 frater
841 2716 988 2788 nuntiabat
1005 2715 1179 2778 discordare

149 2799 295 2861 sl’artbos
311 2818 477 2882 summaque
491 2802 603 2879 imperii
621 2800 766 2880 ambigua,
781 2802 893 2864 minora
909 2801 972 2862 sine
985 2818 1054 2862 cura
1065 2798 1177 2862 baberi.

172 2897 237 2940 nam
255 2881 330 2940 inter
346 2883 505 2942 Gotarzem
519 2886 562 2923 ²⁶*
577 2883 708 2942 Gotarzis
720 2882 859 2961 pleraque
873 2901 976 2953 saeva;
996 2885 1063 2962 quia
1075 2901 1175 2943 necem

171 2963 252 3023 fratri
264 2963 413 3024 Artabano
425 2963 600 3044 coniugique
612 2983 645 3025 ac
657 2965 717 3024 lilio
731 2967 794 3026 eius
812 2975 976 3045 paraverat,
990 2967 1065 3028 unde
1081 2974 1173 3028 metus
1275 3009 1276 3036 2

174 3045 267 3127 [eius]
282 3048 310 3104 iu
322 3057 452 3126 ceteros,
468 3057 499 3108 et
514 3050 647 3116 accivere
664 3048 829 3110 Vardanen.
855 3047 918 3127 ille,
936 3059 967 3110 ut
986 3059 1049 3112 erat
1065 3051 1176 3128 maguis
1275 3051 1276 3058 ’

173 3131 250 3190 ausis
262 3140 424 3210 promptus,
438 3131 526 3192 biduo
539 3134 592 3193 tria
603 3132 681 3194 milia
694 3131 850 3194 stadiorum
866 3131 974 3193 invadit
987 3135 1177 3214 ignarumque

135 3229 160 3270 to
173 3222 203 3274 ct
210 3215 379 3274 exterritum
387 3213 531 3277 Gotarzen
544 3217 710 3296 proturbat;
725 3233 820 3294 neque
833 3224 981 3278 cunctatur
995 3219 1062 3296 quin
1075 3220 1177 3296 proni·

171 3316 232 3357 ,mas
249 3299 445 3376 praefecturas
458 3301 613 3380 corripiat,
629 3300 701 3362 solis
714 3299 940 3362 Seleucensibus
953 3299 1178 3362 dominationem

175 3381 237 3439 eius
264 3382 464 3444 abnuentibus.
514 3385 659 3466 inques,
690 3393 720 3445 ut
744 3386 833 3464 patris
860 3387 962 3465 suique
993 3384 1173 3464 defectores,
