2440 3886
127 155 168 216 34
379 159 867 212 cosunn11unc1u1uunsu1uu

126 319 220 397 magis
244 317 380 399 paludes,
404 317 554 379 saevitiam
573 315 698 377 hostium
721 335 894 397 superessc;
920 326 949 378 at
970 316 1134 378 victoribus

127 405 217 465 decus
228 403 361 481 gloriam.
394 420 468 481 quae
483 400 558 461 domi
573 419 648 478 cara,
667 418 742 480 qnae
757 404 786 462 in
802 402 905 462 castris
916 400 1057 480 honesta,
1070 420 1132 462 me·

126 497 233 558 morat;
250 488 365 548 reticuit
383 486 418 548 de
438 485 578 546 adversis.
611 503 704 564 equos
720 485 834 564 dehinc,
854 503 971 548 orsusa
993 487 1067 565 suis,
1090 487 1132 565 le7

92 581 259 652 rogatorum
274 570 509 650 tribunorumque
521 569 599 630 nulla
611 567 766 630 ambitione
780 570 941 632 fortissimo
954 573 1057 650 cuique
1068 570 1132 631 bel·

126 658 211 718 latori
226 655 323 733 tradit,
339 664 369 715 nt
383 654 423 732 hi,
438 672 507 715 mox
522 653 615 734 pedes
630 655 659 714 in
674 653 788 714 hostem
803 653 985 719 invaderent.

188 739 239 803 68.
261 739 349 802 Haud
358 739 450 800 minus
473 740 585 818 inquies
607 737 765 820 Germanus
787 757 855 818 spe,
881 739 1015 818 cupidine
1038 749 1067 800 et
1090 738 1131 798 di·

126 827 220 886 versis
249 825 351 886 ducum
376 823 527 884 sententiis
552 821 677 900 agebat,
704 822 838 888 Arminio,
870 823 1000 884 sinerent
1027 823 1133 901 egredi

126 925 324 988 egressosque
346 927 457 968 rursum
479 925 534 986 per
558 905 651 966 umida
678 917 706 966 et
732 906 860 987 inpedita
888 907 1133 968 circumvenirent

127 993 276 1070 suadente,
293 993 438 1054 atrociora
455 991 640 1070 Inguiomero
656 1000 686 1051 et
702 991 779 1052 laeta
800 990 949 1069 barbaris,
972 1000 1003 1052 ut
1023 992 1133 1053 vallum

77 1089 81 1094 ·
104 1079 212 1139 sarmis
226 1076 381 1140 ambirent:
400 1083 561 1156 promptam
577 1077 837 1155 expugnationem,
861 1074 961 1156 plures
983 1077 1132 1156 captivos,

125 1163 320 1242 incorruptum
335 1160 472 1239 praedam
491 1159 566 1220 iore.
595 1162 682 1237 igitur
701 1169 763 1221 orta
790 1159 837 1220 die
860 1169 1001 1239 proruunt
1020 1159 1132 1237 fossas,

112 1247 243 1306 iniciunt
258 1254 369 1322 crates,
392 1262 500 1306 summa
523 1244 594 1305 valli
617 1253 770 1323 prensant,
791 1261 859 1304 raro
882 1262 972 1323 super
991 1245 1081 1306 milite
1103 1254 1133 1304 et

126 1331 208 1408 quasi
222 1329 260 1390 ob
274 1337 380 1390 metum
394 1329 501 1390 dciixo.
529 1337 682 1408 postquam
697 1328 822 1390 haesere
837 1329 1030 1407 munimentis,
1048 1329 1132 1390 datur

126 1413 294 1474 cohortibus
317 1415 429 1492 signum
456 1429 622 1492 cornuaque
646 1431 683 1474 ac
708 1412 795 1474 tubae
824 1414 1012 1474 concinuere.
1054 1414 1131 1474 exim

91 1507 117 1548 ¹⁰
127 1498 254 1560 clamore
270 1507 299 1557 et
318 1498 427 1577 impetu
446 1499 539 1575 tergis
557 1497 763 1569 Germanorum
778 1496 1058 1574 circumfunduntur,
1080 1515 1125 1557 ex·

125 1583 299 1662 probrautes
313 1599 371 1642 ιιοιι
387 1581 435 1642 hio
451 1582 540 1642 silvas
557 1599 612 1641 occ
630 1580 768 1661 paludes,
793 1580 844 1642 sed
860 1581 964 1660 aequis
984 1581 1061 1642 locis
1082 1599 1130 1642 ae·

125 1684 199 1745 quos
220 1666 302 1727 deos.
332 1665 409 1726 hosti
432 1665 519 1726 iacile
543 1665 685 1726 excidium
715 1675 745 1726 et
773 1683 884 1745 paucos
904 1681 940 1726 ac
969 1683 1131 1727 semermos

125 1750 264 1830 cogitanti
284 1765 373 1809 sonus
395 1750 539 1827 tubarum,
562 1749 661 1828 fulgor
683 1767 839 1828 armorum,
869 1758 975 1829 quamn
1001 1751 1131 1830 inopina,

124 1843 203 1895 tanto
228 1835 338 1894 maiora
361 1833 559 1909 offunduntur,
589 1833 806 1911 cadebantque,
833 1842 864 1894 ut
884 1831 973 1896 rebus
995 1834 1132 1896 secundis

90 1918 216 1995 suavidi,
241 1919 280 1976 ita
299 1917 431 1978 adversis
453 1919 569 1978 incauti.
606 1917 753 1978 Arminius
774 1919 906 1996 integer,
926 1917 1132 1996 Inguiomerus

123 2011 193 2082 post
205 2019 297 2079 grave
314 2001 417 2062 vulnus
432 2019 558 2081 pugnam
573 2001 746 2062 deseruere:
764 2002 870 2080 vulgus
887 2003 1059 2064 trucidatum
1071 2013 1130 2080 cst,

124 2088 218 2147 donec
233 2086 275 2146 ira
292 2094 321 2146 et
337 2085 399 2146 dies
415 2087 581 2166 permansit.
605 2095 694 2146 nocte
705 2085 817 2147 demum
829 2103 969 2148 reversae
981 2087 1131 2166 legiones,

124 2172 253 2251 quamvis
270 2170 335 2250 plus
345 2171 505 2248 vulnerum,
520 2171 622 2232 eadem
637 2169 767 2232 ciborum
779 2179 896 2249 egestas
908 2171 1055 2251 fatigaret,
1070 2174 1128 2233 vim

124 2257 275 2370 sanitatem
291 2256 402 2334 copias,
419 2263 522 2316 cuncta
535 2257 564 2315 in
579 2256 702 2316 victoria
715 2254 855 2316 habuere.

126 2339 236 2400 ···69.
259 2339 456 2402 Pervaserat
446 2341 560 2400 mterim
579 2341 767 2401 circumventi
782 2341 929 2400 exercitus
945 2340 1020 2402 lama
1036 2350 1065 2400 et
1086 2343 1128 2402 in
1144 2383 1147 2393 ·

123 2399 200 2486 testo
217 2423 424 2484 Germanorum
446 2425 561 2502 agmine
582 2423 691 2486 Gallias
705 2426 782 2504 peti,
805 2442 840 2507 ac
858 2426 887 2484 ui
907 2425 1093 2523 Agrippina
1084 2443 1127 2484 ιιι-
1217 2497 1218 2500 ¹

123 2508 247 2606 positum
258 2506 361 2567 Rheno
377 2517 499 2588 pontem
513 2508 589 2570 solvi
606 2508 818 2588 prohibuisset,
843 2518 925 2570 erant
938 2527 985 2610 qur
977 2507 1029 2569 id
1044 2507 1128 2586 llagi

122 2592 190 2652 tium
216 2590 369 2652 formidine
395 2592 543 2658 auderent.
584 2593 636 2653 sed
662 2593 798 2655 femina
789 2612 905 2694 ingens
920 2594 1005 2655 animi
1033 2595 1131 2654 munia

82 2675 204 2736 oducis
220 2693 274 2754 per
290 2692 344 2736 eos
362 2675 425 2737 dies
440 2675 530 2737 induit
531 2677 759 2758 ,militibusque,
775 2687 805 2738 ut
820 2679 883 2758 quis
895 2679 980 2758 inops
997 2685 1044 2738 aut
1059 2695 1131 2738 sau·

123 2760 195 2858 cius,
209 2769 321 2820 vestem
337 2769 367 2820 et
383 2760 510 2821 fomenta
527 2723 660 2840 dilargita
675 2772 729 2823 est.
757 2762 892 2824 traditG.
909 2763 1035 2840 Plinius,
1057 2762 1131 2824 Ger·

120 2843 297 2905 manicorum
313 2843 456 2906 bellorum
472 2845 615 2925 scriptor,
636 2847 753 2908 stetisse
776 2846 852 2927 apud
867 2846 1040 2928 principium
1055 2864 1131 2927 pon·
1217 2857 1218 2862 ’

119 2928 168 2996 tis,
181 2925 283 2988 laudes
298 2935 327 2986 et
338 2937 436 3008 grates
450 2931 580 2990 reversis
593 2930 760 3008 legionibus
774 2929 938 2993 habentem.¹
969 2931 998 2990 id
1014 2929 1130 2992 Tiberii

121 3013 242 3072 animum
255 3012 340 3074 altius
355 3015 534 3092 penetravit.
560 3017 707 3076 nonenim
722 3015 871 3115 simplices
886 3033 937 3076 eas
952 3033 1054 3093 curas,
1071 3035 1132 3076 nec
1216 3043 1218 3048 ¹

88 3113 111 3155 ιο
122 3097 262 3158 adversus
280 3106 418 3159 externos
432 3095 538 3159 studio
554 3100 671 3160 militum
687 3102 797 3179 quaeri.
832 3099 902 3162 nihil
924 3098 1086 3159 relictum
1077 3119 1130 3160 rm·
1215 3098 1218 3134 '³

121 3181 315 3263 peratoribus,
330 3182 379 3242 uhi
395 3182 502 3244 femina
516 3182 677 3264 manipulos
693 3185 853 3264 interrisat,
870 3186 953 3262 signa
964 3181 1057 3262 adeat,
1071 3183 1130 3245 lar·
1215 3186 1218 3196 ’

120 3266 260 3344 gitienem
275 3275 406 3348 temptet,
422 3277 565 3348 tamquam
582 3287 682 3348 parum
697 3268 849 3330 ambitiose
863 3269 951 3329 filium
964 3269 1046 3329 ducis
1057 3285 1127 3345 gre·
1213 3274 1217 3309 Ξ

120 3350 180 3425 gali
209 3351 308 3412 habitu
338 3352 521 3413 circumierat
551 3351 765 3442 Caesaremque
794 3352 956 3437 Caligulam
981 3352 1128 3432 appellari

120 3434 199 3493 velit.
228 3437 398 3516 potiorem
389 3455 444 3498 ram
460 3429 536 3518 apud
560 3426 705 3500 exercitus
721 3438 913 3518 Agrippinam
935 3454 1019 3517 quam
1043 3436 1129 3514 lega·
