2570 3878
168 171 230 235 202
425 183 589 238 connnun
603 181 720 232 nnouur
733 183 918 238 Αιιιιιιιιιιι
941 239 944 248 ,

169 337 317 402 Edessam.
348 347 377 398 et
391 346 515 398 vocante
532 337 646 400 Carene
662 346 868 419 promptasque
886 357 934 401 res
952 347 1127 418 ostentante,
1144 341 1168 402 si

75 497 78 504 Δ
134 440 159 484 ts
169 425 217 485 citi
233 422 433 500 advenissent,
450 439 505 482 non
522 423 679 484 comminus
691 423 938 502 Mesopotamiam,
954 422 1006 484 sed
1021 424 1097 484 liexu
1112 424 1167 484 Ar·

168 508 289 568 ureniam
301 515 409 585 petunt,
421 505 450 566 id
460 508 598 587 temporis
608 507 800 586 inportunam,
812 507 879 586 quia
890 506 980 568 hiems
991 507 1167 587 occipiebat.

233 592 280 654 13.
300 590 385 652 Exim
403 589 516 650 nivibus
539 599 568 651 et
588 590 731 652 montibus
752 590 840 667 lessi,
869 599 1022 672 postquam
1047 607 1169 671 campus

169 674 414 757 propinquabant,
431 674 524 754 copiis
536 673 655 738 Carenis
664 674 864 751 adiunguntur,
877 674 1069 754 tramissoque
1085 693 1168 736 amne

168 760 249 839 Tigri
272 768 422 838 permeant
442 757 627 836 Adiabenos,
655 776 774 837 quorum
802 775 856 818 rex
877 757 971 819 lactes
997 759 1168 822 societatem

167 843 343 907 Meherdatis
360 842 454 923 palam
469 842 613 920 induerat,
628 844 658 902 in
672 841 818 904 Gotarzen
835 860 888 921 per
902 842 1018 904 occulta
1032 850 1061 902 et
1075 844 1170 920 magis

145 929 224 990 tlida
240 926 403 990 inclinabat.
433 926 486 989 sed
499 936 585 1006 capta
599 928 627 986 in
642 927 761 988 transitu
773 925 840 986 urbs
853 925 960 1004 Ninos,
977 927 1169 988 uetustissima

169 1012 255 1072 sedes
287 1011 444 1085 Assyriae,
470 1017 501 1070 et
521 1009 669 1072 castellum
695 1011 809 1088 insigne
824 1011 909 1088 lama,
925 1009 1003 1089 quod
1018 1019 1168 1088 postremo

167 1097 241 1156 iuter
256 1094 372 1154 Darium
394 1103 480 1174 atque
496 1093 692 1155 Alexandrum
712 1094 827 1172 proelio
844 1091 996 1154 Persarum
1015 1093 1075 1154 illic
1093 1111 1169 1173 opes

168 1177 365 1248 conciderant,
393 1179 504 1238 interea
521 1176 662 1239 Gotarzes
681 1176 757 1258 apud
771 1185 895 1238 montem
915 1178 960 1238 cui
977 1194 1082 1238 nomeu
1096 1179 1169 1240 San-

168 1261 253 1322 bulos
268 1269 337 1322 vota
353 1260 396 1322 dis
411 1262 469 1321 loci
484 1259 680 1341 suscipiebat,
704 1262 862 1341 praecipua
876 1260 1020 1338 religione
1037 1261 1168 1339 Herculi,

134 1362 158 1404 uo
170 1346 222 1426 qui·
233 1355 363 1426 tempore
380 1353 454 1406 stato
470 1363 523 1424 per
537 1345 662 1425 quietem
672 1353 771 1407 monet
785 1343 970 1421 sacerdotes,
986 1354 1015 1404 ut
1032 1344 1170 1425 templum

168 1432 246 1492 iuxta
257 1447 348 1509 equos
359 1431 473 1490 venatui
487 1429 642 1491 adornatos
658 1430 769 1490 sistant.
796 1429 863 1508 equi
876 1427 924 1488 uhi
935 1426 1086 1506 pharetras
1102 1428 1169 1490 telis

168 1523 285 1575 onustas
298 1530 461 1593 accepere,
484 1531 537 1592 per
559 1513 648 1574 saltus
663 1513 730 1591 vagi
747 1521 834 1576 nocte
855 1511 967 1572 demum
982 1515 1080 1574 uacuis
1097 1511 1168 1592 pha·

166 1600 252 1659 retnis
270 1597 358 1658 multo
375 1615 438 1658 cum
454 1596 579 1658 anhelitu
596 1596 727 1657 redeunt.
761 1614 874 1657 rursum
894 1595 981 1672 deus,
1007 1615 1063 1675 qua
1078 1595 1169 1658 silvas

168 1682 377 1762 pererraverit,
391 1691 533 1741 nocturno
550 1681 614 1742 visu
628 1680 813 1757 demonstrat,
828 1680 1069 1760 reperiunturque
1085 1681 1168 1742 lusae
1198 1681 1204 1690 ’

134 1780 157 1821 uu
168 1766 273 1845 passim
288 1764 379 1825 lerae.

231 1850 280 1910 14
303 1845 438 1908 Ceterum
468 1845 624 1947 deturpes,
656 1847 780 1908 nondum
808 1849 878 1909 satis
906 1856 991 1910 aucto
1026 1848 1169 1926 exercitu,
1280 1839 1281 1860 ³

167 1932 280 1992 humine
297 1929 400 1998 Corma
417 1947 470 2011 pro
486 1932 659 1993 munimento
676 1933 732 2006 nti,
748 1940 777 1992 et
791 1949 962 2010 quamquam
976 1949 1029 2012 per
1044 1932 1168 1992 insecta-

167 2017 260 2076 tiones
280 2024 308 2075 et
323 2015 438 2074 nuntios
453 2014 490 2075 ad
506 2016 648 2095 proelium
664 1977 837 2092 nodaretur,
854 2025 973 2077 nectere
988 2031 1102 2098 moras,
1124 2013 1164 2075 lo

167 2118 220 2162 cos
233 2108 342 2161 mutare
357 2107 387 2159 et
401 2099 495 2172 missis
511 2099 729 2179 corruptoribus
744 2099 903 2160 exuendam
917 2100 954 2161 ad
968 2091 1053 2160 iidem
1067 2097 1169 2158 hostes

143 2183 317 2245 temercari.
352 2200 389 2243 ex
405 2183 469 2262 quis
484 2181 577 2244 lcates
592 2182 774 2256 Adiabenus,
809 2201 877 2244 mon
894 2182 1025 2245 Acbarus
1039 2180 1168 2242 Arabum

168 2287 231 2328 oum
247 2267 377 2329 exercitu
394 2265 567 2344 abscedunt,
591 2266 708 2327 levitate
725 2267 841 2346 gentili,
862 2276 890 2327 et
905 2267 972 2346 quia
986 2268 1168 2345 experimen·

167 2354 202 2414 tis
213 2351 371 2434 cognitum
395 2359 440 2410 est
459 2349 600 2411 barbaros
626 2351 728 2412 malle
733 2351 824 2412 Roma
848 2359 950 2430 petere
971 2367 1061 2429 reges
1083 2366 1168 2429 quam

166 2419 285 2497 habere.
324 2443 353 2495 at
369 2433 554 2496 Meherdates
578 2433 681 2496 ualidis
707 2435 820 2496 auxiliis
842 2433 979 2512 nudatus,
1003 2441 1168 2494 ceterorum

167 2518 331 2600 proditione
353 2526 506 2597 suspecta,
538 2519 615 2620 quod
642 2537 726 2580 uuum
748 2519 905 2598 reliquum,
936 2537 997 2579 rem
1018 2518 1048 2578 in
1069 2533 1167 2578 casum

133 2603 237 2664 tudere
265 2601 435 2682 proelioque
463 2603 591 2682 experiri
619 2602 726 2663 statuit.
768 2621 824 2663 nec
847 2602 1019 2664 detrectavit
1043 2617 1168 2680 pugnam

167 2685 305 2748 Goterues
332 2684 483 2746 deminutis
514 2685 646 2746 hostibus
676 2687 778 2755 ieron:
809 2703 1037 2766 concursumque
1061 2701 1168 2763 magna

166 2769 257 2830 caede
272 2778 301 2830 et
312 2767 447 2847 ambiguo
459 2779 579 2848 euentu,
595 2769 689 2831 donec
701 2768 842 2831 Carenem
854 2770 1017 2850 profligatis
1032 2767 1168 2842 obuersis

165 2853 280 2931 longius
295 2861 428 2914 evectum
444 2855 559 2930 integer
574 2872 591 2915 a
606 2863 691 2932 tergo
713 2853 820 2932 globus
844 2853 1075 2916 circumveniret.
1110 2860 1168 2910 tum

166 2937 242 2996 omni
267 2955 321 3017 spe
352 2936 463 3015 perdita
489 2934 687 3012 Meherdates,
722 2939 865 3018 promissa
892 2936 1025 2998 Parracis
1052 2935 1165 3016 paterni
1277 2935 1278 2958 ¹

132 3035 156 3077 ts
169 3021 280 3080 clientis
298 3028 429 3099 secutus,
447 3020 515 3082 dolo
532 3023 595 3082 eius
609 3021 732 3082 vincitur
744 3021 921 3100 traditurque
935 3021 1049 3081 victori.
1078 3029 1166 3098 atque
1277 3031 1278 3076 t

166 3104 216 3165 illc
237 3122 295 3165 uon
318 3106 508 3184 propinquum
532 3124 627 3185 neque
642 3105 762 3166 Arsacis
777 3104 813 3165 de
828 3114 931 3183 gente,
954 3103 1007 3164 sed
1025 3103 1167 3181 alienige·

123 3207 127 3216 ’
166 3206 229 3250 nem
254 3197 283 3248 et
301 3189 461 3250 Romanum
482 3191 651 3269 increpans,
680 3188 795 3252 auribus
824 3189 930 3250 decisis
953 3188 1053 3249 uiuere
1076 3185 1168 3264 iubet,

167 3273 291 3332 ostentui
306 3271 476 3333 clementiae
491 3291 560 3334 suae
576 3281 606 3334 et
619 3274 648 3333 iu
664 3290 717 3332 nos
732 3272 998 3334 dehonestamento.
1029 3269 1098 3330 dein
1109 3269 1167 3332 Go-

165 3364 262 3416 tarzes
285 3353 387 3418 morbo
410 3356 494 3433 obiit,
516 3357 682 3437 accitusque
706 3357 734 3418 in
757 3374 879 3436 regnum
901 3358 1042 3417 Vonones
1063 3351 1168 3414 Medos

133 3446 223 3500 otum
247 3440 426 3520 praesidens.
460 3439 536 3501 nulla
558 3439 622 3505 huic
643 3458 786 3522 prospera
807 3451 855 3502 aut
876 3439 999 3502 aduersa
1022 3437 1084 3517 quis
1107 3453 1166 3498 me·
1276 3441 1277 3450 ’
