2570 3878
417 161 802 216 transmeasse—uo.
1062 137 1123 214 itt

115 316 297 380 Germaniam
318 317 504 378 incursavere
525 313 599 377 duce
615 315 784 395 Gannasco,
809 317 856 395 qui
880 318 997 378 natione
1016 315 1121 379 Ganni-

114 401 217 479 neins,
240 400 386 462 auxiliaris
402 408 431 460 et
446 400 494 462 diu
509 401 643 478 meritus,
665 409 734 481 post
748 401 914 480 transfuga,
937 401 1050 463 levibus
1071 421 1121 464 na·

114 485 202 563 vigiis
222 483 444 564 praedabundus
469 482 616 546 Gallorum
636 486 759 546 maxime
786 502 866 546 oraru
887 485 1034 563 vastabat,
1062 500 1143 546 nonr

112 570 234 648 ignarus
251 568 326 629 dites
341 576 370 629 et
386 567 509 628 inbelles
524 586 601 628 esse.
631 579 660 629 at
672 566 801 630 Corbulo
818 570 994 650 provinciam
1007 571 1120 648 ingres·

54 691 62 708 .
113 671 164 715 sus
180 670 363 730 magnacum
378 669 447 714 cura
464 662 493 713 et
507 670 575 713 mor
589 652 694 731 gloria,
711 655 757 714 cui
772 653 945 735 principium
957 653 1007 716 illa
1021 653 1121 714 militia

111 739 182 816 iuit,
198 740 331 798 triremes
345 735 431 797 alveo
446 735 556 814 Rheni,
572 746 686 798 ceteras
702 739 832 815 narium,
846 747 878 800 ut
892 755 1024 818 quaeque
1040 737 1120 799 habi·

112 822 174 899 les,
198 839 251 900 per
264 820 410 882 aestuaria
427 828 456 882 et
471 819 702 899 iussas-adegit;
713 819 916 901 luntribusque
930 823 1055 883 hostium
1070 822 1121 883 de-
1193 878 1195 890 ,

10 957 11 964 ι
112 906 227 987 pressis
244 913 273 966 et
292 903 444 965 exturbato
460 904 628 983 Gannasco,
653 905 701 966 ubi
721 909 888 987 praesentia
909 907 979 968 satis
1000 923 1118 986 compo·
1130 917 1156 960 rr

10 1053 11 1058 ,
112 992 167 1051 sita
184 998 263 1066 sunt,
279 988 414 1067 legiones
430 1005 550 1070 operum
566 998 594 1049 et
608 988 718 1051 laboris
732 991 868 1069 ignavas,
884 991 1121 1071 populationibus

112 1075 275 1150 laetantes,
298 1081 428 1134 veterem
444 1074 479 1135 ad
494 1090 605 1134 morem
621 1073 751 1153 reduxit,
769 1075 886 1154 nequis
902 1077 1017 1153 agmine
1033 1075 1120 1136 deee-

113 1159 198 1220 deret
210 1172 265 1217 nec
277 1174 403 1236 pugnam
414 1158 469 1218 nisi
481 1158 576 1218 iussus
588 1158 682 1218 iniret.
708 1161 860 1236 stationes,
876 1158 1004 1237 vigiliae,
1020 1159 1121 1220 diurna

112 1250 313 1319 nocturnaque
331 1240 426 1302 munia
445 1243 474 1302 in
496 1243 582 1302 armis
602 1241 795 1320 agitabantur.
825 1243 979 1321 feruntque
992 1242 1119 1319 militem,

112 1328 180 1406 quia
198 1324 304 1385 vallum
327 1341 385 1385 non
405 1326 570 1403 attinctus,
594 1333 680 1403 atque
697 1324 798 1402 alium,
822 1326 888 1405 quia
908 1326 1037 1405 pugione
1057 1334 1116 1386 tan·
1129 1346 1156 1388 rs

113 1421 171 1472 turn
186 1409 335 1470 accinctus
349 1408 479 1486 foderet,
493 1417 586 1468 morte
602 1409 728 1487 punitos.
756 1427 829 1487 quae
842 1411 927 1469 nimia
938 1420 968 1468 et
979 1411 1120 1470 incertum

53 1488 62 1508 '
114 1514 150 1557 an
164 1493 242 1578 ialsp
257 1493 334 1554 lacta
349 1492 492 1571 originem
505 1501 600 1552 tamen
616 1510 633 1553 e
649 1493 807 1552 severitate
825 1492 907 1552 ducis
925 1501 1054 1561 traxere;
1078 1493 1119 1552 in·

113 1587 279 1657 tentumque
295 1585 324 1637 et
341 1578 453 1656 magnis
466 1575 581 1638 delictis
601 1575 810 1636 inexorabilem
827 1577 921 1654 scias,
945 1577 991 1636 cui
1012 1584 1120 1636 tantum

113 1661 280 1745 asperitatis
296 1663 382 1722 etiam
395 1660 536 1722 adversus
550 1660 627 1721 levia
644 1659 827 1720 credebatur.

201 1744 251 1807 19.
272 1743 408 1806 Geterum
422 1746 446 1807 is
461 1753 558 1806 terror
573 1743 679 1805 milites
692 1743 851 1824 hostesque
865 1744 893 1804 in
909 1743 1053 1806 diversum
1068 1744 1118 1805 ad·

79 1876 83 1882 .
114 1831 201 1893 iecit:
224 1829 279 1890 uos
293 1830 427 1892 virtutem
443 1830 587 1907 auxhuus,
609 1827 725 1890 barbari
746 1829 887 1890 ferociam
900 1828 1060 1907 infregere.
1089 1837 1119 1888 et

10 1925 11 1930 ’
114 1916 193 1978 natio
210 1912 385 1993 Frisiorum,
405 1923 475 1994 post
487 1912 683 1975 'rebellionem
697 1911 780 1974 clade
795 1913 827 1974 t.
841 1911 966 1992 Apronii
983 1921 1119 1993 coeptam

114 2000 227 2061 infensa
240 2004 290 2058 aut
303 1996 380 2060 male
400 1997 472 2077 lida,
495 1997 568 2058 datis
583 1995 732 2058 obsidibus
749 1995 881 2058 consedit
897 1997 974 2076 apud
995 2014 1085 2075 agros
1101 2015 1119 2058 a

11 2127 12 2154 2
115 2081 284 2146 Gorhulone
299 2081 482 2162 descriptos:
503 2081 580 2143 idem
595 2091 741 2159 senatum,
757 2082 958 2160 magistratus,
974 2081 1060 2158 leges
1076 2081 1141 2144 inc

115 2167 222 2249 posuit.
254 2183 289 2227 ac
309 2184 347 2228 ne
365 2169 444 2229 iussa
458 2173 616 2244 exuerent,
638 2165 812 2246 praesidium
830 2165 1000 2242 immunivit,
1023 2165 1119 2226 missis

116 2254 163 2332 qui
182 2251 308 2312 maiores
325 2249 460 2314 Chaucos
481 2250 517 2312 ad
538 2247 712 2326 deditionem
733 2249 922 2329 pellicerent,
946 2249 1028 2308 simul
1045 2247 1118 2310 Gan·

115 2352 234 2404 nascum
250 2333 321 2395 dolo
332 2333 572 2414 adgrederentur.
601 2352 657 2394 nee
671 2335 774 2394 inritae
793 2341 842 2394 ant
860 2332 1027 2410 degeneres
1049 2333 1118 2392 insi·

116 2420 179 2482 diae
195 2419 278 2480 inere
289 2417 429 2480 adversus
441 2418 616 2496 transfugam
631 2427 661 2478 et
671 2417 844 2479 violatorem
856 2415 932 2477 fidei.
962 2415 1015 2478 sed
1027 2414 1119 2477 caede

116 2507 178 2566 eius
191 2512 288 2564 motae
301 2501 481 2565 Chaucorum
496 2511 624 2581 mentes,
640 2511 670 2563 et
682 2499 811 2562 Corbulo
827 2500 934 2560 semina
946 2499 1117 2561 rebellionis
1128 2521 1154 2565 m

116 2586 285 2669 praebebat,
301 2595 331 2648 ut
346 2587 421 2648 laeta
436 2585 510 2666 apud
527 2585 695 2666 plerosque,
709 2586 748 2646 ita
765 2583 840 2665 apud
850 2584 988 2664 quosdam
1005 2585 1120 2644 sinistra

116 2674 202 2734 fama.
230 2688 281 2732 our
293 2671 408 2732 hostem
420 2667 571 2734 conciret?
587 2670 710 2731 adversa
724 2671 752 2732 in
767 2687 829 2730 rem
843 2667 988 2748 publicam
1001 2685 1117 2729 casura:
1160 2720 1162 2724 ,

116 2757 161 2818 sin
180 2772 327 2838 prospere
343 2757 472 2834 egisset,
495 2754 712 2816 formidolosum
733 2754 800 2833 paci
823 2754 914 2813 virum
931 2753 1073 2831 insignem
1090 2762 1120 2813 et

116 2843 223 2920 ignaro
242 2839 366 2920 principi
385 2856 587 2919 praegravem.
624 2837 711 2916 igitur
728 2836 865 2898 Glaudius
879 2835 954 2897 adeo
970 2853 1075 2898 novam
1091 2837 1120 2896 in

116 2924 286 2986 Germanias
304 2923 362 2984 vim
382 2921 545 3003 prohibuit,
573 2930 604 2983 ut
626 2922 731 2983 reierri
752 2919 897 3001 praesidia
924 2921 966 2981 cis
985 2920 1114 2982 Rhenum
1129 2938 1155 2982 ιι

115 3008 238 3070 iuberet.

179 3091 231 3162 20.
251 3089 312 3154 lam
328 3099 423 3152 castra
442 3091 470 3152 in
486 3091 585 3153 hostili
607 3090 673 3153 solo
687 3089 819 3152 molienti
835 3088 993 3152 Corbuloni
1013 3105 1066 3150 eae
1085 3088 1120 3148 li-

117 3185 197 3256 terae
217 3175 385 3238 redduntur.
418 3175 468 3236 ille
489 3194 522 3237 re
546 3175 654 3254 subita,
678 3192 846 3255 quamquam
865 3174 954 3234 multa
976 3171 1059 3232 simul
1076 3172 1121 3230 oi·

117 3259 321 3339 funderentur,
341 3268 435 3321 metus
455 3276 492 3322 ex
501 3260 698 3340 imperatore,
720 3260 896 3337 contemptio
919 3275 957 3316 ex
977 3253 1122 3332 barbaris,

117 3343 270 3408 ludibrium
291 3343 369 3424 apud
389 3346 505 3424 socios,
533 3344 602 3406 nihil
623 3343 700 3405 aliud
721 3342 892 3422 prelocutus
915 3354 999 3416 quam
1017 3337 1123 3396 beatos

119 3426 262 3508 qnondam
281 3427 372 3490 duces
391 3427 551 3508 Romanos,
574 3429 686 3506 signum
705 3425 839 3506 receptui
859 3419 947 3483 dedit.
983 3427 1013 3478 ut
1028 3426 1148 3478 tamena
