2570 3878
155 133 216 198 ¹86
423 146 588 196 cornuum
611 145 731 194 rnorrr
750 144 935 208 aurearum

218 305 265 366 16.
290 303 400 382 Eodem
422 319 496 364 anno
519 301 733 364 Cheruscorum
754 320 828 381 gens
850 320 951 380 reqem
969 302 1061 364 Roma
1084 303 1157 382 peti-

151 389 208 466 vit,
231 390 342 450 amissis
362 406 416 468 per
430 390 542 448 interna
557 387 635 448 bella
650 386 794 448 nobilibus
811 395 840 447 et
856 403 912 446 uno
927 385 1041 466 reliquo
1058 389 1158 466 stirpis

153 473 264 552 regiae,
281 475 329 552 qui
343 472 419 552 apud
435 471 534 532 urbem
548 470 708 532 habebatur
723 472 837 531 nomine
852 469 979 532 Italicus.
1006 480 1158 550 paternum

152 557 220 618 huic
239 556 332 635 genus
347 575 363 618 e
379 555 470 617 Flavo
486 555 575 616 fratre
590 554 726 635 Arminii,
747 563 838 616 mater
854 573 892 616 ex
906 557 1061 616 Actumero
1078 557 1157 634 prin·

125 642 221 721 scipe
237 640 405 702 Chattorum
421 648 499 710 erat;
520 641 585 720 ipse
606 640 699 700 forma
715 639 841 700 decorus
860 647 890 699 et
910 641 996 700 armis
1015 641 1158 720 equisque

151 726 180 785 in
199 726 322 805 patrium
341 732 529 803 nostrumque
550 740 661 784 morem
683 723 840 784 exercitus.
873 724 961 801 igitur
977 722 1087 784 Caesar
1108 741 1158 784 au·

153 817 229 873 stum
251 811 390 888 pecunia,
420 808 521 869 additis
540 805 748 887 stipatoribus,
773 806 905 867 hortatur
931 809 1042 886 gentile
1068 806 1160 868 decus

151 910 257 971 magno
284 895 379 953 animo
404 910 580 972 capessere:
608 892 688 952 illum
714 892 835 970 primum
854 891 964 952 Romae
986 901 1078 954 ortum
1101 908 1160 951 nec

123 993 124 996 ’
152 976 301 1055 obsidem,
324 976 376 1037 sed
399 979 493 1036 civem
513 979 556 1038 ire
577 985 727 1037 externum
749 974 786 1035 ad
806 976 965 1055 imperium.
1006 995 1042 1037 ac
1063 977 1157 1056 primo

10 1071 40 1082 ⁸·
115 1061 246 1122 soluetur
267 1060 418 1122 Germanis
440 1059 595 1137 adventus,
623 1069 709 1140 atque
736 1077 773 1128 eo
797 1060 874 1138 quod
895 1059 980 1120 nullis
1001 1060 1158 1121 discordiis

153 1145 276 1206 imbutus
292 1144 355 1223 pari
374 1146 401 1204 in
423 1161 524 1205 omues
545 1143 640 1204 studio
663 1152 772 1242 ageret
788 1142 947 1222 celebrari,
971 1145 1043 1223 coli,
1067 1145 1158 1204 modo

50 1249 54 1258 ’
153 1229 318 1291 comitatem
333 1237 363 1288 et
377 1229 609 1306 temperantiam,
629 1223 723 1288 nulli
714 1227 805 1287 inrisa
813 1229 955 1326 ,saepius
971 1227 1159 1290 vinolentiam

152 1332 188 1374 ac
203 1312 354 1390 libidines,
377 1321 459 1390 grata
476 1311 623 1390 barbaris,
645 1329 797 1391 usurpans.
827 1313 940 1390 iamque
960 1311 1036 1392 apud
1056 1314 1158 1392 proni·

152 1413 232 1476 mos,
253 1398 309 1456 iam
323 1397 440 1475 longius
456 1395 638 1475 clarescere,
656 1414 719 1456 cum
735 1395 893 1474 potentiam
909 1397 970 1456 eius
986 1406 1157 1476 suspectan-

116 1501 143 1543 ιι
153 1490 198 1542 tes
214 1498 261 1560 qur
254 1480 451 1542 factionibus
466 1480 623 1541 floruerant
638 1479 789 1541 discedunt
803 1478 839 1539 ad
853 1483 1049 1541 conterminos
1064 1497 1158 1560 popu·

152 1565 200 1626 los
220 1583 255 1625 ac
276 1563 465 1625 testificantur
488 1564 574 1625 adimi
596 1573 727 1624 veterem
751 1563 921 1624 Germaniae
940 1563 1102 1625 libertatem
1128 1574 1160 1625 et
1228 1605 1231 1612 ⁴

153 1645 299 1708 Romanas
315 1664 388 1727 opes
409 1649 572 1726 insurgere.
601 1647 675 1709 adeo
696 1648 838 1709 neminem
859 1647 951 1708 isdem
966 1648 994 1708 in
1009 1651 1094 1708 terris
1109 1666 1158 1709 or·

152 1741 226 1809 tum,
247 1733 295 1811 qui
317 1733 477 1811 principem
496 1732 593 1792 locum
618 1731 752 1811 impleat,
778 1731 832 1790 nisi
854 1731 1053 1810 exploratoris
1074 1731 1158 1796 Flaui

153 1816 313 1897 progenies
335 1833 423 1895 super
445 1825 565 1876 cunctos
586 1813 752 1876 attollatur?
776 1815 882 1876 frustra
898 1813 1055 1876 Arminium
1070 1835 1157 1897 prae·
1275 1825 1276 1842 ¹

113 1919 144 1960 ao
154 1899 258 1961 scribi:
281 1899 361 1960 cuius
377 1901 401 1958 si
417 1899 491 1960 filius
513 1899 611 1959 hostili
627 1899 656 1958 iu
672 1900 738 1959 solo
751 1899 864 1960 adultus
879 1899 907 1958 in
921 1917 1043 1978 regnum
1058 1903 1156 1961 venis·

152 1993 214 2063 set,
230 2000 320 2063 posse
333 1983 501 2058 extimesci,
516 1983 652 2044 iniectum
666 1982 816 2061 alimonio,
832 1984 968 2061 servitio,
985 1984 1079 2062 cultu,
1095 2001 1157 2045 om-

151 2068 236 2129 nibus
256 2069 398 2128 externis:
422 2076 451 2128 at
473 2067 498 2128 si
521 2077 642 2146 paterna
659 2066 760 2128 italico
782 2084 862 2127 mens
878 2076 972 2146 esset,
996 2086 1055 2129 non
1070 2069 1156 2130 alium

151 2153 292 2214 infensius
314 2170 392 2213 arma
414 2161 514 2214 contra
527 2152 649 2231 patriam
666 2169 701 2212 ac
724 2151 797 2212 deos
814 2159 934 2230 penates
948 2169 1032 2231 quam
1050 2171 1156 2233 paren·

151 2246 210 2299 tem
225 2237 287 2296 eius
302 2237 480 2298 exercuisse.

216 2318 265 2382 17.
286 2319 337 2380 His
361 2329 447 2399 atque
467 2321 572 2383 talibus
590 2338 710 2399 magnas
726 2321 827 2400 copias
841 2335 1064 2397 coeqere;·nec
1084 2338 1155 2400 pau·

152 2407 250 2468 aiones
263 2403 393 2466 Italicum
414 2405 632 2484 sequebanturz'
646 2421 704 2464 nou
726 2405 800 2464 enim
820 2404 962 2484 inrupisse
984 2405 1020 2465 ad
1035 2407 1154 2484 inuitos,

151 2489 204 2550 sed
220 2490 344 2549 accitum
357 2488 554 2567 memorabat,
576 2488 691 2568 quando
715 2487 861 2548 nobilitate
878 2497 995 2550 ceteros
1013 2490 1153 2551 anteiret:

62 2616 64 2620 -
150 2574 285 2632 virtutem
301 2571 515 2649 experirentur,
530 2591 566 2633 an
579 2572 694 2650 dignum
710 2590 742 2632 se
759 2580 856 2652 patruo
869 2571 1012 2650 Arminio,
1028 2589 1083 2633 avo
1094 2575 1153 2634 Ac·

126 2664 264 2716 stumero
281 2654 448 2733 praeberet
481 2674 536 2718 nec
554 2667 665 2736 patrem
679 2655 794 2735 rubori,
818 2656 891 2735 quod
910 2656 994 2718 fidem
1012 2657 1153 2719 adversus

151 2741 298 2801 Romanos
311 2739 477 2820 qolentibus
494 2739 643 2802 Germanis
665 2750 806 2819 sumptam
828 2758 973 2820 numquam
995 2743 1152 2804 omisisset.
1171 2813 1173 2819 Ι

151 2823 226 2884 laiso
245 2822 387 2884 libertatis
402 2823 576 2885 vocabulum
591 2824 709 2886 obtendi
728 2824 764 2886 ab
779 2825 831 2902 iis,
849 2826 897 2904 qui
912 2825 1046 2904 privatim
1061 2827 1151 2905 dege·

151 2924 257 2986 neres,
272 2907 301 2967 in
317 2905 464 2987 publicum
480 2909 610 2985 exitiosi,
628 2908 697 2969 nihil
714 2909 839 2988 speinis
855 2927 910 2988 per
924 2909 1086 2970 discordias
1100 2909 1151 2970 ha

152 2990 260 3052 beant
279 2989 469 3071 adstrepebat
488 2991 555 3057 huic
571 2992 668 3054 alacre
684 2993 804 3070 vulgum
829 3002 852 3052 et
872 3011 978 3072 magno
995 2995 1070 3056 inter
1084 2993 1149 3054 bar·

114 3067 241 3136 sobaros
258 3075 372 3154 proelio
387 3077 483 3137 victor
498 3094 566 3155 rex,
585 3077 651 3138 dein
667 3077 793 3138 secunda
809 3077 916 3138 fortuna
935 3077 970 3138 ad
984 3079 1153 3158 superbiam

152 3157 309 3238 prolapsus
331 3159 507 3240 pulsusque,
530 3179 566 3221 ac
588 3178 688 3221 rursus
710 3159 958 3239 Langobardorum
979 3163 1085 3240 opibus
1104 3180 1155 3222 re
1183 3202 1188 3208 -

151 3241 264 3320 iectus,
283 3242 427 3322 perlaeta
443 3263 498 3326 per
513 3244 636 3307 adversa
652 3263 701 3305 res
717 3242 874 3306 Cheruscas
889 3246 1064 3310 adflictabat.

238 3325 287 3388 18.
308 3325 366 3388 Per
380 3329 456 3391 idem
470 3337 584 3408 tempus
601 3327 719 3406 Chauci,
733 3329 811 3390 nulia
826 3329 1001 3390 dissensione
1017 3331 1104 3408 domi,
1122 3339 1154 3391 et
1221 3379 1224 3384 .

151 3415 246 3470 morte
261 3395 409 3490 Sanquinii
432 3413 567 3494 alacres,
586 3413 651 3474 dum
667 3413 797 3475 corbulo
813 3413 956 3494 adventat,
980 3414 1156 3478 inferiorem
