2540 3874
5 3371 28 3662 l

390 183 496 232 uranu
509 185 554 231 ιν.
583 184 656 232 cnr.
673 149 799 240 28-32.
1031 178 1092 240 127

93 337 188 416 derat,
216 345 310 398 actum
337 336 373 398 de
399 339 534 416 praemiis
562 349 762 416 accusatorum
786 339 952 422 abolendis,
980 344 1092 424 siquis

91 422 244 483 maiestatis
266 421 427 500 postulatus
449 431 514 484 ante
542 424 704 504 perlectum
728 424 861 486 iudicium
886 445 919 487 se
945 429 1011 508 ipse
1033 431 1092 491 vita

91 507 274 586 privavisset.
307 505 458 586 ibaturque
483 509 512 568 in
537 526 600 569 eam
626 509 813 587 seutentiam,
844 510 874 569 ui
899 510 996 573 durius
1023 531 1090 574 con-

90 601 189 669 traque
214 607 324 650 morem
355 608 436 651 sunm
463 591 558 671 palam
582 610 636 672 pro
666 593 884 656 accusatoribus
911 594 1021 656 Caesar
1050 598 1126 662 in·1o

90 677 156 736 ritas
185 675 287 753 leges,
316 672 542 754 rempublicam
564 677 594 737 in
614 679 769 758 praecipiti
794 689 973 758 conquestus
995 690 1090 742 esset:

89 757 292 820 subverterent
312 760 410 838 potius
429 759 490 820 iura
513 777 598 840 quam
620 761 758 824 custodes
784 779 884 823 eorum
911 774 1089 826 amoverent.

5 839 6 844 ’
88 845 131 904 sic
151 841 313 921 delatores,
332 860 427 921 genus
451 842 595 906 hominurn
621 845 739 926 publico
766 847 855 908 exitio
886 857 1034 928 repertum
1062 858 1091 909 et

86 947 124 990 nc
134 928 250 1071 bpoenis
274 927 388 1006 quidem
405 945 536 1008 nmquam
549 931 621 992 satis
636 931 810 1009 coercitum,
826 948 880 1011 per
895 933 1023 1012 praemia
1038 933 1089 994 eli·

88 1014 133 1073 cie
156 1020 246 1072 antur.
847 1049 848 1052 =
1097 1039 1122 1083 15

128 1097 178 1158 31.
200 1094 252 1176 llis
276 1104 333 1156 tarn
353 1095 480 1156 adsiduis
504 1106 617 1178 tamque
638 1101 757 1161 maestis
777 1100 890 1162 modica
912 1101 1020 1164 laetitia
1047 1103 1087 1163 in·

85 1181 231 1257 tericitur,
248 1179 325 1258 quod
340 1178 374 1241 G.
391 1179 550 1244 Cominium
565 1185 689 1264 equitem
702 1185 878 1264 Romanam,
902 1185 1038 1265 probrosi
1060 1187 1089 1246 in

85 1284 118 1327 se
134 1264 267 1326 carminis
284 1265 461 1343 convictum,
485 1264 594 1328 Caesar
616 1267 753 1347 precibus
775 1269 887 1347 fratris,
909 1270 957 1350 qui
972 1278 1090 1332 senator

85 1358 158 1430 erat,
177 1349 333 1410 concessit.
365 1367 423 1428 quo
437 1351 531 1428 magis
545 1352 647 1412 mirum
666 1352 826 1414 hebebatur
847 1370 967 1431 gnarum
988 1354 1088 1416 melio·

84 1453 159 1511 rum,
187 1443 217 1494 et
238 1451 313 1514 quae
334 1433 410 1495 lama
436 1434 617 1496 clementiam
636 1444 823 1516 sequeretur,
848 1436 976 1500 tristiora
991 1438 1111 1499 malles

84 1536 179 1598 neque
203 1515 277 1579 enirn
300 1517 435 1578 socordia
459 1516 615 1598 peccabat;
636 1538 691 1580 nec
715 1519 860 1580 occultunt
883 1531 943 1599 est,
973 1521 1089 1602 quando
1207 1523 1209 1528 “

84 1623 122 1666 ex
148 1604 287 1681 veritate,
309 1601 424 1681 qnando
452 1602 617 1666 adumbrata
645 1603 753 1664 laetitia
782 1603 858 1664 iacta
884 1604 1089 1686 imperatorum

86 1685 279 1750 celebrentur.
314 1687 381 1766 quin
399 1687 475 1766 ipse,
492 1689 662 1766 conpositus
680 1687 752 1748 alias
768 1695 798 1747 et
812 1687 893 1748 velut
905 1690 1089 1750 eluctantium

83 1770 251 1849 verborum,
269 1770 391 1831 solutius
408 1773 627 1852 promptiusque
644 1771 852 1851 eloquebatur,
870 1775 1002 1854 quotiens
1020 1773 1087 1834 sub·

82 1858 206 1918 veniret.
241 1864 270 1916 at
284 1854 316 1916 Ρ.
331 1855 461 1916 Suillium
480 1865 664 1936 quaestorem
677 1855 820 1936 quondam
833 1855 1005 1937 Germanici,
1023 1876 1086 1918 cum
1100 1860 1122 1902 ¹⁰

80 1941 165 2003 ltalia
182 1948 330 2000 arceretur
355 1941 506 2002 convictus
528 1941 678 2021 pecuniam
700 1940 820 2002 obrem
842 1942 1020 2004 iudicandam
1040 1960 1088 2002 ce·

82 2027 182 2106 pisse,
209 2023 398 2085 amovendum
425 2025 454 2084 in
479 2025 600 2104 insulam
627 2026 754 2104 censuit,
791 2034 869 2092 tanta
902 2027 1088 2087 contentione

5 2143 6 2170 n
82 2109 180 2186 animi,
195 2117 225 2168 ut
238 2109 301 2169 iure
319 2107 439 2170 iurando
456 2108 654 2188 obstringeret
665 2127 681 2170 e
693 2128 726 2171 re
740 2109 857 2189 publica
868 2110 896 2171 id
907 2128 984 2171 esse.
1011 2109 1089 2190 quod

81 2211 189 2274 aspere
204 2201 356 2273 acceptum
370 2192 406 2254 ad
422 2211 563 2274 praesens
579 2211 648 2254 mox
663 2195 691 2252 in
711 2193 827 2254 laudern
842 2196 928 2255 vertit
948 2211 1088 2272 regresso

81 2277 200 2349 Suillio;
218 2296 302 2358 quem
320 2277 390 2338 vidit
405 2295 532 2357 sequens
548 2287 634 2339 aetas·
645 2284 883 2356 praepotentem,
905 2277 1038 2339 venalem
1060 2284 1088 2338 et
1098 2291 1122 2332 rs

81 2362 195 2427 Claudii
222 2362 362 2443 principis
404 2363 529 2424 amicitia
566 2362 612 2422 diu
643 2379 802 2442 prospere,
835 2380 986 2442 numquam
1011 2361 1088 2422 bene

80 2467 172 2510 usum.
205 2446 306 2508 eadem
321 2465 417 2528 poena
432 2448 460 2507 in
476 2445 577 2508 Gutum
598 2447 734 2508 Firmium
757 2455 922 2508 senatorem
944 2447 1087 2522 statuitur,

80 2544 227 2612 tamquam
253 2532 334 2594 lalsis
365 2533 523 2592 maiestatis
556 2530 723 2592 criminibus
759 2547 891 2592 sororem
924 2531 1087 2611 petivisset.

81 2618 186 2694 (latus,
210 2625 241 2699 at
256 2617 371 2695 rettuli,
390 2613 530 2676 libonem
544 2616 687 2677 inlexerat
703 2614 830 2694 insidiis,
854 2615 958 2676 deinde
982 2612 1087 2675 indicio

80 2700 259 2784 perculerat.
290 2702 352 2761 eius
368 2719 477 2781 operae
492 2718 602 2762 memor
626 2699 777 2777 Tiberius,
799 2700 851 2761 sed
874 2700 931 2761 alia
954 2707 1122 2780 praetento

79 2789 172 2865 dens,
195 2785 311 2846 exilium
333 2785 508 2866 deprecatus
529 2794 590 2847 est:
615 2785 784 2864 quominus
807 2793 908 2846 senatu
929 2783 1089 2863 pelleretur

5 2871 6 2906 ³
80 2891 143 2934 non
159 2868 280 2931 obstitit

143 2955 194 3016 32.
214 2953 358 3034 Pleraque
371 2972 485 3033 eorum,
502 2972 576 3034 quae
588 2955 685 3016 rettuli
697 2971 830 3034 quaeque
841 2952 983 3029 referam,
998 2949 1087 3030 parva

76 3041 206 3103 forsitan
222 3048 251 3100 et
267 3039 344 3100 levia
359 3047 518 3100 memoratu
532 3038 624 3099 videri
638 3056 695 3100 non
713 3039 830 3099 nescius
844 3055 922 3099 suar:
937 3035 990 3098 sed
1002 3052 1087 3096 nemo

76 3124 203 3186 annales
216 3132 334 3186 nostros
351 3141 414 3184 cnm
431 3123 574 3202 scriptura
590 3139 689 3183 eorum
706 3122 894 3198 contenderit,
910 3121 959 3202 qui
970 3128 1087 3181 veteres

77 3210 186 3290 populi
202 3207 325 3270 Romani
341 3225 390 3270 res
406 3223 602 3288 conposuere.
632 3207 760 3286 ingentia
776 3207 818 3269 illi
833 3206 922 3285 bella,
939 3220 1086 3283 expugna·

76 3295 181 3355 tiones
194 3293 317 3370 urbium,
332 3292 416 3354 fusos
431 3301 592 3372 captosque
604 3309 710 3370 reges,
735 3301 783 3353 aut
804 3291 829 3352 si
848 3289 965 3369 quando
989 3285 1024 3345 ad
1046 3286 1111 3342 ins

77 3387 166 3440 terna
181 3385 414 3458 praeuerterent,
432 3376 593 3438 discordias
608 3375 757 3437 consulum
770 3374 925 3436 adversum
946 3368 1087 3442 tribunos,

76 3461 217 3541 agrarias
232 3461 489 3541 frumentariasque
513 3460 614 3540 leges,
633 3458 729 3541 plebis
750 3468 779 3520 et
799 3453 973 3538 optimatium
996 3458 1087 3509 certa·
1163 3484 1166 3491 -
