2540 3874
179 159 220 222 36
436 163 927 216 counnnrrnncrntnmramum

243 324 293 385 72.
316 323 442 384 Decreta
467 341 502 383 eo
525 339 598 384 anno
621 319 801 400 triumphalia
822 319 945 396 insignia
968 316 1003 378 A.
1028 315 1185 397 Caecinae,

178 409 208 470 L.
226 407 367 487 Apronio,
384 405 419 467 G.
436 406 508 468 Silio
530 407 567 467 ob
589 425 637 466 res
657 424 720 466 cum
741 403 912 467 Germanico
936 411 1046 480 gestas.
1079 419 1186 465 nomen

179 493 269 574 patris
285 493 396 572 patriae
414 490 561 569 Tiberius,
578 490 717 570 apopulo
733 488 849 568 saepius
871 488 1028 567 ingestum,
1048 488 1184 568 repudia·

179 577 234 646 rit;
251 593 346 656 neque
364 576 393 635 in
408 584 472 647 acta
488 594 539 637 sna
554 577 642 636 iurari
659 589 829 654 quamquam
848 579 986 632 censente
999 580 1101 632 senatu
1117 585 1184 652 per·

159 661 265 738 emisit,
282 667 384 721 cuncta
398 659 561 720 mortalium
577 661 704 737 incerta,
725 665 891 738 qnamoque
906 654 972 734 plus
993 655 1114 736 adeptus
1140 657 1184 716 fo·
1252 669 1253 672 ’

178 753 239 822 ret,
256 751 345 804 tanto·
360 761 393 803 se
420 745 512 822 magis
538 745 565 804 in
591 742 705 804 lubrico
731 741 875 803 dictitans.
912 757 971 800 non
997 748 1090 802 tamen
1114 739 1184 800 ideo
1252 789 1253 798 .

179 826 307 889 faciebat
322 827 407 888 fidem
425 827 518 888 civilis
533 827 633 897 auimi;
651 844 714 888 nam
731 826 828 904 legam
842 823 1000 894 maiestatis
1013 823 1184 902 reduxerat,

180 913 225 972 cui
240 911 660 992 nomenapndveteresidem,
678 909 730 972 sed
744 910 801 972 alia
814 911 842 969 in
862 907 996 969 iudicium
1017 907 1185 986 veniebant,

180 996 204 1058 si
222 998 287 1075 quis
301 995 465 1076 proditione
483 997 642 1056 exercitum
655 1004 701 1056 aut
714 993 830 1074 plebem
844 992 1045 1071 seditionibus,
1059 991 1187 1072 denique
1252 1025 1253 1042 .

148 1079 253 1141 tomale
271 1089 354 1157 gesta
375 1098 407 1140 re
429 1079 546 1160 publica
566 1083 745 1142 maiestatem
764 1077 865 1159 pupuli
881 1075 1003 1138 Romani
1020 1078 1185 1138 minuisset:
1252 1083 1253 1150 ἦ

180 1164 257 1224 facta
273 1163 476 1242 arguebantur,
494 1164 570 1225 dicta
584 1165 690 1243 inpune
704 1170 794 1226 erant.
821 1163 929 1242 primus
946 1162 1095 1241 Augustus
1110 1178 1184 1239 cog·
1252 1151 1253 1170 ¹

179 1248 318 1308 nitionem
338 1248 374 1308 de
389 1248 510 1309 famosis
525 1247 633 1310 libellis
650 1249 752 1328 specie
767 1246 845 1325 legis
861 1247 923 1307 eins
942 1246 1084 1324 tractavit,
1106 1263 1185 1306 com·
1252 1255 1253 1332 p

179 1340 273 1393 motus
292 1329 385 1393 Cassii
399 1333 502 1394 Severi
518 1332 651 1411 libidine,
670 1350 726 1412 qua
746 1331 826 1392 viros
847 1330 1027 1410 feminasque
1047 1329 1186 1390 inlustres
1252 1367 1253 1406 ᾗ

180 1415 355 1496 procacibus
368 1417 484 1497 scriptis
502 1416 716 1487 diffamaverat;
740 1432 809 1477 mox
829 1413 979 1493 Tiberius,
1004 1414 1185 1477 consultante

147 1512 171 1554 ¹⁵
182 1499 322 1580 Pompeio
340 1501 439 1562 blacro
455 1510 610 1580 praetore,
633 1519 668 1562 an
692 1500 796 1562 indicia
811 1499 969 1561 maiestatis
984 1499 1185 1577 redderentur,
1252 1507 1253 1576 l

181 1583 360 1646 exercendas
381 1585 466 1663 leges
488 1603 555 1646 esse
575 1583 737 1664 respondit.
772 1583 848 1644 hunc
870 1601 986 1664 quoqne
1006 1599 1186 1664 asperavere

181 1669 306 1730 carmina
317 1669 436 1729 incertis
448 1669 614 1732 auctoribus
631 1669 747 1747 vulgata
761 1669 789 1727 in
801 1667 949 1729 saeuitiam
961 1667 1186 1748 superbiamque
1252 1665 1253 1706 ³

181 1751 243 1811 eins
259 1761 289 1810 et
306 1751 471 1813 discordem
488 1769 551 1814 cum
569 1762 660 1814 matre
676 1753 807 1814 animum.

244 1835 294 1898 73.
316 1834 398 1897 llaud
416 1835 527 1915 pigebit
541 1837 655 1898 referre
676 1839 704 1897 iu
720 1835 839 1914 Falanio
861 1845 889 1896 et
911 1834 1041 1914 llubrio,
1063 1835 1185 1896 modicis

181 1918 323 1998 equitibus
342 1920 497 2000 Romanis,
530 1929 740 2002 praetemptata
762 1920 891 1998 crimina,
911 1928 941 1981 ut
962 1919 1064 2000 quibus
1086 1921 1185 1998 initiis,

180 2011 284 2082 quanta
300 2003 410 2065 Tiberii
425 2014 486 2066 arte
502 2006 703 2083 gravissimum
720 2005 837 2065 exitium
859 2005 1033 2084 inrepserit,
1055 2003 1122 2065 dein
1140 2023 1184 2064 re·

179 2103 313 2166 pressum
327 2089 382 2166 sit,
399 2098 548 2169 postremo
565 2091 669 2150 arserit
689 2097 851 2169 cunctaque
872 2089 1060 2168 corripuerit,
1082 2083 1184 2150 ndsca·

156 2179 236 2231 ttnr.
259 2170 381 2233 Falanio
394 2171 542 2245 obiciebat
553 2181 717 2252 accusatur,
730 2173 806 2254 quod
822 2175 895 2234 inter
908 2171 1037 2234 cultores
1049 2171 1184 2251 Augusti,

180 2255 228 2334 qni
241 2273 295 2335 per
310 2273 411 2318 omnes
423 2257 525 2318 domos
538 2259 567 2318 in
578 2257 692 2318 modum
705 2257 898 2338 collegiorum
913 2255 1102 2336 habebantur,
1115 2256 1184 2320 Gas-

180 2341 252 2400 sium
269 2340 411 2419 quendam
425 2343 538 2402 mimum
554 2359 679 2423 corpore
694 2341 826 2402 infamem
842 2341 1031 2420 adscivisset,
1049 2341 1185 2422 quodque

179 2422 304 2484 venditis
326 2423 419 2487 bortis
439 2434 561 2487 statuam
582 2425 706 2506 Augusti
730 2426 814 2486 simul
835 2427 1039 2508 mancipasset.
1072 2424 1182 2486 Rubrio

180 2507 290 2567 crimini
308 2506 428 2572 dabatur
443 2509 579 2572 uiolatum
595 2511 722 2590 periurio
747 2528 850 2572 numen
870 2509 1006 2590 Augusti.
1038 2527 1113 2590 qnae
1134 2508 1185 2569 nbi

146 2607 169 2648 rc
180 2589 297 2653 Tiberio
313 2602 442 2672 notuere,
459 2595 577 2674 scripsit
594 2594 760 2656 oonsulibus
775 2613 833 2656 non
849 2594 916 2657 ideo
941 2595 1089 2658 decretum
1109 2593 1187 2674 patri

178 2691 231 2734 sno
242 2676 369 2756 caelum,
385 2687 416 2738 ut
429 2679 458 2738 in
474 2681 632 2759 perniciem
648 2680 752 2740 civium
766 2680 791 2740 is
802 2680 896 2741 bonor
910 2688 1084 2742 verteretur.
1115 2676 1185 2740 Oas-

179 2760 251 2818 sium
272 2758 440 2822 histrionem
461 2763 577 2825 solitum
599 2765 674 2824 inter
697 2763 771 2824 alios
798 2763 927 2826 eiusdem
948 2765 1018 2826 artis
1040 2765 1186 2824 interesse

178 2841 269 2921 ludis,
286 2862 360 2924 quos
375 2855 466 2908 mater
489 2867 540 2909 sua
561 2849 590 2908 in
610 2850 776 2909 memoriam
801 2847 924 2928 Augusti
946 2856 1107 2919 sacrasset;
1120 2865 1187 2918 ,neo

179 2935 280 2988 contra
295 2929 456 3009 religiones
471 2933 549 3011 lieri,
565 2931 643 3012 qnod
658 2932 773 3010 efligies
788 2933 861 3013 eins,
879 2943 909 2994 ut
921 2934 979 2995 alia
989 2934 1134 2994 numinum
1148 2931 1185 2993 si·

145 3019 168 3060 1⁵
178 3009 320 3090 mulaora,
344 3015 557 3077 venditionibus
582 3016 730 3077 hortorum
753 3026 782 3078 et
803 3017 934 3080 domnum
955 3016 1104 3080 accedant.
1142 3019 1188 3078 ins

178 3093 324 3157 iurandum
353 3099 472 3178 perinde
494 3100 700 3162 aestimandum
726 3119 810 3179 quam
838 3103 985 3164 silonem
1010 3101 1186 3163 fefellisset:

178 3177 296 3241 deorum
312 3183 430 3244 iniurias
444 3182 488 3244 dis
507 3203 604 3246 curae.

240 3265 291 3326 74.
311 3265 375 3328 Nec
398 3267 488 3329 multo
511 3278 579 3349 post
600 3267 733 3332 Granium
756 3270 925 3334 Marcellum
948 3280 1114 3352 praetorem
1137 3272 1185 3332 Ri-

178 3343 293 3444 {huniae
317 3361 454 3430 quaestor
473 3353 564 3434 ipsius
588 3353 700 3434 Caepio
723 3353 874 3437 Crispinus
900 3359 1059 3420 maiestatis
1082 3365 1184 3436 postu-

177 3426 255 3508 lavit,
277 3433 481 3498 subscribente
495 3439 626 3500 Romano
641 3438 788 3522 llispcne:
812 3443 859 3520 qni
874 3442 994 3504 formam
1010 3442 1088 3503 vitae
1107 3441 1184 3507 iniit.
