2540 3874
158 163 217 223 114
401 169 567 221 conanum
587 167 702 218 rscrur
724 169 908 218 cursurum

159 329 320 409 expediam.
350 327 466 405 genitus
479 326 618 387 Vulsiniis
638 333 721 404 patrc
742 325 811 386 Seio
827 322 971 386 Strabone
987 325 1085 405 equite
1099 323 1159 388 Ro·

157 430 257 492 mano,
281 422 310 474 et
324 413 417 492 prima
437 412 551 472 iuventa
571 409 670 472 Gaium
685 408 841 471 Caesarem
856 409 914 470 diri
928 408 1052 488 Augusti
1067 427 1162 490 nepo-

123 507 217 560 ¹ttem
234 505 377 572 sectatus,
397 513 455 556 nou
471 497 533 556 sine
548 512 663 556 rumore
677 493 784 573 Apicio
805 493 884 554 diviti
902 501 931 553 et
952 492 1079 575 prodigo
1101 503 1159 555 stu-

158 601 241 663 prum
260 597 336 641 vcno
364 579 496 657 dedisse,
523 596 591 640 mox
612 577 756 640 Tiberium
776 579 865 640 variis
889 578 998 640 artibus
1021 576 1161 657 devinxit,

158 666 231 729 adeo
246 675 276 726 ut
292 664 447 725 obscurum
461 663 615 726 aduersum
631 663 706 725 alios
723 662 778 723 sibi
793 663 840 722 uni
856 662 1160 724 incautnmintectum·

159 769 215 830 que
231 751 376 828 efiiceret,
399 765 457 809 non
471 757 528 809 tam
547 747 676 809 sollertia
693 748 820 827 (quippe
835 746 928 807 isdem
944 747 1052 808 artibus
1065 748 1161 808 rictus

159 838 219 914 est)
243 851 327 913 qnam
343 833 426 893 deum
447 834 489 894 ira
508 833 537 892 in
558 850 619 893 rem
632 832 807 908 Romanam,
830 833 911 892 onius
935 833 997 911 pari
1013 831 1104 893 exitio
1119 833 1160 892 vi-

124 930 149 972 to
160 922 221 999 guit
237 916 408 997 ceciditque.
441 935 548 997 corpus
565 916 607 976 illi
620 915 750 977 laborum
765 915 910 993 tolerans,
926 917 1035 977 animus
1050 915 1161 998 andax;

158 1006 202 1065 sui
223 1002 381 1080 obtegens,
403 1003 430 1060 in
451 1000 525 1062 alios
547 1001 724 1069 criminator:
753 1000 832 1060 iuxta
858 999 984 1061 adulatio
1006 1008 1036 1061 et
1058 1013 1155 1079 super

157 1088 218 1157 bia;
236 1086 331 1164 palam
347 1086 526 1164 compositus
542 1083 649 1165 pudor,
670 1085 746 1144 intus
762 1101 870 1145 summa
891 1083 1040 1165 apiscendi
1058 1083 1159 1161 libido,

158 1173 279 1250 eiusque
301 1186 389 1230 causa
407 1167 494 1229 modo
516 1168 633 1246 largitio
657 1176 686 1228 ct
706 1167 806 1246 luxus,
829 1170 946 1249 saepius
966 1168 1104 1229 industria
1125 1185 1160 1228 ac

157 1255 320 1334 vigilantia,
341 1252 416 1314 baud
430 1253 523 1312 minus
542 1253 663 1330 noxiae,
687 1253 820 1332 quotiens
844 1251 972 1333 parando
994 1269 1088 1331 regno
1109 1253 1161 1314 iin-

123 1359 149 1401 eo
180 1347 272 1400 untur.

105 1423 109 1432 '
159 1359 180 1420 ⁸
221 1422 250 1482 2.
273 1422 339 1484 Vim
362 1419 563 1502 praelectume
581 1420 723 1483 modicam
746 1430 829 1484 antea
855 1421 989 1500 intendit,
1011 1421 1163 1500 dispersas

159 1526 212 1589 per
226 1505 327 1568 urbem
343 1505 480 1568 cobortes
495 1523 551 1566 nna
565 1507 594 1566 in
612 1513 707 1566 castra
723 1505 928 1585 conducendo,
952 1514 982 1567 ut
1005 1505 1088 1566 simul
1109 1506 1161 1566 im-

158 1592 241 1674 peris
256 1592 439 1671 acciperent,
463 1607 641 1670 numeroque
656 1598 686 1650 ct
700 1588 810 1654 robore
826 1599 855 1650 et
869 1592 934 1651 risu
948 1590 1023 1651 inter
1039 1607 1072 1650 se
1090 1589 1161 1650 lidu-

64 1694 68 1706 ·
159 1677 204 1738 cia
218 1677 307 1756 ipsis,
327 1677 356 1735 in
380 1683 497 1735 ceteros
511 1683 604 1735 metus
621 1683 763 1735 oreretur.
797 1673 1006 1754 praetendebat
1022 1673 1163 1735 lascivire

133 1760 275 1820 amilitem
300 1756 458 1827 diductum
480 1759 504 1818 si
528 1757 596 1838 quid
622 1757 745 1819 subitum
765 1760 896 1837 ingruat,
921 1758 1031 1821 maiore
1052 1757 1162 1821 auxilio

160 1847 267 1924 pariter
296 1842 457 1911 subreniri:
484 1851 515 1903 et
535 1843 667 1904 severius
688 1851 821 1920 acturos,
848 1843 874 1903 si
892 1843 998 1906 vallum
1021 1851 1164 1905 statuatur
1263 1887 1264 1900 ,

159 1926 262 2009 procul
273 1923 351 1986 urbis
363 1924 529 1986 inlecebris.
554 1935 584 1986 ut
596 1925 729 2006 periecta
741 1936 806 1987 sunt
818 1935 923 2005 castra,
940 1928 1077 2010 inrepere
1090 1945 1161 2008 pau·

157 2009 237 2072 latim
250 2009 389 2076 militares
403 2010 513 2071 animos
529 2009 675 2089 adeundo,
698 2010 889 2092 appellando;
912 2011 994 2073 simul
1016 2013 1161 2074 centurio·

158 2113 211 2155 nes
232 2112 268 2156 ac
289 2092 419 2155 tribunos
440 2095 506 2176 ipse
521 2094 665 2173 deligere.
696 2112 791 2176 neque
810 2097 957 2157 senatorio
972 2095 1077 2158 ambitu
1096 2096 1162 2156 abs·
1262 2149 1263 2183 ,

123 2185 151 2228 ¹⁰
158 2178 267 2242 tinebat
282 2178 405 2240 clientes
420 2197 489 2240 suos
505 2179 664 2242 honoribus
679 2187 727 2240 aut
748 2181 907 2260 provinciis
922 2180 1059 2259 ornandi,
1079 2180 1162 2242 facili

158 2261 277 2325 'liberio
302 2272 388 2343 atque
409 2265 447 2325 ita
471 2282 580 2343 prono,
604 2272 635 2324 ut
654 2265 766 2325 socium
786 2262 918 2326 laborum
941 2282 1000 2326 non
1020 2265 1108 2326 modo
1131 2266 1162 2325 in

158 2347 355 2424 sermonibus,
381 2346 432 2408 sed
448 2349 523 2428 apud
538 2356 636 2429 patres
653 2357 682 2409 et
699 2349 837 2429 populum
859 2347 1024 2411 celebraret
1045 2349 1162 2430 colique

159 2448 213 2511 per
227 2431 339 2493 theatra
355 2440 384 2492 et
397 2430 463 2493 iora
481 2433 597 2511 efligies
613 2434 676 2494 eins
698 2433 831 2514 interque
846 2435 990 2514 principia
1012 2434 1161 2512 legionum

159 2517 276 2576 sineret.
1144 2544 1147 2548 ·
1260 2527 1261 2548 ³

220 2599 249 2662 3.
274 2596 408 2662 Ceterum
431 2599 518 2680 plena
537 2554 696 2662 baccarum
717 2600 837 2681 domus,
858 2601 972 2663 iuvenis
994 2602 1085 2680 iilius,
1108 2620 1160 2662 ne·

158 2693 244 2763 potes
264 2682 351 2744 adulti
371 2701 481 2745 moram
503 2684 608 2765 cupitis
627 2683 811 2758 adferebant3
835 2694 865 2747 et
883 2687 948 2766 quia
968 2688 997 2746 ri
1011 2695 1055 2746 tot
1076 2686 1161 2748 simul

158 2768 310 2848 corripere
323 2767 458 2846 intutum,
480 2767 565 2829 dolus
585 2767 738 2832 intervalla
754 2771 898 2832 scelernm
921 2771 1071 2851 poscebat.
1097 2770 1160 2851 pla·
1259 2773 1260 2782 ’

158 2855 216 2914 cuit
230 2862 325 2914 tamen
340 2852 485 2914 occultior
500 2856 546 2914 via
562 2861 592 2913 et
606 2871 623 2913 a
636 2852 732 2914 Druso
747 2855 891 2936 incipere,
908 2856 936 2914 iu
948 2873 1033 2940 quem
1045 2857 1159 2914 recenti

115 2938 199 2997 'lira
220 2937 377 2999 ferebatur.
407 2955 471 3000 nam
491 2936 601 2998 Drusus
622 2938 766 3017 inpatiens
788 2939 892 3001 aemuli
914 2947 946 3000 et
967 2940 1058 3000 animo
1079 2953 1156 2996 com-

156 3022 262 3082 motior
283 3029 348 3083 orto
369 3022 447 3083 iorte
468 3021 562 3098 iurgio
583 3021 745 3084 intenderat
765 3024 872 3086 Seiano
893 3039 992 3085 manue
1007 3031 1037 3083 et
1055 3029 1159 3082 contra

157 3105 302 3167 tendentis
317 3122 351 3166 os
367 3105 584 3167 verberaverat
615 3108 703 3184 igitur
721 3117 822 3169 cuncta
838 3108 988 3188 temptanti
1002 3105 1160 3189 promptis·
1258 3141 1259 3144 =

157 3191 256 3250 simum
271 3190 364 3251 risum
381 3189 417 3251 ad
431 3207 553 3264 uxorem
569 3192 631 3252 eius
644 3190 753 3252 Liviam
769 3201 959 3271 convertere,
981 3210 1057 3272 quae
1072 3207 1162 3252 soror

157 3271 333 3353 Germanici,
356 3273 466 3338 formae
490 3274 571 3337 initio
592 3278 695 3338 aetatis
717 3275 889 3355 indecorae,
911 3292 981 3338 mox
1001 3275 1162 3358 pulchritu-

123 3371 146 3414 ao
156 3355 222 3418 dine
238 3358 447 3438 praecellebat.
472 3358 547 3420 banc
562 3368 593 3422 nt
603 3377 702 3423 amore
717 3361 852 3423 incensus
867 3359 1009 3422 adulterio
1023 3359 1163 3442 pellexit,

157 3449 187 3502 ct
205 3450 358 3523 postquam
375 3444 459 3526 primi
480 3441 581 3522 flagitii
602 3446 709 3526 potitus
732 3454 777 3507 est
798 3447 908 3528 (neque
930 3445 1038 3508 temtm
1052 3443 1162 3508 amissa

368 3625 390 3662 0
