2546 3872
246 250 304 278 ‚.
398 213 502 259 nrsnn
518 213 539 260 1.
565 211 639 260 cnr.
656 211 774 265 45-49.
909 184 914 194 ⁴
1044 201 1087 264 ²3

78 366 276 432 adnitentibus
298 367 408 426 cunctis
430 366 550 426 abolere
576 368 707 426 convicia
727 361 762 426 ac
779 366 904 445 probra,
927 386 1001 446 quae
1017 375 1118 446 pro-s'

80 455 175 514 misce
191 453 267 510 iacta
284 449 416 509 haesisse
430 451 525 509 animo
538 451 600 510 eins
614 465 698 510 nemo
711 451 816 509 sensit:
832 450 978 510 omisisset
995 452 1087 512 offen·

82 555 131 597 sas
155 553 191 595 an
219 533 393 610 distulisset,
420 531 562 594 brevitate
589 534 702 613 imperii
724 533 753 591 in
778 533 889 593 incerto
912 535 973 593 luit.
1010 534 1087 594 Otho

83 627 205 680 cruento
223 616 316 676 adhuc
331 615 398 678 loro
413 634 468 694 per
490 625 618 694 stragem
640 617 792 676 iacentium
811 617 839 676 in
854 616 1029 695 Capitolium
1044 627 1086 676 at-

82 701 225 782 quoinde
242 703 270 760 in
284 699 422 759 Palatium
437 708 540 759 vectus
557 700 679 760 concedi
698 715 823 778 corpora
840 701 1006 780 sepulturae
1020 718 1083 760 cre-

81 788 213 862 marique
233 783 373 862 permisit.
403 782 535 842 Pisonem
555 784 681 844 Verania
701 800 775 843 uxor
795 801 830 844 ac
853 784 944 844 irater
964 783 1081 844 Scribo·
1093 803 1120 844 rc

78 872 199 944 nianus,
221 866 313 926 litum
336 867 451 926 Vinium
472 865 604 945 Crispina
627 866 684 925 iilia
709 882 918 946 composuere,
944 869 1084 946 quaesitis

80 952 299 1029 redemptisque
320 948 481 1028 capitibus,
512 967 585 1028 quae
608 949 722 1009 venalia
751 951 956 1011 interfectores
984 968 1084 1010 serva-

85 1043 195 1094 verant.

147 1115 196 1176 48.
216 1116 282 1175 Piso
304 1135 388 1176 unum
414 1125 444 1176 et
467 1117 660 1176 tricensimum
684 1117 787 1177 aetatis
809 1130 910 1177 annum
934 1115 1083 1195 explebat,

83 1202 158 1261 lama
175 1199 296 1258 meliore
320 1218 403 1277 quam
420 1200 544 1260 fortuma.
573 1200 680 1260 iratres
699 1201 761 1260 eius
777 1200 911 1277 hlagnum
934 1197 1083 1276 Claudius,

81 1282 315 1344 Grassum'Nerc
331 1283 551 1343 interfecerant:
574 1286 639 1362 ipse
655 1283 701 1343 diu
726 1284 810 1360 exul,
832 1282 991 1362 quadriduo
1008 1282 1082 1344 Cae·

81 1386 147 1444 sar,
166 1375 320 1444 properata
336 1367 491 1445 adoptione
507 1367 542 1426 ad
557 1367 615 1426 hoc
630 1374 738 1443 tantum
750 1369 852 1427 maiori
870 1367 951 1426 fratri
966 1367 1081 1444 praela·

80 1462 128 1511 tus
145 1459 200 1526 est,
216 1458 246 1508 ut
261 1451 341 1528 prior
359 1450 550 1509 occideretur.
582 1449 661 1510 'litus
682 1450 784 1510 Vinius
806 1451 1011 1528 quinquaginta
1034 1468 1106 1508 ses

82 1545 159 1613 ptem
176 1536 266 1594 annos
283 1535 370 1594 variis
385 1533 511 1593 moribus
536 1533 605 1611 egit.
641 1541 722 1612 pater
743 1533 785 1592 illi
801 1535 946 1611 praetoria
965 1533 1082 1609 familia,

82 1627 226 1676 maternus
245 1635 315 1676 avus
337 1635 354 1676 e
375 1617 556 1695 proscriptis.
588 1618 678 1696 prima
693 1616 791 1676 militia
805 1616 934 1676 infamis:
955 1616 1081 1693 legatum

84 1699 238 1761 Calvisium
256 1699 394 1760 -Sablnum
415 1699 567 1776 habuerat,
597 1703 676 1759 cuius
696 1717 771 1759 uxor
789 1699 865 1760 mala
886 1699 1019 1778 cupidine
1041 1701 1082 1757 vi-

82 1783 165 1843 sendi
183 1785 266 1843 situm
282 1793 457 1860 castrorum,
481 1801 534 1862 per
555 1792 670 1843 noctem
689 1783 802 1842 militari
825 1782 921 1842 habitu
938 1785 1081 1860 ingressa,

80 1885 147 1927 cum
157 1867 277 1944 'vigilias
293 1875 322 1927 et
337 1877 436 1928 cetera
453 1867 571 1926 militiae
585 1869 678 1926 munia
694 1865 793 1926 eadem
810 1866 930 1926 lascivia
944 1875 1081 1945 temptas·
1093 1886 1119 1927 ro

80 1961 145 2028 set,
166 1951 194 2009 in
213 1952 284 2030 ipsis
300 1951 448 2030 principiis
463 1958 591 2028 stuprum
609 1967 677 2009 ausa
696 1958 754 2010 est:
779 1950 902 2008 criminis
915 1951 998 2010 huius
1012 1969 1082 2009 reus

76 2035 162 2095 Titus
178 2035 280 2095 Vinius
302 2035 486 2111 arguebatur.
518 2033 605 2110 igitur
626 2035 705 2092 iussu
721 2031 771 2093 Gai
787 2030 923 2093 Caesaris
945 2043 1082 2093 oneratus

81 2119 210 2192 catenis,
230 2135 298 2177 mox
318 2120 474 2178 mutatione
491 2125 651 2194 temporum
667 2116 814 2192 dimissus,
838 2134 923 2176 cursu
940 2116 1083 2176 honorum

79 2201 225 2261 inollenso
246 2200 354 2278 legioni
377 2208 445 2280 post
473 2208 635 2278 praeturam
661 2201 846 2278 praepositus
873 2199 1081 2278 probatusque,

79 2284 181 2346 servili
202 2283 339 2364 deinceps
361 2285 470 2363 probro
487 2299 640 2360 respersus
656 2293 701 2343 est
716 2292 858 2360 tamquam
876 2282 1016 2361 scyphum
1032 2301 1080 2342 au·
1092 2304 1119 2346 ra

79 2385 161 2428 reum
176 2369 205 2426 in
222 2369 355 2427 convivio
372 2366 483 2428 Glaudii
498 2366 622 2432 iuratus:
639 2375 668 2426 et
683 2364 819 2426 Glandius
831 2377 950 2444 postera
964 2367 1010 2426 die
1025 2367 1084 2426 soli

80 2453 206 2512 omnium
220 2452 307 2512 Vinio
326 2451 459 2511 lictilibus
478 2449 630 2509 ministrari
645 2450 737 2510 iussit.
765 2449 818 2508 sed
827 2449 930 2508 Vinius
943 2464 997 2525 pro
1014 2466 1083 2510 con-

80 2535 148 2595 sule
178 2534 297 2594 Galliam
326 2533 550 2593 Narbonensem
579 2551 683 2593 severe
709 2534 879 2612 integreque
900 2535 991 2600 rexit:
1013 2549 1084 2593 mox

80 2617 192 2678 Galbae
209 2618 331 2677 amicitia
348 2618 376 2676 in
396 2617 546 2696 abruptum
564 2623 687 2694 tractus,
706 2615 814 2692 audax,
831 2616 968 2694 callidus,
985 2635 1081 2696 prom-

78 2711 147 2781 ptus
179 2709 223 2775 et,
247 2709 334 2780 prout
357 2702 477 2760 animum
499 2699 682 2775 intendisset,
705 2717 811 2780 pravus
839 2710 886 2760 aut
915 2700 1120 2776 industriosae

80 2783 184 2844 eadem
198 2785 236 2842 ri.
269 2793 468 2844 testamentum
483 2785 538 2845 l'iti
557 2784 625 2845 Vini
638 2782 831 2862 magnitudine
850 2800 937 2862 opum
954 2784 1082 2853 inritum:

79 2868 196 2928 Pisonis
212 2884 376 2946 supremam
391 2869 567 2928 voluntatem
586 2876 742 2947 paupertas
760 2868 892 2928 irmavit.

143 2949 195 3013 49.
220 2951 328 3012 Galbae
350 2969 456 3029 corpus
478 2951 525 3010 diu
543 2948 708 3026 neglectum
725 2955 755 3006 et
766 2948 884 3008 licentia
897 2948 1086 3008 tenebrarum

77 3036 211 3115 plurimis
239 3035 372 3095 ludibriis
400 3043 533 3094 vexatum
560 3033 746 3110 dispensator
764 3032 873 3110 Argius
901 3051 918 3092 c
947 3034 1084 3112 primori·

82 3125 137 3182 bus
160 3119 251 3179 servis
273 3117 369 3178 humili
393 3117 540 3196 sepultura
562 3117 591 3174 in
613 3115 732 3192 privatis
753 3115 815 3172 eius
836 3115 926 3174 hortis
943 3116 1082 3176 contexit.

82 3212 171 3283 caput
193 3222 246 3283 per
266 3203 340 3262 lixas
366 3201 543 3277 calonesque
564 3199 698 3258 sulllxum
716 3197 931 3275 laceratumque
948 3209 1014 3257 ante
1029 3197 1078 3257 Pa·

80 3287 169 3347 trohii
189 3286 324 3346 tumulum
348 3283 484 3362 (libertus
504 3285 529 3342 is
543 3281 668 3341 Neronis
689 3282 804 3359 punitos
824 3301 840 3341 a
861 3279 951 3340 Galba
972 3281 1107 3358 iuerat)r

82 3380 202 3450 postera
218 3370 330 3429 demum
348 3368 394 3427 die
409 3375 556 3445 repertum
572 3373 601 3425 et
616 3372 741 3424 cremato
764 3363 819 3421 iarn
842 3364 960 3440 corpori
975 3363 1084 3422 admix-

83 3464 142 3514 tum
155 3463 209 3514 est.
238 3453 314 3513 hunc
330 3453 436 3512 exitum
450 3450 547 3510 habuit
563 3449 682 3508 Servius
697 3444 803 3519 Galba,
818 3444 908 3502 tribus
923 3453 953 3504 et
968 3454 1086 3522 septua-
