2540 3874
161 59 186 105 fl

189 152 230 217 48
446 149 939 224 coeunnrrnacrrraunamura

190 329 348 384 currerent.
379 329 479 382 noster
494 323 641 382 exercitus
654 321 697 382 sio
711 322 845 396 incessit:
861 320 1017 383 auxiliares
1032 320 1106 384 Galli
1121 319 1190 384 (ler-
1250 339 1251 360 ι

189 407 322 486 marique
344 405 373 466 in
397 406 510 483 fronte,
532 415 601 486 post
622 423 696 486 quos
718 407 831 486 pedites
848 405 1003 484 sagittarii3
1032 405 1097 468 dein
1112 417 1191 486 quat-

155 509 180 551 ιι
190 502 256 552 tuor
270 491 404 569 legiones
422 499 529 551 etcum
544 489 654 551 duabus
670 490 824 570 praetoriis
841 489 1012 550 cohortibus
1027 508 1062 552 ac
1076 489 1193 552 delecto

190 576 286 656 equite
302 573 425 644 (laesam
449 576 526 635 enim
541 574 660 636 totidem
676 573 750 636 aliae
767 575 902 652 legiones
917 583 947 635 et
962 573 1036 636 levis
1052 583 1195 636 armatura

190 679 254 721 cum
269 661 366 739 equite
381 658 531 736 sagittario
547 667 723 738 ceteraeque
734 659 880 720 sociorum
892 658 1039 720 cobortes.
1068 660 1195 720 intentus
1250 653 1251 738 l

189 753 365 831 paratusque
378 742 478 821 miles,
495 753 524 803 ut
539 743 613 805 ordo
629 743 749 822 agminis
764 745 793 804 in
810 744 902 804 aciem
916 743 1080 804 adsisteret.
1250 739 1251 822 l

254 831 302 890 17.
317 829 397 889 Visis
414 825 627 890 Cheruscorum
648 829 790 906 cateruis,
812 844 886 907 quae
903 845 957 908 per
971 828 1112 889 ferociam
1128 845 1196 907 pro·

188 921 343 994 ruperant,
367 911 561 975 validissimos
583 913 710 992 equitum
732 914 882 974 incurrere
907 913 998 990 latus,
1030 911 1198 972 Stertinium

191 1015 254 1059 oum
271 997 378 1058 ceteris
392 997 491 1057 turmis
507 996 700 1075 circumgredi
715 1004 858 1076 tergaque
872 995 1011 1067 inuadere
1022 995 1114 1073 iubet,
1130 995 1198 1075 ipse

189 1084 217 1142 in
237 1089 368 1162 tempore
385 1079 543 1142 adiuturus.
578 1083 689 1142 interca
705 1081 926 1160 pulcherrimum
946 1080 1110 1158 augurium,
1127 1089 1199 1140 octo

166 1164 306 1246 saquilae
323 1173 425 1246 petere
444 1165 532 1226 siluas
547 1174 577 1226 et
590 1166 698 1226 intrare
713 1167 794 1226 visae
810 1166 1014 1244 imperatorem
1029 1164 1199 1224 aduertere.

190 1249 333 1311 exclamat
345 1250 432 1326 irent,
449 1258 641 1330 sequerentur
651 1249 797 1310 Romanas
810 1267 898 1327 aues,
916 1249 1035 1330 propria
1048 1248 1201 1326 legionum

189 1335 312 1395 numina.
350 1333 433 1393 simul
459 1333 603 1413 pedestris
626 1333 705 1394 acies
723 1331 843 1394 infertur
866 1341 896 1394 et
912 1332 1088 1413 praemissus
1104 1350 1201 1412 eques

190 1425 356 1500 postremos
379 1435 416 1478 ac·
434 1416 524 1479 latera
548 1417 669 1497 impulit.
704 1419 863 1498 mirumque
884 1417 977 1496 dictu,
1000 1416 1062 1495 duo
1071 1416 1202 1478 hostium
1250 1435 1251 1510 p

190 1502 304 1581 agmina
325 1501 441 1563 diuersa
464 1502 549 1580 iuga,
572 1503 620 1582 qui
640 1501 743 1564 siluam
763 1510 931 1578 tenuerant,
955 1505 1121 1582 inaperta,
1151 1502 1203 1581 qui
1250 1517 1251 1590 p

157 1601 182 1643 ro
194 1585 303 1664 campis
324 1585 504 1665 adstiterunt,
526 1589 554 1646 in
571 1586 673 1647 silvam
690 1585 822 1647 ruebant.
856 1585 942 1646 bredii
960 1587 1035 1646 inter
1048 1586 1103 1646 bos
1122 1583 1201 1646 Che-

191 1672 268 1732 rusci
291 1669 414 1731 collibus
434 1669 676 1748 detrudebantur,
704 1672 779 1730 inter
805 1689 880 1749 quos
907 1671 1028 1748 insignis
1051 1670 1203 1730 Arminius

191 1773 275 1816 manu
296 1771 371 1814 voce
395 1754 514 1815 uulnere
531 1754 711 1815 sustentabat
732 1772 867 1834 pugnam.
904 1754 1130 1834 incubueratque
1147 1772 1199 1812 sa-

191 1839 329 1918 gittariis,
345 1837 394 1898 illa
409 1837 559 1917 rupturus,
574 1840 602 1899 ni
618 1839 776 1900 Raetorum
791 1837 1069 1919 Vindelicorumque
1084 1847 1117 1899 et
1131 1836 1201 1900 (lal-

191 1923 267 1984 licae
282 1921 419 1982 cohortes
435 1924 518 2000 signa
536 1922 724 1984 obiecissent.
760 1924 823 1983 nisu
844 1933 939 1984 tamen
955 1923 1087 2003 corporis
1104 1924 1205 1982 etim·

157 2021 183 2065 aa
193 2015 261 2087 peta
276 2008 343 2086 equi
360 2008 502 2086 pervasit,
520 2007 626 2068 oblitus
641 2008 747 2069 faciem
762 2024 815 2068 suo
828 2023 948 2086 cruore,
964 2026 1002 2067 ne
1013 2010 1205 2067 nosceretur.

193 2089 306 2170 qnidam
327 2090 472 2168 adgnitum
494 2091 651 2154 acbaucis
671 2093 745 2152 inter
765 2092 872 2154 auxilia
892 2093 1021 2154 Romana
1044 2091 1209 2168 agentibus

192 2176 385 2255 emissumque
402 2175 587 2236 tradiderunt.
626 2178 716 2237 virtus
732 2193 785 2236 seu
798 2177 878 2238 bans
895 2177 996 2238 eadem
1010 2175 1208 2253 Inguiomero

192 2261 329 2338 effugium
344 2258 438 2322 dedit:
456 2262 546 2321 ceteri
560 2261 668 2338 passim
684 2260 824 2321 trucidati.
857 2271 886 2322 et
905 2262 1065 2342 plerosque
1080 2267 1212 2320 tranare

192 2345 340 2423 Visurgim
368 2353 507 2404 conantes
533 2345 639 2406 iniecta
666 2344 725 2406 tela
745 2353 794 2406 aut
813 2345 859 2406 uis
881 2345 1018 2424 dominis,
1046 2352 1212 2424 postremo

155 2437 183 2478 2⁰
193 2429 285 2488 moles
297 2428 438 2488 ruentium
446 2427 646 2496 'etincidentes
654 2431 736 2509 ripae
749 2446 903 2510 operuere.
917 2429 1031 2511 quidam
1042 2430 1118 2506 turpi
1126 2428 1216 2506 fuga

192 2514 220 2572 in
228 2510 478 2574 summaarborum
489 2513 543 2573 nisi
555 2515 700 2594 ramisque
713 2532 745 2574 se
758 2513 938 2576 occultantes
948 2513 1069 2574 admotis
1076 2513 1216 2590 sagitta·

190 2598 242 2656 riis
257 2615 312 2676 per
321 2595 474 2658 ludibrium
486 2596 660 2676 figebantur,
673 2598 747 2659 alios
760 2608 899 2677 prorutae
905 2597 1034 2660 a‘rbores
1046 2595 1217 2659 addixere.

259 2678 307 2742 18.
328 2681 434 2758 llagna
455 2699 490 2744 ea
511 2683 634 2743 victoria
654 2699 750 2762 neque
766 2692 885 2744 cruenta
899 2682 984 2744 nobis
1000 2682 1062 2742 init.
1098 2683 1220 2760 quinta

155 2778 157 2783 ·
192 2766 228 2826 ab
254 2765 325 2826 bora
346 2765 403 2826 diei
425 2766 459 2828 ad
487 2775 604 2828 noctem
627 2770 706 2829 oaesi
728 2767 828 2829 hostes
850 2767 953 2829 decem
968 2765 1045 2828 milia
1061 2783 1220 2846 passuum

194 2849 384 2911 cadaveribus
400 2860 485 2931 atque
504 2853 590 2912 armis
606 2851 782 2932 opplevere,
798 2853 925 2933 repertis
943 2853 1016 2912 inter
1034 2849 1136 2929 spolia
1159 2873 1221 2915 eo-

193 2953 255 2996 ram
275 2935 401 3014 catenis,
425 2953 495 3014 ques
513 2937 542 2996 in
556 2937 704 2998 Romanos
718 2944 748 2996 ut
762 2955 820 2997 non
836 2935 922 2998 dubio
938 2943 1044 2998 eventu
1061 2944 1219 3015 portave-

104 3071 108 3078 .
167 3027 265 3080 arant.
300 3019 384 3080 miles
406 3019 434 3078 in
454 3019 522 3080 loco
545 3020 649 3101 proelii
671 3018 817 3082 Tiberium
836 3022 1042 3102 imperatorem
1063 3019 1226 3084 salutavit
1250 3067 1251 3120 ,

192 3105 354 3184 struxitque
378 3115 520 3182 aggerem
542 3113 578 3166 et¹
591 3105 619 3164 in
640 3104 754 3178 modum
775 3114 960 3186 tropaeorum
978 3123 1054 3166 arma
1070 3103 1226 3168 subscri·
1250 3127 1251 3184 ι

193 3189 249 3268 ptis
263 3189 401 3250 victarum
421 3191 548 3268 gentium
563 3188 725 3250 nominibus
739 3189 885 3270 imposuit.
1170 3189 1174 3194 '
1250 3185 1251 3264 l

258 3273 305 3334 19.
332 3271 413 3334 llaud
437 3273 561 3353 perinde
588 3272 746 3335 Germanos
773 3275 909 3352 uulnere,
937 3274 1048 3354 luctus,
1082 3277 1233 3343 excidia

193 3371 276 3431 quam
297 3372 333 3416 ea
354 3357 469 3435 species
486 3356 590 3418 dolore
612 3367 641 3419 et
655 3359 697 3420 ira
712 3357 829 3419 adiecit.
859 3360 907 3439 qui
922 3359 1008 3420 modo
1026 3357 1106 3421 abire
1127 3363 1232 3426 sedi-

192 3435 264 3513 bus,
280 3445 358 3498 trans
371 3438 468 3500 Albim
484 3441 649 3504 concedere
664 3442 820 3523 parabant,
842 3461 968 3524 pugnam
984 3443 1103 3522 uolunt,
1124 3463 1239 3514 arma
