2536 3870
364 182 470 232 nisan
483 182 531 232 nv.
553 181 627 230 111.
643 161 764 235 so-'cn
1006 171 1064 233 119
1103 157 1106 162 ’

61 340 165 404 aderat
180 341 228 420 qui
242 347 390 409 nosceret,
405 337 529 399 Baebius
543 338 640 399 blassa
656 356 672 398 1
689 337 927 418 procuratoribus
933 336 1063 415 Africae,
1074 347 1100 391 ¹⁰

63 427 119 485 iam
147 433 215 484 tuno
241 424 350 501 optimo
379 422 484 500 cuique
507 422 649 484 exitiosus
670 424 790 484 1111111
807 420 1064 484 causasmalorum

64 525 140 586 quae
154 514 223 568 mox
237 507 352 567 tulimus
367 507 485 583 saepius
502 506 656 568 rediturus.
690 507 796 568 Festus
815 505 987 582 Adrumeto,
1015 504 1063 565 ubi

63 589 298 671 speculabundus
326 590 509 666 substiterat,
539 589 575 652 ad
602 590 750 667 legionem
779 589 927 651 contendit
948 588 1063 669 praeie-

64 685 200 754 etumque
221 683 383 736 castrorum
405 671 571 734 Cetronium
592 674 725 736 Pisanum
750 675 849 734 vinciri
864 674 963 750 iussit,
996 689 1062 752 prof

63 760 141 841 prias
157 759 195 818 ob
214 756 394 819 simultates:
425 757 477 818 sed
495 757 608 818 Pisonis
623 759 778 818 satellitem
792 758 928 835 vocabat,
945 756 1062 817 milites·
1073 777 1100 818 rs

60 861 119 921 que
139 853 168 903 et
187 843 372 904 centuriones
403 841 543 920 quosdam
566 841 673 921 puniit,
696 842 770 902 alios
793 842 928 922 praemiis
946 839 1064 916 adiecit,

62 935 195 986 neutrum
218 945 257 987 ex
278 929 393 1003 merito,
421 925 474 986 sed
493 934 523 985 ut
545 925 731 1008 obpressisse
754 925 863 986 bellum
883 924 1062 986 crederetur.

61 1027 131 1069 mox
152 1009 308 1071 Oeensium
323 1010 597 1089 Leptitanorumque
616 1009 778 1072 discordias
794 1011 959 1088 componit,
988 1025 1063 1088 quae

63 1102 147 1172 raptu
162 1094 276 1172 frugum
297 1104 326 1154 et
347 1111 487 1174 pecorum
507 1094 581 1154 inter
602 1104 737 1172 agrestes
757 1093 879 1157 modicis
900 1093 1062 1173 principiis,

62 1195 116 1238 ram
135 1195 281 1258 perarma
296 1188 383 1257 atque
398 1180 479 1239 acies
491 1177 725 1249 exercebantur:
742 1197 806 1240 nam
824 1178 949 1258 populus
965 1177 1058 1238 0111-
1071 1190 1099 1232 11

61 1263 101 1322 sis
118 1261 298 1323 multitudiue
312 1263 434 1323 inlerior
449 1260 635 1323 Garamantas
657 1263 822 1340 exciverat,
846 1270 963 1338 gentem
982 1260 1064 1320 indo·

60 1347 157 1406 mitam
174 1355 204 1405 et
219 1347 293 1406 inter
307 1346 425 1407 accolas
441 1346 600 1406 latrociniis
614 1345 776 1406 leeundam.
807 1344 881 1404 unde
896 1354 977 1405 artae
987 1343 1063 1424 Lep·

60 1431 157 1491 titanis
177 1447 242 1509 res,
269 1430 387 1508 lateque
411 1430 529 1489 vastatis
550 1429 628 1505 agris
644 1431 717 1490 iutra
733 1429 851 1489 moenia
868 1425 1062 1508 trepidabant,

59 1513 155 1575 donee
170 1513 333 1574 interventu
351 1512 511 1574 cohortium
522 1511 688 1591 alarumque
699 1512 756 1574 iusi
771 1511 957 1573 Garamantes
973 1519 1002 1571 et
1016 1527 1061 1570 re·

59 1608 145 1677 cepta
162 1599 254 1657 omnis
269 1597 388 1675 praeda,
406 1597 461 1656 nisi
476 1613 561 1675 quam
575 1596 642 1672 vagi
656 1615 712 1675 per
734 1597 888 1657 inaccessa
909 1593 1062 1674 mapalium
1070 1607 1097 1652 aa
1178 1655 1180 1663 Α

57 1681 247 1742 ulterioribus
262 1679 462 1742 vendiderant.
877 1729 881 1736 .

118 1765 173 1828 51.
198 1764 237 1824 At
256 1765 441 1844 Vespasiano
460 1774 528 1842 post
549 1764 776 1825 cremonensem
797 1780 921 1842 pugnam
945 1771 973 1823 et
994 1775 1168 1841 pro-⁴⁸·-

58 1867 167 1928 speros
187 1847 313 1926 undique
335 1850 466 1924 nuntios,
493 1847 636 1909 cecidisse
657 1847 804 1908 Vitellium
824 1845 904 1908 multi
922 1848 1062 1924 cuiusque

58 1935 178 2011 ordinis,
207 1933 271 2011 pari
299 1931 418 1992 audacia
439 1932 612 2010 fortunaque
636 1930 787 1991 hibernum
816 1948 894 1990 mare
916 1929 1060 2007 adgressi,

57 2020 239 2079 nuntiavere.
266 2014 387 2076 aderant
403 2014 495 2092 legati
509 2017 590 2093 regis
604 2014 752 2091 Vologesi
770 2012 959 2092 quadraginta
973 2013 1061 2073 milio

57 2101 229 2162 Parthorum
245 2101 372 2177 equitum
394 2099 564 2159 offerentes.
594 2097 778 2176 magnifieum
793 2096 957 2174 laetumque
974 2097 1085 2156 tantine

57 2188 206 2246 sociorum
227 2183 341 2243 auxiliis
363 2182 464 2242 ambiri
484 2199 580 2261 neque
602 2180 750 2258 indigere:
772 2181 887 2258 gratiae
904 2179 1059 2256 Vologese

58 2277 141 2329 actae
155 2266 377 2345 mandatumque
393 2274 424 2326 ut
438 2265 554 2343 legatos
569 2265 605 2326 ad
621 2274 751 2325 senatum
771 2265 898 2324 mitteret
912 2272 941 2322 et
958 2279 1061 2341 pacem

60 2365 128 2409 esse
137 2351 238 2410 sciret.
250 2348 602 2427 Vespasianusinltaliam
610 2364 718 2425 resque
728 2347 808 2408 urbis
820 2349 946 2407 intentus
958 2345 1059 2408 adrer-

58 2448 118 2490 sam
138 2431 176 2490 de
192 2430 357 2492 Domitiano
378 2431 481 2492 iamam
503 2433 625 2511 accipit,
643 2440 787 2510 tamqnam
804 2432 942 2491 terminos
956 2431 1060 2491 aetatis

42 2521 246 2574 ’1111111111
266 2514 327 2575 lilio
347 2514 557 2592 egrederetur:
579 2516 667 2592 igitur
686 2513 893 2576 validissimam
911 2514 1095 2575 exereitusto
1208 2517 1210 2522 '

58 2605 169 2672 partem
183 2597 248 2658 ntro
263 2597 348 2660 tradit
363 2597 399 2659 ad
412 2599 526 2677 reliqua
539 2597 649 2660 Iudaici
670 2598 741 2660 belli
756 2596 963 2678 perpetranda.

121 2679 300 2758 511111,
324 2690 479 2762 antequam
499 2681 720 2760 digrederetur,
744 2683 834 2743 multo
856 2681 932 2762 apud
948 2691 1059 2760 patrem

57 2779 194 2824 sermone
215 2780 317 2826 orasse
340 2766 453 2843 lerunt,
468 2783 505 2826 ne
527 2767 733 2827 criminantium
753 2767 858 2827 nuntiis
878 2776 988 2827 temere
1010 2785 1057 2828 ae·

56 2846 247 2926 cenderetur,
266 2849 468 2928 integrumque
488 2867 577 2910 scae
597 2849 772 2928 placabilem
796 2850 857 2910 blio
885 2857 1057 2929 praestaret.

56 2947 114 2990 non
135 2932 287 3010 legiones,
309 2949 367 2992 non
383 2932 495 2994 classes
518 2933 638 3012 perinde
655 2935 736 2995 firma
757 2933 870 3012 imperii
885 2934 1057 2994 munimenta

57 3033 152 3092 quam
169 3034 316 3077 numerum
330 3015 500 3086 liberorum
529 3035 593 3078 nam
613 3018 722 3078 amieos
744 3025 898 3098 tempore,
929 3017 1082 3094 lortuna,a

57 3100 239 3177 cupidinibus
263 3099 416 3181 aliqnando
437 3109 485 3160 aut
500 3101 648 3162 erroribus
662 3101 805 3180 imminui,
822 3100 990 3176 transferri,
1007 3100 1055 3162 de-

57 3183 170 3246 sinere:
199 3204 280 3246 suum
308 3185 413 3264 cuique
433 3184 601 3261 sauguinem
621 3183 825 3262 indiscretum,
855 3183 908 3244 sed
933 3185 1055 3245 maxime

56 3267 251 3348 principibus,
280 3285 400 3350 quorum
418 3267 570 3348 prosperis
586 3278 616 3328 et
632 3269 681 3329 alii
699 3268 848 3344 fruantur,
877 3267 1002 3328 adversa
1020 3267 1054 3326 ad

56 3347 248 3414 iunctissimos
261 3355 435 3433 pertineant.
467 3369 505 3412 11
518 3351 656 3412 iratribus
674 3351 789 3431 quidem
809 3368 970 3411 mansurum
987 3365 1054 3410 eon·

57 3434 192 3514 cordiam,
207 3438 236 3496 11
252 3455 357 3517 parens
373 3435 538 3515 exemplum
552 3436 745 3516 praebuisset.
760 3435 959 3515 Vespasianus
975 3425 1052 3492 baud
1063 3450 1091 3493 so
