2570 3878
438 167 543 217 uranu
565 171 602 218 vt
636 171 711 222 cup.
729 150 826 219 '8-12.
1067 151 1133 214 tto

191 323 241 384 10.
269 319 316 380 Ne
338 319 462 379 feminae
483 317 596 398 quidem
620 325 755 377 exsortes
776 316 909 396 periculi.
949 318 1015 396 quia
1039 335 1126 380 occu·

122 404 238 488 pendae
256 405 300 464 rei
315 402 450 484 publicae
464 404 546 481 argui
562 419 620 461 non
637 410 790 481 poterant,
807 401 844 460 ob
860 401 995 462 lacrimas
1016 402 1133 464 incusa-

124 493 241 559 tantun
258 495 420 566 necataque
437 495 483 546 est
499 505 569 546 anuis
587 487 680 564 Vitia,
703 485 775 546 Fufii
792 485 902 546 Gemini
920 495 1028 563 mater,
1051 487 1129 566 qnod

124 575 175 636 lilii
197 590 299 634 necem
320 567 460 632 licuisset.
494 570 567 631 liaeo
590 569 666 650 apud
690 580 838 631 sanatum:
866 587 921 630 nco
945 588 1031 630 secus
1052 571 1129 650 apud

124 659 284 738 principem
301 655 489 718 Vescularius
503 655 629 716 Flaccus
645 673 680 716 ac
696 653 785 715 lulius
799 655 925 716 Marinus
948 655 983 715 ad
1006 665 1126 716 mortem
1141 677 1159 717 c

124 751 258 820 aguntur,
274 741 509 801 eretustlssimis
524 739 722 816 familiarium,
740 738 872 800 Rhodum
887 740 980 799 secuti
1002 748 1032 799 et
1054 740 1129 820 apud

124 828 257 907 capreas
271 824 429 902 individui,
450 823 639 886 Vescularius
654 823 817 884 insidiarum
839 825 868 883 in
883 822 1022 884 Libonem
1043 823 1131 883 inter·

122 912 253 979 nuntium
267 909 385 986 ¹llarino
406 909 550 988 participe
572 908 693 968 Seianus
718 906 844 968 Curtium
859 907 986 968 Atticum
1008 925 1131 988 oppres·

124 1003 213 1057 seret.
250 1011 308 1073 quo
326 993 429 1054 laetius
445 1001 598 1073 acceptum
613 1010 664 1052 sua
683 991 817 1072 exempla
833 995 860 1052 in
880 991 1065 1052 consultores
1086 1009 1131 1051 re-

124 1079 243 1141 cidisse.
1143 1101 1173 1142 ιι

189 1161 335 1224 Periclem
355 1171 469 1242 tempus
482 1161 514 1222 L.
528 1160 594 1221 Piso
610 1161 761 1240 pontifex,
783 1179 877 1221 rarum
900 1161 928 1222 iu
949 1169 1026 1222 tanta
1048 1161 1131 1220 clari-

118 1248 238 1324 tudine,
256 1247 316 1306 iato
337 1245 426 1324 obiit,
451 1245 556 1306 nullius
574 1245 690 1305 servilis
709 1247 870 1306 sententiae
893 1254 998 1324 sponte
1021 1255 1131 1321 auctor,

125 1341 154 1394 et
177 1333 319 1409 quotiens.
333 1332 496 1390 necessitas
517 1331 682 1407 ingrueret,
707 1330 855 1409 sapienter
874 1329 1038 1389 moderans.
1082 1345 1131 1407 pa·

124 1426 197 1477 mem
215 1415 242 1474 ei
259 1415 422 1475 censorium
439 1414 530 1474 luisse
554 1414 727 1483 memoravi;
748 1421 829 1474 aetas
850 1412 885 1473 ad
903 1413 1133 1489 octogensimum

126 1517 228 1561 aurnum
253 1499 414 1578 processit;
445 1497 535 1558 decus
559 1497 731 1577 triumphale
757 1499 785 1556 in
807 1496 947 1559 Thraecia
977 1504 1130 1556 meruerat.
1143 1509 1173 1547 ιθ

13 1653 14 1662 χ
125 1583 178 1646 sed
201 1583 358 1664 praecipua
384 1601 422 1641 ex
445 1600 481 1642 eo
504 1582 617 1659 gloria,
649 1581 726 1660 quod
752 1581 920 1662 praelectus
941 1580 1005 1640 urbi
1026 1595 1133 1640 recens

125 1669 289 1730 continuam
304 1675 480 1747 potestatem
505 1675 534 1726 et
554 1666 707 1726 insolentia
731 1664 851 1746 parendi
873 1667 1040 1742 graviorem
1062 1667 1133 1725 mire

125 1753 309 1832 temperarit.
776 1804 777 1807 ,
872 1809 875 1816 Δ

192 1836 242 1896 11.
264 1835 395 1914 Namque
411 1843 506 1911 auten,
523 1834 667 1914 proiectis
685 1835 770 1896 domo
787 1834 907 1912 regibus
929 1852 964 1895 ac
984 1853 1052 1894 mox
1074 1853 1131 1894 ma·

125 1919 311 2000 gistrntibns,
328 1937 365 1980 ne
380 1918 450 1979 urbs
465 1921 528 1979 sine
542 1921 663 1998 imperio
685 1920 778 1997 soret,
801 1921 830 1978 in
850 1928 964 1998 tempus
983 1918 1135 1997 deligeba-

124 2017 171 2068 tur
186 2006 234 2083 qni
252 2004 296 2064 ius
312 2003 450 2064 redderet
465 2021 500 2063 ac
521 2004 622 2064 subitis
643 2004 822 2073 mederetur:
845 2004 1000 2082 feruntque
1023 2002 1132 2066 abilo-

126 2089 204 2150 mulo
225 2089 364 2149 Dentrem
385 2087 565 2168 Romullum,
593 2097 661 2168 post
689 2087 726 2148 ab
753 2087 838 2148 Tullo
865 2087 990 2148 Hostilio
1013 2085 1133 2148 Numam

126 2173 264 2235 llarciurn
288 2181 318 2232 et
338 2173 374 2233 alr
390 2172 547 2251 Tarquinio
569 2172 703 2251 Superbo
719 2172 852 2251 Spurium
865 2171 1027 2234 lucretium
1050 2173 1162 2250 lupo-c

128 2260 211 2320 sitos.
245 2256 311 2318 dein
329 2251 465 2318 o'onsules
481 2256 668 2326 mundabant;
685 2255 825 2334 duratque
840 2255 1042 2333 simulacrum,
1063 2271 1133 2335 quo·

127 2345 204 2405 tiens
221 2341 259 2402 ob
276 2341 365 2402 ierias
378 2341 493 2402 latinas
506 2343 675 2420 praeficitur
690 2343 738 2419 qui
755 2341 909 2400 consulare
929 2356 1030 2399 munus
1053 2356 1134 2398 usur·

126 2435 188 2509 pet.
221 2434 349 2487 ceterum
364 2424 513 2504 Augustus
533 2425 620 2486 bellis
641 2424 774 2485 civilibus
798 2423 919 2484 Cilnium
934 2424 1134 2485 Maecenatem

127 2511 274 2592 equestris
291 2510 400 2592 ordinis
417 2510 528 2570 cunctis
542 2510 618 2590 apud
633 2509 753 2570 Romam
774 2517 861 2589 atque
875 2507 985 2569 ltaliam
1008 2525 1134 2588 praepo·

127 2599 199 2658 suit:
222 2612 291 2654 mox
311 2612 408 2655 rerum
429 2593 537 2674 potitus
561 2594 598 2654 ob
624 2594 845 2672 magnitudinem
865 2593 969 2674 populi
989 2611 1025 2653 ao
1054 2591 1135 2654 tarda
1146 2610 1174 2653 ro

126 2681 225 2758 legum
239 2678 344 2739 anulio
361 2681 482 2758 sumpsit
503 2696 520 2739 e
543 2678 744 2741 consularibus
767 2679 815 2758 qui
839 2686 993 2738 coerceret
1018 2678 1136 2738 servitia

128 2774 157 2826 et
173 2762 251 2843 qnod
267 2764 369 2823 civium
386 2763 506 2824 audacia
526 2763 685 2841 turbidum,
707 2763 762 2823 nisi
782 2765 839 2823 vim
860 2769 978 2822 metuat.
1015 2761 1136 2842 primus-

128 2867 185 2929 que
202 2847 341 2910 Messalla
358 2846 501 2908 Gorviuus
517 2865 580 2909 eam
594 2856 768 2928 potestatem
790 2857 817 2908 et
840 2865 951 2926 pancos
973 2848 1049 2907 intra
1074 2847 1136 2906 dies

13 2939 14 2994 i
127 2935 213 2994 linem
230 2934 355 3012 accepit,
372 2932 454 3011 quasi
468 2935 585 2994 nescius
601 2931 775 3002 exercendi;
792 2941 851 2992 tum
866 2929 980 2992 'laurus
997 2931 1135 3008 Statilius,

128 3030 299 3097 quamquam
311 3025 455 3096 provecta
465 3024 572 3095 aetate,
588 3014 711 3096 egregie
723 3016 877 3083 toleravit:
891 3015 957 3076 dein
972 3013 1040 3076 l'iso
1055 3018 1133 3094 qnin-
1145 3031 1175 3072 rc

128 3101 222 3162 decim
238 3120 294 3180 per
308 3117 400 3161 annos
416 3103 525 3182 pariter
540 3101 691 3183 probatus,
707 3100 824 3182 publico
841 3100 944 3160 iuuere
960 3118 997 3160 ex
1013 3099 1134 3161 decreto

128 3195 245 3246 senatus
259 3183 426 3246 celebratus
440 3195 495 3246 est.

192 3269 241 3331 12.
259 3269 393 3332 Relatum
409 3270 475 3331 inde
490 3271 526 3332 ad
545 3281 644 3353 patres
662 3289 679 3332 a
700 3269 874 3348 Quintiliano
897 3267 1011 3329 tribuno
1033 3265 1132 3345 plebei
1145 3307 1261 3346 ...d

127 3352 165 3414 de
189 3352 264 3415 libro
291 3353 437 3432 Sibullae,
464 3374 548 3436 quem
581 3356 716 3418 Caninius
748 3353 846 3415 Gallus
880 3349 1136 3430 quindecimvirum

126 3436 221 3518 recipi
239 3438 315 3498 iuter
329 3448 446 3500 ceteros
463 3439 592 3502 eiusdem
607 3442 681 3502 vatis
704 3449 732 3500 et
754 3455 787 3496 ea
811 3435 847 3495 de
868 3452 901 3494 re
923 3439 1040 3492 senatus
1066 3445 1134 3489 con·
