2568 3870
160 197 199 256 74
378 203 928 253 coauuunnsorrrnrsrosrsreurr

160 359 276 421 bestilia
301 357 507 437 loquebantur,
534 357 693 435 praecipua
724 355 1048 434 quartadecumanorum
1079 352 1165 413 iero·

160 444 223 520 cia,
243 441 290 520 qni
311 457 344 500 se
368 442 463 500 victos
485 438 662 500 abnuebant:
693 440 800 518 quippe
823 437 1010 497 Bedriacensi
1026 435 1092 495 acie
1107 453 1167 494 ve·

122 525 282 586 *trillariis
296 532 402 584 tantum
415 523 507 602 pulsis
521 525 600 583 vires
611 522 736 599 legionis
752 538 809 581 uon
824 521 959 581 adfuisse.
982 518 1087 579 remitti
1104 535 1166 579 eos

160 609 189 668 in
210 607 399 682 Britanniam,
415 605 491 665 unde
509 605 657 666 allerone
674 605 761 665 exciti
778 613 876 677 erant,
893 603 1001 682 placuit
1014 609 1102 679 atque
1118 602 1164 662 iu·
1269 667 1270 676 ,

161 691 245 751 terim
272 689 446 749 batavorum
469 688 608 749 cobortes
633 705 689 749 una
708 686 828 747 tendere
851 686 888 746 ob
911 695 1040 746 veterem
1056 684 1165 744 adrer-

161 792 211 834 sus
225 773 504 852 quartadecumanos
528 770 710 833 discordiam.
742 788 797 828 nec
821 769 868 830 diu
884 769 1013 828 intentis
1034 777 1164 828 armato·

161 875 222 916 rum
246 855 320 917 odiis
343 856 425 934 quies
446 855 513 916 iuit:
539 853 689 931 Augustae
709 852 908 930 Taurinorum,
930 851 996 912 dum
1023 851 1166 930 opilicem

127 939 304 1017 coquendam
327 937 451 997 batavus
475 946 504 996 ut
521 936 715 997 fraudatorem
735 938 906 1013 insectatur,
930 935 1109 1012 legionarius
1131 944 1166 995 ut
1269 993 1270 1006 ,

161 1023 307 1099 hospitem
327 1028 440 1094 tuetur,
463 1019 507 1079 sui
532 1020 635 1098 cuique
659 1019 879 1080 commilitones.
890 1017 1044 1096 adgregati
1059 1035 1076 1078 a
1091 1033 1164 1081 con·
1269 1037 1270 1064 u

161 1100 246 1163 viciis
262 1103 297 1162 ad
314 1101 432 1162 caedem
448 1103 600 1162 transiere.
634 1110 663 1161 et
677 1103 819 1182 proelium
834 1110 918 1162 amon
939 1102 1116 1177 exarsisset,
1132 1101 1165 1161 ni

162 1186 236 1247 duae
252 1185 425 1263 »praetoriae
440 1182 577 1244 cobortes
603 1202 718 1246 causam
736 1185 1059 1264 quartadecumanorum
1077 1201 1163 1245 seeu-

162 1279 209 1330 tae
231 1268 276 1329 his
300 1266 430 1327 liduciam
452 1274 599 1328 etmetum
614 1267 730 1329 Batavis
750 1268 905 1328 iecissent:
936 1284 1011 1346 quos
1025 1266 1160 1326 Vitellius

128 1351 268 1430 ¹⁵aqmini
286 1365 340 1410 suo
356 1350 435 1428 iungi
452 1358 482 1410 ut
497 1351 581 1428 lidos,
603 1351 750 1428 legionem
765 1351 847 1412 llrais
861 1350 987 1429 Alpibus
1002 1350 1158 1410 traductam

123 1445 125 1449 “
163 1452 199 1496 eo
215 1434 293 1495 flexu
315 1435 427 1509 itineris
446 1433 489 1492 irc
506 1433 601 1511 iubet,
619 1450 676 1512 quo
687 1433 828 1494 Viennam
843 1435 979 1503 vitarent;
996 1451 1120 1512 namque
1131 1441 1162 1492 et

161 1518 343 1579 Viennenses
361 1516 541 1577 timebantur.
571 1527 658 1577 nocte
675 1535 732 1596 qua
746 1515 988 1598 proficiscebatur
1003 1516 1094 1594 legio,
1115 1533 1161 1576 re·

162 1603 238 1661 lictis
263 1600 369 1679 passim
392 1598 506 1676 ignibus
521 1616 590 1677 pars
604 1599 747 1660 Taurinae
762 1599 896 1661 colonico
913 1599 1061 1676 ambusta,
1085 1598 1163 1678 quod

162 1684 310 1758 damnum,
333 1692 364 1741 ut
388 1683 529 1762 pleraque
544 1681 615 1742 belli
629 1683 719 1758 mala,
740 1682 896 1744 maioribus
916 1683 1035 1744 aliarum
1049 1682 1165 1743 urbium

127 1775 154 1817 ²⁰
165 1764 501 1828 cladibus-obliteratum.
540 1764 791 1844 quartadecumani
806 1775 958 1845 postquam
972 1764 1098 1845 Alpibus
1112 1766 1164 1826 do

162 1850 260 1927 gressi
281 1845 364 1922 sun't,
400 1847 635 1908 seditiosissimus
668 1849 792 1927 quisque
815 1850 898 1930 siqua
919 1851 1059 1910 Viennam
1082 1849 1160 1909 iere·

161 1931 247 1992 bant:
277 1945 419 1992 consensu
442 1929 593 1990 meliorum
615 1932 768 2010 conpressi
788 1940 818 1992 et
838 1932 916 2009 legio
940 1933 969 1991 in
987 1932 1165 1994 britanniam

161 2022 335 2076 transvecta.

225 2097 276 2158 67.
298 2095 447 2156 Proximus
462 2095 582 2156 Vitellio
598 2113 616 2156 e
632 2098 789 2176 praetoriis
802 2097 971 2159 cohortibus
980 2107 1073 2159 metus
1088 2108 1159 2160 erat

161 2180 289 2259 separati
304 2179 433 2258 primum,
448 2178 552 2240 deinde
564 2178 661 2240 addito
674 2179 816 2242 honestae
831 2181 976 2242 missionis
991 2182 1161 2258 lenimento,

162 2281 239 2325 arma
260 2262 297 2323 ad
319 2261 449 2323 tribunos
469 2279 539 2322 soos
559 2261 746 2339 deferebant,
768 2264 863 2325 donec
880 2274 987 2325 motum
1011 2283 1032 2328 a
1046 2264 1163 2344 Vespa·

162 2347 243 2407 siano
265 2345 373 2407 bellum
395 2343 615 2407 crebresceret:
637 2355 695 2406 tum
716 2357 862 2426 resumpta
876 2348 975 2409 militia
990 2348 1079 2409 robur
1094 2348 1163 2410 Fla-

139 2431 308 2489 tvianarnm
329 2429 451 2508 partium
469 2427 562 2487 luere.
593 2429 685 2508 prima
701 2429 891 2492 classicorum
914 2431 992 2508 legio
1009 2433 1037 2491 in
1058 2431 1161 2511 llispa·

161 2513 235 2572 niam
249 2513 353 2589 missa,
369 2520 400 2571 ut
413 2527 488 2590 pace
504 2520 533 2570 et
549 2511 609 2573 otio
623 2513 801 2591 mitesceret,
817 2514 975 2576 undecuma
989 2533 1024 2576 ac
1039 2517 1162 2595 septima

117 2588 120 2602 '
162 2596 221 2655 suis
241 2593 370 2655 lribcrnis
389 2592 538 2672 redditae,
557 2595 794 2659 tertiadecumaoi
817 2607 932 2658 struere
952 2597 1162 2678 anpbitbeatra

161 2676 246 2746 iussi;
263 2693 327 2736 nam
344 2675 471 2738 caecina
487 2675 659 2755 Cremonae,
675 2677 785 2740 Valens
798 2677 948 2742 Bononiae
962 2681 1163 2761 spectaculum

161 2759 352 2837 gladiatorum
371 2760 461 2820 edere
482 2760 637 2838 parabant,
666 2777 817 2842 numquam
839 2765 877 2824 ita
892 2763 928 2826 ad
951 2782 1035 2825 curas
1050 2767 1162 2826 intento

125 2857 153 2900 ro
163 2841 298 2919 Vitellio,
315 2851 346 2902 nt
360 2843 539 2922 voluptatum
554 2841 786 2907 obliuisceretur.

217 2925 1160 3008 68.lltviciasquidcmpartcsmodectedistraxerat:apudvicto·

163 3031 212 3072 res
221 3020 283 3072 orta
293 3011 411 3086 seditio,
419 3009 530 3070 ludicro
538 3011 964 3086 initio‚ninumeriscaesoruro
973 3012 1158 3075 invidiamlli·

159 3095 242 3156 tellio
259 3095 395 3154 auxisset.
424 3090 610 3154 discubuerat
623 3090 759 3152 Vitellius
773 3090 866 3152 'licini
885 3089 1014 3150 adhibito
1036 3088 1073 3149 ad
1088 3108 1156 3168 epu·
1269 3087 1270 3090 ’

159 3179 204 3240 las
219 3177 370 3254 Verginio.
400 3175 491 3254 legati
500 3173 663 3253 tribunique
686 3190 724 3234 ex
743 3174 871 3236 moribus
892 3175 1099 3252 imperatorum
1114 3190 1158 3232 se

136 3263 308 3324 sveritatem
324 3258 502 3320 aemulantur
514 3256 563 3319 vel
582 3259 763 3336 tempestivis
779 3258 919 3318 conviviis
932 3256 1075 3334 gaudeam
1091 3274 1158 3334 per·

160 3341 226 3402 inde
247 3341 330 3402 miles
350 3343 475 3402 intentus
493 3350 540 3402 aut
560 3341 684 3402 licenter
708 3341 778 3418 agit.
807 3341 882 3420 apud
895 3341 1042 3402 Vitellium
1063 3341 1158 3399 omnia
1269 3343 1270 3408 ζ

160 3421 341 3503 indisposita,
355 3425 522 3502 temulenta,
538 3423 699 3503 pervigiliis
712 3441 748 3484 ac
762 3422 986 3485 bacchanalibus
1002 3439 1086 3502 quam
1101 3421 1156 3481 dis·
