2536 3870
368 119 474 198 urana
488 152 534 198 nv.
551 150 626 200 cnr.
642 149 764 206 tet—eo.
1008 145 1065 204 175

56 303 148 366 lroste
163 302 261 384 spolla
282 304 480 366 consectandi.
514 305 637 367 Cerialis
654 315 685 367 ut
700 308 809 369 incuria
830 326 924 389 prope
940 327 1000 372 rem
1016 310 1064 372 ad·

56 390 144 467 ilixit,
162 389 201 449 ita
217 391 378 449 constantia
393 389 531 460 restituit:
548 399 723 470 secutusque
738 392 881 452 iortunam
903 403 998 455 castra
1012 393 1091 458 bons
1151 423 1153 428 ’

56 478 146 536 stium
163 471 267 534 ecdem
282 472 329 533 die
343 473 421 550 capit
436 473 638 554 excinditque.

124 559 175 620 79.
196 555 262 618 Nec
283 557 459 640 inlongum
475 558 558 636 quies
580 558 662 618 militi
685 558 759 620 data.
793 558 914 620 orabant
929 561 1064 621 auxilium

56 641 297 720 Agrippinenses
322 639 542 720 offerebantque
563 659 683 702 uxorem
702 660 737 703 ac
756 660 888 703 sororem
911 641 1012 704 Civilis
1036 653 1065 704 et
1116 702 1118 709 .

58 727 148 786 liliam
165 723 308 801 Classici,
324 723 427 784 relicta
444 724 498 786 sibi
514 727 639 804 pignora
654 725 814 788 societatis.
850 736 936 806 atque
951 729 1063 788 interim

57 810 212 889 dispersos
236 809 265 868 in
287 806 419 868 domibus
442 805 602 870 Germanos
624 810 852 879 trucidaverant;
873 810 948 870 unde
969 821 1063 872 metus

58 903 89 954 et
104 895 197 952 iustae
213 910 317 971 preces
334 893 538 971 invocantium,
554 902 706 973 antequam
720 893 823 954 hostes
838 897 981 972 reparatis
996 896 1090 965 uiri-a

57 978 116 1036 bus
142 975 178 1036 ad
197 993 280 1053 spem
295 975 343 1036 vel
357 975 394 1036 ad
411 975 549 1038 ultionem
566 979 796 1055 accingerentur.
826 995 948 1059 namque
971 988 1000 1038 et
1016 977 1062 1041 Ci-

57 1059 129 1120 vilis
144 1057 214 1120 illuc
229 1058 399 1137 intenderat,
415 1077 474 1120 non
488 1059 640 1138 inualidus,
660 1060 880 1140 flagrantissima
901 1061 1063 1122 cohortium

60 1160 183 1205 suarum.
198 1142 329 1224 integra,
350 1161 425 1223 qnae
440 1163 477 1204 ea
493 1142 619 1206 Chaucis
634 1143 793 1224 Frisiisque
816 1148 978 1224 composita
992 1147 1062 1208 l'ol·

58 1227 136 1288 biaci
158 1228 187 1286 in
209 1226 312 1287 linibus
332 1226 589 1308 Agrippinensium
611 1227 733 1306 agebat:
757 1229 810 1288 sed
837 1229 927 1289 tristis
949 1233 1078 1291 nuntius¹

58 1313 181 1389 avertit,
203 1310 331 1372 deletam
350 1310 501 1373 cohortem
524 1311 593 1373 dolo
608 1311 882 1391 Agrippinensium,
906 1317 955 1392 qui
971 1313 1062 1392 largis
1072 1340 1098 1381 m

58 1395 156 1477 epulis
184 1395 311 1474 vinoque
335 1395 449 1474 sopitos
470 1395 644 1473 Germanos,
666 1396 772 1457 clausis
787 1394 915 1473 foribus,
938 1399 1006 1476 igne
1021 1399 1062 1458 in·

58 1485 141 1542 lecto
161 1496 346 1548 cremavere3
371 1479 453 1539 simul
476 1477 600 1540 Cerialis
623 1496 754 1558 propero
777 1482 891 1557 agmine
919 1480 1062 1540 subvenit.

58 1567 291 1626 circumsteterat
316 1561 438 1622 Ciuilem
453 1571 483 1622 et
500 1562 572 1622 alius
587 1571 696 1641 metus,
719 1581 755 1624 ne
771 1573 872 1643 quarta
887 1562 1006 1624 decuma
1021 1564 1062 1624 le·

58 1650 111 1727 gio
127 1645 260 1708 adiuncta
274 1645 438 1706 britannica
454 1646 551 1706 classe
573 1645 735 1706 adflictaret
750 1646 893 1722 Batavos,
917 1666 973 1727 qua
988 1647 1062 1708 Oce-

57 1749 117 1794 ano
133 1725 302 1791 ambiuntur.
334 1729 386 1790 sed
403 1730 549 1808 legionem
565 1731 697 1790 terrestri
712 1731 815 1790 itinere
826 1730 934 1792 Fabius
945 1731 1062 1792 Priscus
1073 1757 1097 1796 rs

57 1816 177 1894 legatus
191 1815 220 1875 in
234 1813 361 1876 Nervios
378 1813 573 1894 Tungrosque
587 1813 679 1891 duxit,
696 1831 808 1893 eaeque
825 1815 957 1876 civitates
970 1817 998 1874 in
1014 1815 1061 1875 de·

45 1899 199 1962 'ditionem
215 1907 371 1978 acceptae:
389 1897 513 1959 classem
529 1898 605 1959 ultro
620 1895 827 1958 Canninefates
848 1898 981 1976 adgressi
998 1909 1063 1960 suut

54 1984 211 2063 maiorque
242 2000 311 2061 pars
339 1982 453 2042 navium
477 1979 618 2060 depressa
645 1990 691 2042 aut
714 1990 808 2061 capta.
840 1991 870 2041 et
889 1981 1061 2043 Nerviorum

52 2067 281 2144 multitudinem,
298 2074 403 2144 sponte
421 2074 594 2127 commotam
615 2074 646 2125 ut
661 2082 715 2143 pro
738 2065 876 2126 Romanis
890 2065 999 2125 bellum
1013 2085 1061 2147 ca·

52 2160 210 2234 pesseret,
232 2150 307 2211 idem
328 2148 534 2213 Canninefates
557 2147 669 2209 ludere.
706 2146 853 2209 Classicus
874 2166 991 2229 quoque
1011 2150 1096 2216 adso

53 2254 165 2300 versus
187 2235 301 2315 equites
322 2232 498 2296 Nouaesium
523 2251 540 2295 a
563 2231 680 2293 Ceriale
703 2233 880 2310 praemissos
904 2232 1061 2293 secundum

54 2319 204 2404 proelium
218 2318 304 2380 lecit:
321 2335 396 2397 quae
413 2317 527 2379 modica
543 2316 595 2377 sed
611 2315 714 2376 crebra
729 2316 831 2377 damna
845 2316 949 2376 famam
968 2319 1061 2376 victo·

55 2409 121 2468 riae
136 2421 230 2484 nuper
244 2412 344 2483 partae
360 2401 538 2464 lacerabant.
1055 2423 1057 2428 ·
1129 2411 1131 2416 ’

123 2489 173 2552 80.
195 2487 291 2549 lsdem
314 2484 416 2546 diebus
436 2485 586 2548 Mucianus
609 2483 721 2546 Vitellii
736 2483 823 2543 [ilium
837 2483 960 2544 interdici
972 2481 1061 2561 iubet,

56 2589 220 2636 mansuram
235 2569 409 2632 discordiam
424 2570 598 2645 obtendens,
614 2569 643 2628 ni
659 2568 768 2628 semina
783 2566 853 2629 belli
867 2568 1060 2628 restinxisset.

56 2675 157 2737 neque
183 2655 339 2718 Antoniuun
358 2653 481 2715 Primum
502 2654 608 2719 adsciri
630 2653 704 2713 inter
728 2653 849 2712 comites
864 2670 881 2713 a
897 2650 1061 2713 Domitiano

57 2758 165 2825 passus
181 2747 238 2818 est,
253 2738 356 2800 lavore
370 2738 489 2802 militum
505 2739 606 2800 annius
624 2745 653 2798 et
667 2734 804 2818 snperbia
819 2737 883 2814 viri,
899 2736 1061 2815 aequalium

58 2842 196 2907 qnoque,
217 2821 291 2885 adeo
305 2821 489 2903 superiorum
503 2821 695 2884 intolerantia.
724 2821 875 2899 proiectus
898 2819 933 2880 ad
948 2823 1085 2900 Vespa-r

57 2912 171 2972 sianum
198 2908 343 2970 Antonius
369 2914 400 2967 ut
427 2924 485 2969 non
506 2924 561 2986 pro
582 2923 637 2986 spe
652 2921 703 2964 sua
721 2905 882 2983 excipitur,
908 2905 948 2965 ita
965 2922 1061 2983 neque

58 3009 168 3054 averso
183 2991 368 3071 imperatoris
384 2991 488 3055 auimo.
503 2989 671 3052 trahebatur
685 2988 713 3048 in
728 2986 855 3066 diversa,
870 2987 937 3049 hinc
953 2991 1063 3048 meritis

61 3075 198 3148 Antonii,
219 3073 300 3134 cuius
316 3073 403 3134 ductu
421 3075 584 3139 coniectum
599 3070 674 3133 baud
689 3069 774 3132 dubie
786 3071 894 3132 bellum
903 3081 981 3148 erat,
996 3071 1063 3131 inde

60 3157 187 3220 blucinni
209 3155 359 3234 epistulis:
379 3157 462 3221 simul
481 3159 578 3226 ¹ceteri
596 3165 626 3216 ut
647 3154 781 3216 infestum
804 3155 997 3234 tumidumque
1022 3155 1062 3214 in·

61 3239 265 3318 sectabantur,
290 3238 431 3308 adiunctis
452 3240 560 3320 prioris
582 3241 659 3300 ritae
682 3238 856 3300 criminibus.
888 3256 983 3318 neque
997 3239 1098 3318 ipsese

61 3327 164 3387 deerat
188 3321 358 3400 adrogantia
378 3341 489 3386 vocare
508 3323 651 3400 offensas,
680 3323 782 3382 nimius
804 3319 1062 3382 commemorandis

61 3429 137 3492 quae
151 3409 320 3470 meruisset:
342 3407 416 3470 alios
435 3417 464 3468 ut
478 3405 619 3486 inbelles,
643 3404 799 3466 Caecinam
819 3413 848 3464 ut
864 3407 1008 3482 captivum
1027 3422 1062 3463 ac
