2540 3874
179 174 219 234 64
424 185 590 234 cosanum
609 182 727 231 unctus
746 183 929 230 hunnorum

126 364 168 406 -as
180 350 307 402 senatum
323 339 495 407 celebravit;
513 347 542 400 et
558 337 718 400 decrevere
737 346 835 417 patres
850 336 1029 416 triumphalia
1045 336 1171 414 insignia,

179 425 257 504 quod
272 425 392 486 Camillo
409 421 447 482 ob
461 422 629 485 modestiam
645 424 720 484 uitae
735 425 850 501 impune
866 421 927 486 luit.

240 509 290 570 53.
312 510 444 588 Sequens
465 525 554 569 annus
572 506 717 568 Tiberium
738 507 838 584 tertio,
860 505 1059 571 Germanicum
1075 505 1172 566 iterum

180 593 316 657 consules
337 592 444 654 babuit.
490 590 543 651 sed
563 608 626 650 cuns
649 591 788 662 bonorem
807 589 993 654 Germanicus
1020 589 1080 651 iniit
1101 587 1173 670 apud

178 678 278 739 urbem
300 676 430 737 Achaiae
446 675 627 753 Nicopolim,
649 691 705 752 quo
724 683 843 740 uenerat
859 692 911 754 per
926 673 1071 750 illyricam
1086 690 1173 749 oram,

179 763 243 823 viso
254 761 343 821 iratre
357 759 452 820 Druso
468 761 496 818 in
510 758 651 820 Delmatia
666 766 789 836 agente,
800 757 957 820 Hadriatici
971 775 1007 818 ac
1022 774 1090 819 mox
1104 756 1173 817 lonii

156 847 264 909 smaris
286 844 436 905 adversam
457 843 669 920 navigationem
686 859 855 920 perpessus.
887 843 973 919 igitur
988 858 1098 921 paucos
1114 840 1174 902 dies

178 929 329 1008 insumpsit
351 926 526 996 reficiendae
540 925 642 993 classi:
666 925 747 990 siunt
762 927 841 988 sinus
855 924 976 988 Actiaca
998 925 1116 986 uictoria
1136 925 1174 984 in·

180 1014 273 1074 elutos
296 1021 325 1073 et
344 1021 476 1076 sacratas
495 1007 532 1071 ab
553 1010 686 1087 Augusto
707 1009 854 1074 manubiae
882 1018 1035 1088 casusque
1061 1007 1177 1092 butarii

77 1147 83 1158 .
180 1115 244 1158 cum
259 1094 463 1159 recordatione
479 1094 614 1158 maiorum
634 1110 750 1154 suorum
766 1093 841 1156 adiit.
873 1111 996 1172 nauaque
1012 1093 1053 1169 ei,
1075 1101 1105 1152 ut
1118 1109 1176 1152 me·

179 1181 304 1256 moravi,
326 1177 484 1243 avunculus
505 1177 670 1256 Angustus,
692 1195 763 1238 avua
783 1177 926 1242 Antonius
941 1185 1039 1252 erant,
1063 1194 1176 1254 magua-

145 1285 170 1327 ιο
181 1282 237 1344 que
254 1261 314 1324 illic
328 1263 424 1338 imago
440 1263 560 1323 tristium
580 1261 787 1340 laetorumque.
825 1261 893 1322 hinc
909 1270 1023 1332 uentum
1038 1259 1177 1336 htbeuus,

178 1346 350 1424 foederique
376 1345 476 1406 sociae
509 1354 538 1408 et
566 1352 697 1407 uetustae
725 1344 804 1405 urbis
826 1344 920 1408 datum
941 1354 971 1405 ut
994 1361 1051 1406 uno
1075 1344 1179 1405 lictore

179 1437 317 1490 uteretur.
353 1446 501 1507 excepere
521 1427 625 1489 Graeci
641 1429 859 1506 quaesitissimis
882 1428 1058 1504 honoribus,
1081 1437 1178 1488 vetera

180 1530 296 1575 suorum
323 1513 400 1572 iacta
430 1511 564 1591 dictaque
588 1512 805 1592 praeierantes,
834 1530 890 1590 quo
918 1513 985 1591 plus
1008 1511 1178 1590 dignationis

179 1597 285 1658 adultio
300 1596 431 1661 haberet·
1055 1657 1059 1666 ,

244 1681 294 1745 54.
312 1679 405 1741 Petita
427 1677 494 1741 inde
509 1678 631 1744 Euboea
654 1680 773 1750 tramisit
788 1678 931 1757 Lesbum,
953 1679 999 1740 ubi
1015 1680 1180 1759 Agrippina

179 1763 336 1824 novissimo
367 1770 449 1842 partu
476 1762 575 1830 Iuliana
603 1763 698 1830 edidit.
745 1771 803 1828 tum
827 1773 957 1826 exuens
976 1763 1065 1828 usae
1082 1763 1179 1826 Pariu-
1254 1821 1255 1826 ,

178 1848 313 1925 thumque
336 1863 371 1906 ac
390 1844 573 1923 Byzantinus,
596 1846 753 1910 Thraecias
778 1846 883 1923 urbes,
910 1865 978 1908 mox
996 1846 1180 1927 Propontidis
1254 1841 1255 1880 l

179 1931 325 2008 angustias
346 1939 428 1990 etos
450 1929 599 1992 Ponticum
621 1932 721 2008 intrat,
750 1930 884 2011 cupidine
906 1940 1024 1996 vetares
1045 1931 1130 1993 locos
1152 1940 1180 1990 et

154 2014 255 2078 siarua
272 2012 436 2074 celebratos
451 2014 603 2082 noscendi;
620 2015 785 2094 pariterque
800 2014 967 2095 provincias
982 2017 1102 2077 internis
1117 2032 1180 2077 cer·

178 2096 329 2158 tamiuibus
351 2105 398 2156 aut
418 2100 632 2175 magistratuum
656 2099 764 2160 iniuriis
783 2099 878 2162 iessas
894 2098 1057 2162 refovebat
1094 2107 1180 2177 atque
1253 2117 1254 2120 ¹

106 2239 108 2243 .
178 2180 256 2242 illum
280 2181 308 2240 in
330 2198 469 2258 regressu
491 2199 574 2248 sacra
590 2181 805 2243 Samotbracum
829 2184 925 2246 visere
949 2185 1086 2244 nitemem
1102 2182 1182 2246 obuii

143 2329 145 2332 ,
178 2263 330 2344 aquilones
351 2263 500 2342 depulsae.
543 2267 631 2344 igitur
650 2266 726 2328 adito
748 2266 802 2329 llio
825 2285 957 2346 quaeque
977 2266 1018 2326 ibi
1039 2267 1182 2328 uarietate

156 2380 159 2386 ·
178 2348 312 2408 fortunae
328 2356 357 2406 et
372 2349 464 2408 nostri
478 2350 593 2428 origiue
608 2351 788 2427 veneranda,
810 2351 918 2428 relegit
931 2351 1031 2412 Asiam
1046 2350 1181 2429 adpellit·
1252 2367 1253 2436 l

145 2443 234 2510 nque
260 2429 449 2508 Colophona,
471 2440 501 2492 ut
523 2431 611 2495 Clarii
633 2433 779 2511 Apollinis
801 2434 921 2497 oraculo
942 2443 1078 2496 utereur.
1121 2451 1180 2492 non
1252 2439 1253 2444 ’

177 2514 283 2574 iemina
300 2512 376 2588 illic,
400 2522 430 2574 ut
446 2515 522 2599 apud
536 2515 685 2596 Delphus,
711 2517 762 2578 sed
780 2519 868 2581 certis
882 2536 899 2580 e
914 2518 1028 2580 familiis
1044 2525 1072 2577 et
1086 2516 1181 2582 ferme

176 2597 277 2660 Mileto
298 2597 409 2658 accitus
423 2599 561 2660 sacerdos
576 2618 722 2660 numerum
736 2601 822 2662 modo
839 2602 1058 2664 cscnsultantium
1078 2610 1109 2662 et
1127 2618 1180 2662 no·

177 2682 250 2741 mina
273 2680 363 2752 audit;
387 2689 444 2742 tuns
466 2682 493 2743 in
515 2701 634 2762 specum
653 2685 828 2762 depressus,
850 2685 950 2747 hausta
973 2687 1061 2746 iontis
1082 2686 1184 2748 arcani
1251 2711 1252 2716 ι

177 2782 268 2844 aqua,
297 2765 414 2841 ignarus
438 2765 607 2846 plerumque
637 2768 782 2830 literarum
813 2778 842 2829 et
871 2771 1024 2833 carminum
1050 2769 1110 2832 edit
1136 2787 1183 2830 re·

143 2863 167 2904 rs
178 2864 286 2926 sponsa
314 2847 449 2910 serebas
477 2852 646 2930 compositis
675 2870 763 2931 super
788 2851 877 2915 rebus
895 2871 966 2932 quas
993 2855 1057 2932 quis
1083 2863 1185 2916 mente

178 2933 323 3010 concepit.
356 2941 384 2994 et
401 2932 550 2994 terebatur
562 2934 733 2998 Germanico
751 2956 803 3015 per
818 2937 973 3016 ambages,
989 2947 1019 2998 ut
1034 2955 1098 2998 mos
1118 2956 1186 3000 ora·

178 3014 263 3089 culis,
278 3025 416 3077 maturum
433 3019 548 3078 exitium
566 3021 719 3083 cecinisse.
792 3049 802 3068 ·

238 3101 288 3160 55.
312 3098 353 3158 hs
369 3097 420 3160 Gn.
446 3100 531 3179 Piso,
556 3120 612 3182 quo
637 3107 841 3183 properantius
863 3106 1003 3174 destinata
1024 3107 1188 3186 inciperet,

176 3184 322 3244 civitatem
343 3183 562 3249 Atheniensium
583 3187 695 3250 turbido
717 3191 832 3252 incessu
853 3191 1020 3252 exterritam
1035 3192 1188 3254 oratione
1249 3263 1250 3270 q

176 3283 264 3327 saeva
276 3267 423 3346 increpat,
440 3269 558 3350 oblique
573 3270 771 3334 Germanicum
783 3275 1000 3352 perslringeus,
1015 3274 1093 3353 quod
1111 3293 1189 3336 con·
1249 3275 1250 3302 ¹

175 3356 218 3409 tra
241 3348 329 3409 decus
346 3351 466 3414 Romani
488 3356 609 3417 nominis
630 3373 688 3416 non
703 3356 896 3421 Athenienses
915 3367 958 3418 tot
975 3358 1108 3425 cladibus
1132 3378 1188 3420 ex·

150 3431 311 3508 sstinctos,
330 3434 381 3494 sed
398 3438 559 3498 conluviem
574 3439 654 3500 illam·
667 3442 809 3502 nationum
826 3443 960 3502 comitate
972 3443 1057 3504 nirnia
1071 3443 1186 3504 coluis·
1248 3501 1249 3524 ,

1024 3549 1028 3558 ·
1085 3551 1089 3558 ·
1248 3539 1249 3566 ι

1246 3791 1248 3843 l
