2540 3874
386 197 391 206 ·
420 171 526 235 nussia
538 188 588 254 ru.
607 188 682 237 osa.
700 184 785 243 r—t.
1062 177 1098 241 ιι

94 341 210 419 tabant,
227 343 389 422 promptius
407 344 594 423 apertiusque
611 332 695 422 qnam
711 355 742 406 ut
756 346 921 407 meminisse
938 344 1101 424 imperitan-

95 429 164 492 tium
180 427 330 490 crederes.
360 427 430 488 nihil
445 435 539 490 tamen
555 426 701 491 Tiberium
718 431 811 508 magis
834 431 998 510 penetravit
1018 447 1102 509 qnam

94 512 189 573 studia
205 511 350 578 nonnum
367 528 493 574 aceensa
515 513 543 574 iu
559 511 765 592 Agrippinam,
785 532 848 579 curn
868 513 958 576 decus
978 515 1100 593 patriae,

94 597 189 660 solum
204 595 328 673 Augusti
339 595 528 674 sanguinem,
547 596 663 662 tunicum
683 598 858 678 antiquitatis
878 598 1029 679 specimen
1051 616 1100 678 ap·

94 680 242 760 pellerent
257 680 394 780 versique
409 679 446 743 ιιι
463 681 575 745 caelum
592 698 628 744 ao
648 682 720 742 deos
743 684 884 761 integram
904 681 947 744 illi
968 680 1101 746 subolem
1110 705 1135 748 to

93 783 130 826 ac
145 765 358 844 superstitem
349 763 511 862 rniqnorum
527 775 726 844 precarentur.

159 849 187 908 5.
211 846 306 909 Fuere
329 848 377 927 qui
399 847 508 928 publici
530 849 639 910 iuuenis
662 867 796 930 pompam
817 851 1001 929 requirerent
1022 865 1100 908 com·

96 939 291 1014 pararentque
316 929 391 1012 quae
412 932 440 992 in
462 931 587 1000 Drusum
608 942 737 1033 patrem·
740 933 904 1002 Germanici
933 933 1043 995 honora
1070 941 1099 993 et

8 1033 9 1088 j
93 1016 246 1094 magnifica
261 1013 410 1094 Augustus
424 1017 588 1080 iecisset.
580 1035 673 1096 rpsum
688 1019 797 1098 quippe
818 1018 979 1097 asperrimo
996 1017 1100 1078 hiemis

93 1101 223 1162 Ticinum
249 1117 341 1199 nsqqc
366 1118 554 1200 progressum
579 1119 675 1181 neque
694 1101 901 1165 abscedentem
928 1120 945 1163 a
971 1119 1099 1180 corpore

93 1185 177 1248 simul
190 1183 294 1260 urbem
311 1185 479 1255 intravisse:
502 1186 690 1248 circumfusae
715 1186 794 1248 lecto
810 1183 994 1250 Claudiorum
1012 1184 1098 1245 lulio·
1088 1213 1121 1253 -s

93 1287 216 1349 rumque
238 1269 395 1346 imagines:
423 1269 588 1333 defletum
580 1289 607 1329 ιι
629 1270 714 1347 loro,
736 1269 879 1332 laudatum
903 1288 955 1350 pro
980 1271 1097 1348 rostris,

93 1363 197 1416 cuncta
215 1370 232 1413 a
253 1353 409 1416 maioribus
430 1364 546 1432 reperta
569 1363 618 1418 ant
636 1373 710 1434 quae
732 1356 843 1433 posteri
864 1356 1026 1417 inuenerint
1048 1373 1097 1414 cu-

93 1439 214 1500 mulcta:
232 1446 262 1500 at
280 1435 451 1504 Germanico
468 1456 505 1499 ne
521 1438 625 1500 solitos
644 1439 759 1517 quidem
776 1447 806 1501 et
821 1440 991 1516 cuicumque
1006 1436 1098 1498 nobili

93 1521 209 1584 debitos
224 1521 352 1586 bonores
366 1522 537 1600 contigisse.
576 1541 652 1590 sane
671 1539 778 1601 corpus
799 1521 837 1589 ob
857 1522 1097 1601 longinquitatem

94 1609 227 1668 itinerum
249 1607 377 1670 externis
399 1605 484 1668 terris
505 1623 623 1686 quoquo
645 1606 730 1667 modo
753 1615 924 1670 crematum:
950 1604 1002 1668 sed
1019 1613 1132 1670 tanton

94 1692 176 1771 plura
191 1691 300 1752 decora
315 1707 382 1750 mox
398 1689 483 1752 tribui
498 1709 551 1768 par
564 1691 673 1767 luisse,
698 1697 806 1768 quanto
826 1692 917 1770 prima
932 1691 993 1753 lora
1009 1707 1097 1767 nega·

93 1777 196 1836 visset.
227 1792 285 1835 non
298 1773 427 1851 fratrem,
445 1774 596 1840 nisiunims
611 1774 747 1851 licinia,
764 1791 822 1839 non
842 1784 973 1855 patruum
994 1773 1097 1835 saltem

94 1867 180 1940 porta
197 1866 281 1922 tenus
301 1857 426 1921 obuium.
461 1858 509 1919 ubi
531 1859 581 1923 illa
602 1868 733 1926 veterum
754 1858 897 1935 instituta,
916 1860 1097 1938 propositam

94 1955 160 2005 toro
175 1941 466 2021 circummortua
480 1943 694 2006 admemoriam
713 1943 825 2006 vtrmrts
840 1943 965 2006 carmina
986 1951 1016 2003 et
1037 1941 1097 2002 lau-

93 2028 237 2102 dationes,
255 2035 285 2088 et
300 2026 434 2090 lacrimas
450 2027 497 2087 uel
511 2027 624 2093 doloris
639 2025 835 2091 intumescat
1107 2046 1130 2092 ιι

156 2113 185 2174 6.
208 2109 334 2178 Gnarum
346 2111 375 2174 id
390 2110 507 2176 Tiberio
526 2112 593 2182 iuit;
610 2121 699 2191 utque
714 2121 862 2191 premeret
882 2111 962 2188 vulgi
986 2126 1096 2173 sermo·

93 2215 163 2274 nes,
186 2196 295 2264 monuit
318 2193 414 2259 elicto
437 2195 543 2260 multos
569 2196 728 2264 inlustrium
749 2195 943 2261 aomanorum
972 2193 1009 2254 ob
1033 2211 1096 2254 rem

93 2280 241 2362 publicam
255 2277 377 2356 obisse,
382 2280 523 2344 neminem
537 2279 662 2358 tamflag
644 2280 736 2340 oranti
746 2279 894 2348 ιιιιιιιίι
904 2277 1097 2344 celebratum.

91 2366 182 2464 idque
198 2373 227 2425 et
242 2362 298 2426 sibi
313 2372 344 2423 et
356 2365 468 2431 cunctis
483 2365 651 2444 egregium,
669 2381 694 2424 ιι
686 2363 814 2427 modus
834 2363 1008 2428 adiceretur.
1040 2377 1098 2422 non

93 2451 170 2511 eninr
188 2449 290 2514 eadem
311 2447 421 2509 decora
440 2447 618 2528 principibus
637 2447 708 2513 virts
731 2457 763 2510 et
785 2447 951 2527 imperatori
972 2443 1121 2525 populo,u

93 2551 171 2614 quae
184 2531 454 2596 modicisdomibus
465 2541 517 2600 aut
530 2531 706 2594 civitatibus.
732 2533 908 2596 convenisse
923 2529 1035 2592 recenti
1046 2528 1097 2590 tlo-

93 2620 151 2682 lori
167 2617 275 2678 luctum
290 2625 320 2677 et
334 2635 373 2678 ex
388 2633 522 2677 maerore
538 2615 662 2685 solacia;
684 2617 739 2678 ιιι
759 2615 974 2679 referendum
966 2632 1020 2678 ram
1038 2615 1096 2674 ani·

91 2719 169 2763 mum
183 2701 220 2762 ιι
235 2700 449 2777 firmitudinem,
474 2709 505 2760 ut
525 2700 669 2780 quondam
684 2698 767 2762 divus
783 2699 873 2764 Iulius
891 2699 996 2760 amissa
1014 2699 1097 2759 unica

92 2788 170 2862 lilia,
187 2794 217 2846 ut
232 2785 316 2846 dirus
333 2784 481 2864 Augustus
498 2785 608 2865 ereptis
622 2784 779 2865 nepotibus
800 2783 991 2848 abstruserint
1011 2783 1096 2842 tristi·

91 2872 171 2932 tiam.
198 2863 248 2930 nil
253 2887 327 2950 opus
344 2867 548 2932 uetustioribus
562 2868 726 2948 exemplis,
747 2865 1133 2948 quotieuspopulusllo·1o

90 2972 195 3016 manns
212 2953 314 3028 clades
330 2953 519 3029 exercituum,
535 2953 678 3014 interitum
693 2952 813 3052 ducum,
836 2952 962 3014 lunditus
975 2951 1098 3013 amissas

90 3037 211 3102 nobiles
225 3037 349 3108 iamilias
364 3045 531 3100 constanter
553 3037 660 3098 tulerit.
693 3038 841 3116 principes
859 3035 1018 3112 mortales,
1037 3053 1098 3097 rem

90 3121 241 3204 publicam
259 3130 407 3184 aeternam
421 3140 500 3186 esse
530 3123 615 3202 proin
631 3129 801 3201 repeterent
812 3121 974 3196 sollemnia,
990 3128 1019 3180 et
1031 3121 1098 3200 quia

91 3207 229 3270 tutorum
242 3203 432 3285 Megalesium
444 3204 646 3285 spectaculum
666 3205 799 3282 suberat,
826 3207 911 3266 etiam
930 3204 1097 3281 voluptates

91 3300 287 3354 resumerent.
1108 3299 1132 3339 rs

158 3379 190 3438 7.
213 3373 284 3437 Tum
303 3384 392 3438 exuto
408 3376 516 3437 iustitio
526 3374 653 3438 reditum
668 3373 703 3434 ιι
718 3375 828 3450 munia,
851 3382 880 3432 et
896 3373 1007 3433 Drusus
1029 3367 1097 3440 llly-

93 3465 176 3522 ricus
192 3459 228 3520 ιι
244 3461 392 3521 exercitus
408 3459 557 3539 proiectus
573 3467 634 3536 est,
652 3457 759 3518 erectis
780 3457 903 3516 omnium
924 3453 1023 3516 animis
1043 3467 1099 3529 sps

137 3565 231 3605 nactur
245 3565 316 3605 anns
332 3563 355 3607 ι.
918 3539 937 3598 6
