2546 3872
467 185 574 233 Lttttttt
589 185 612 233 1.
628 185 704 235 CAP.
721 183 843 240 16--20-
1115 181 1146 236 ll

134 343 338 410 fortuitorum
362 357 415 400 seu
431 357 505 420 quae
522 341 583 402 lato
597 351 728 421 manent,
747 345 880 423 quamuis
896 345 1074 422 significata,
1093 361 1173 403 nous

135 427 274 488 vitantur.
312 423 387 504 apud
416 424 598 503 frequentem
621 427 741 487 militum
771 430 938 494 contionem
963 429 1150 506 imperatoria

134 510 282 572 brevitate
294 509 427 588 adoptari
440 527 457 568 a
472 527 505 568 se
517 508 651 576 Pisonem
663 528 745 572 more
758 509 815 570 divi
827 511 952 590 Augusti
969 521 997 572 et
1013 511 1150 589 exemplo

133 595 263 671 militari,
278 611 335 672 quo
352 593 396 652 vir
411 593 502 652 uirum
520 592 645 672 legeret,
664 597 840 675 pronuntiat.
869 614 905 656 ac
921 615 958 656 na
974 595 1150 655 dissimulata

134 679 243 742 seditio
258 678 288 737 in
303 677 394 738 maius
411 675 590 757 crederetur,
606 678 682 740 ultro
695 678 850 740 adseverat
864 690 993 759 quartam
1009 689 1038 740 et
1050 679 1150 740 duoet-

134 763 324 825 vicensimam
339 761 490 840 legiones,
508 763 609 841 paucis
625 762 775 824 seditionis
794 763 978 842 auctoribus,
1001 780 1059 824 non
1074 762 1149 824 ultra
1160 780 1186 822 rc

134 848 229 909 verba
251 864 287 906 ac
306 862 398 905 voces
422 863 538 906 errasse
560 846 691 920 et,brevi
708 848 737 922 in
755 847 854 908 cilicio
875 849 951 909 lore.
984 865 1041 908 uec
1062 845 1173 918 ullum,

134 931 262 994 orationi
278 938 326 990 aut
340 929 515 989 lenocinium
531 929 608 991 addit
625 940 672 991 aut
689 933 822 1011 pretium.
850 933 955 994 tribuni
970 942 1066 993 tamen
1082 949 1150 992 cen·

134 1016 328 1093 turinnesque
344 1023 374 1074 et
388 1015 516 1114 proximi
531 1014 650 1074 rnilitum
665 1025 748 1095 grata
764 1015 861 1077 auditu
875 1016 1074 1096 respondent.
1096 1032 1151 1095 per

139 1107 257 1160 ceteros
272 1099 413 1159 maestitia
431 1116 466 1158 ac
486 1096 646 1178 silentium,
670 1109 813 1180 tamquam
832 1110 1000 1180 usurpatam
1020 1101 1106 1161 etiam
1121 1101 1151 1158 iu

136 1200 213 1264 pace
224 1173 361 1242 donativi
383 1184 589 1244 necessitatem
613 1183 695 1245 bello
716 1183 923 1263 perdidissent.
962 1191 1076 1245 constat
1097 1199 1150 1262 pc·
1161 1207 1186 1248 ιι

135 1269 230 1329 tuisse
248 1265 399 1327 conciliari
421 1268 532 1327 animos
550 1268 810 1368 quantulacumque
825 1270 907 1368 parci
925 1269 1004 1329 senis
1022 1267 1149 1328 liberali-

134 1361 213 1414 tate:
234 1339 333 1411 uocati
347 1351 481 1430 antiquus
500 1353 585 1430 rigor
602 1360 631 1412 et
646 1352 732 1412 nimia
748 1354 908 1430 severitas,
932 1355 977 1412 cui
992 1354 1046 1413 iarn
1063 1369 1165 1430 ιιιιιι

134 1455 195 1498 non
211 1453 318 1496 sumus.

204 1521 253 1582 ta.
275 1517 346 1578 lude
369 1519 446 1598 apud
469 1527 599 1579 senatum
620 1537 677 1579 nou
700 1521 845 1599 comptior
860 1519 989 1598 Galbae,
1012 1535 1070 1578 uon
1086 1518 1150 1578 lou·

135 1607 205 1684 gior
221 1621 306 1683 quam
323 1600 399 1682 apud
413 1603 531 1664 militem
546 1620 660 1665 sermo:
678 1603 793 1665 Pisonis
809 1605 900 1664 comis
917 1605 1020 1664 oratic.
1056 1610 1085 1662 et
1100 1619 1150 1681 pa·

137 1699 212 1750 trutn
232 1688 318 1749 lavor
336 1687 455 1748 aderat
479 1687 560 1748 multi
580 1687 745 1766 voluntate,
774 1688 893 1748 edusius
914 1689 963 1768 qui
987 1687 1150 1763 noluerant,

135 1771 224 1834 medii
239 1791 276 1833 ac
290 1771 404 1851 plurimi
421 1771 509 1832 obvio
526 1769 681 1851 obsequio,
698 1773 827 1852 privatas
842 1791 913 1852 spes
929 1773 1072 1850 agitantes
1088 1770 1151 1828 sine

136 1857 257 1940 publica
279 1874 357 1917 cura.
388 1875 446 1916 uec
467 1855 545 1916 aliud
566 1858 698 1936 sequenti
722 1855 898 1935 quadriduo,
924 1854 1002 1956 quod
1025 1851 1175 1915 mediums

135 1947 214 2004 inter
229 1940 415 2020 adoptionem
431 1949 460 2000 et
477 1939 596 2001 caedem
611 1941 680 2018 luit,
702 1941 809 2002 dictum
828 1959 844 2001 ι
861 1940 996 2001 Pisone
987 1958 1015 1999 m
1032 1937 1150 2017 publico

134 2030 293 2089 factumve.
325 2023 553 2100 crebrioribus
543 2041 572 2084 ru
593 2023 655 2084 dies
684 2025 875 2086 Germanicae
890 2023 1066 2085 deiectionis
1081 2040 1149 2081 nun·

135 2112 186 2173 tiis
205 2119 234 2170 et
248 2108 328 2170 iacili
349 2109 466 2170 civitate
485 2108 522 2169 ad
537 2108 709 2188 accipienda
733 2108 939 2188 credendaque
955 2108 1048 2168 omnia
1063 2123 1150 2182 nova,

136 2214 203 2258 cum
220 2194 312 2255 tristia
329 2201 404 2270 suut,
420 2201 594 2253 censuerant
598 2201 710 2272 patres
725 2191 882 2253 mittendos
897 2192 933 2252 ιιι
949 2190 1149 2251 Germanicum

136 2280 299 2342 exercitum
315 2276 442 2356 legatos.
473 2277 611 2363 agitatum
627 2286 745 2336 secreto
761 2294 826 2337 num
846 2284 877 2335 ct
894 2276 961 2337 Piso
975 2274 1146 2354 prodcisce
1160 2286 1185 2327 ro

135 2372 234 2441 retur,
249 2362 360 2422 maiore
376 2359 548 2441 praetextu,
566 2360 608 2421 illi
625 2361 826 2421 auctoritatem
841 2369 972 2436 senatus,
988 2359 1036 2418 hic
1051 2357 1150 2436 digua·

134 2452 247 2509 tionem
262 2444 399 2506 Caesaris
414 2445 534 2507 laturus.
564 2444 701 2524 placebat
716 2453 745 2505 et
755 2444 901 2506 baconem
911 2443 1051 2524 praetorii
1066 2459 1150 2520 prae·

135 2535 246 2594 fectum
269 2528 353 2590 simul
378 2530 466 2590 mitti:
492 2530 517 2588 is
544 2530 668 2590 consilio
693 2530 871 2591 intercessit.
917 2527 1007 2605 legati
1033 2543 1150 2605 quoque

137 2619 221 2698 (uam
236 2623 352 2675 senatos
368 2613 544 2675 electionem
557 2614 667 2675 Galbae
679 2613 867 2694 permiserat)
882 2611 969 2674 ioeda
985 2612 1150 2672 inconstan-

135 2703 178 2763 tia
191 2699 338 2776 nominati,
356 2699 487 2759 excusati
493 2697 674 2776 ,substituti,
689 2698 795 2759 ambitu
809 2696 976 2758 remanendi
989 2704 1037 2756 aut
1050 2693 1146 2772 eundi,
1159 2704 1185 2746 tt

136 2794 168 2846 ut
186 2801 329 2864 quemque
344 2791 437 2842 metus
450 2783 499 2843 vel
515 2801 585 2863 spes
601 2783 756 2862 inpulerat.

202 2869 253 2932 20.
274 2867 408 2928 Proxima
422 2867 564 2947 pecuniae
581 2885 664 2936 cura;
682 2876 711 2927 et
725 2874 829 2927 cuncta
844 2865 1040 2927 scrutantibus
1054 2862 1149 2923 iustis·

136 2954 240 3018 simum
258 2954 350 3012 visum
367 2959 412 3011 cst
426 2950 493 3012 inde
514 2952 625 3031 repeti,
645 2951 725 3011 ubi
716 2950 834 3030 ruopiae
855 2957 1030 3010 censuerat.
1061 2946 1151 3007 biset

139 3039 251 3100 viciens
273 3036 387 3096 miliens
410 3037 575 3096 sestertium
597 3033 800 3099 donationibus
814 3032 894 3094 Nero
918 3033 1076 3094 alluderet.
1100 3047 1149 3108 ap-

138 3122 246 3206 pellari
263 3120 419 3199 singulos'
411 3121 494 3180 tussit
501 3120 646 3200 decuma
662 3128 746 3199 parte
760 3117 944 3186 liberalitatis
961 3115 1035 3198 apud
1052 3131 1149 3214 quem

138 3225 198 3288 que
224 3223 325 3267 eorum
346 3205 460 3266 relicta.
495 3214 523 3264 at
550 3205 608 3265 illis
629 3205 679 3265 vix
707 3202 849 3264 decumae
878 3221 967 3283 super
995 3200 1173 3280 portioness

138 3300 240 3369 erant,
260 3290 352 3351 isdem
368 3307 439 3368 erga
454 3289 548 3350 aliena
564 3286 723 3368 sumptibus
745 3286 848 3366 quibus
867 3305 919 3347 sua
937 3284 1149 3364 prodegerant,

139 3393 205 3439 cum
222 3375 413 3476 rapacissimo
429 3375 533 3453 cuique
549 3392 585 3435 ac
604 3372 800 3452 perditissimo
821 3386 880 3429 uon
895 3370 995 3454 agri
974 3376 1022 3426 aut
1035 3366 1150 3461 laeuus,
1195 3409 1197 3418 ,

140 3458 194 3524 sed
220 3460 284 3520 sola
303 3459 491 3520 iustrumenta
513 3457 647 3518 vitiorum
672 3461 830 3516 manerent.
862 3437 1009 3512 exactioni
1033 3446 1152 3521 triginta

782 3653 785 3657 ·
817 3641 838 3680 Ο
