2540 3874
13 209 18 350 l

13 557 15 638 l

171 137 213 200 58
431 147 595 197 conunnn
608 147 726 200 uacuus
740 146 920 196 ausanium
997 167 1008 188 ,

149 310 231 363 stum
247 320 361 363 servum
379 319 463 378 sunm
476 312 630 364 coerceret
645 321 681 362 an
696 303 807 362 inanem
824 299 1020 361 eredulitatem
1034 303 1160 378 tempere

170 389 234 465 ipso
249 403 411 446 vanescere
427 387 549 446 sineret:
573 385 659 446 modo
679 385 747 444 nihil
768 383 976 463 spernendum,
999 383 1084 443 modo
1107 401 1161 444 non

170 469 427 530 omnia'metnenda
443 470 592 546 ambiguus
612 469 731 549 pudoris
754 487 789 530 ac
808 476 900 527 metus
922 465 1081 546 reputabat.
1114 484 1160 545 po-

170 562 277 614 stremo
295 553 343 613 dat
362 555 509 630 negotium
527 552 663 614 Sallustio
680 551 795 630 Crispo.
829 550 878 610 ille
895 569 911 610 e
928 550 1079 612 clientibus
1094 549 1161 610 dnos

170 636 301 716 (quidam
315 636 420 698 milites
435 637 525 698 luisse
540 637 667 714 tradunt)
690 635 790 718 deligit
807 643 895 712 atque
916 634 1067 710 hortatur,
1083 634 1161 694 simn-

136 740 160 782 ιι
170 720 226 780 lata
244 721 422 780 conscicntia
438 720 562 798 adeant,
572 721 694 782 ollerant
711 719 880 798 pecuniam,
906 719 990 778 iidem
1011 727 1096 796 atque
1116 735 1161 800 pe·¹

166 803 259 864 ricula
277 803 484 883 polliceantur..
510 813 707 882 exsequuntur
721 811 752 862 ut
766 803 873 863 iussum
886 811 956 861 erat,
986 800 1050 861 dein
1062 818 1161 879 speon·

168 887 218 948 lati
239 896 355 948 noctem
386 887 601 964 incustoditam,
628 895 753 966 accepta
778 885 882 946 idonea
913 902 1014 962 manu,
1041 883 1161 944 vinctum

169 970 267 1031 clauso
280 988 332 1031 ore
344 972 372 1029 in
382 969 520 1032 Palatium
530 980 656 1032 traxere.
680 971 860 1050 percontanti
872 967 1000 1044 Tiberin,
1015 985 1071 1046 quo
1080 967 1161 1026 modo

167 1053 302 1132 Agrippa
315 1055 409 1114 lactus
424 1063 503 1114 esset
504 1055 716 1133 ,respondisse
735 1054 861 1115 fertur
865 1051 1024 1131 quomodo
1044 1060 1073 1110 tu
1095 1049 1161 1110 (lae-

135 1155 158 1195 ιι
168 1141 238 1197 san'
276 1145 306 1197 ut
323 1136 423 1198 ederet
438 1139 538 1199 socios
555 1137 656 1216 subigi
666 1155 724 1196 non
739 1138 861 1214 potnit.
853 1154 935 1196 nec
948 1134 1082 1196 Tiberius
1092 1151 1160 1213 poe·

167 1221 309 1282 nam-eius
324 1220 419 1299 palam
433 1238 536 1298 ansus,
560 1223 589 1280 in
606 1230 721 1282 secreta
736 1220 837 1281 Palatii
852 1228 934 1299 parte
950 1217 1094 1278 interfici
1086 1219 1163 1278 iussit

169 1317 333 1402 corpusque
349 1303 422 1366 clam
438 1305 554 1365 auferri.
561 1302 565 1307 ”
584 1313 612 1364 ct
634 1322 804 1384 quamquain
821 1303 901 1364 multi
917 1321 933 1362 e
954 1302 1039 1364 domo
1062 1301 1162 1380 princi·

167 1387 213 1466 pis
228 1388 398 1466 equitesque
414 1406 450 1448 ac
467 1397 619 1449 senatores
635 1397 815 1449 sustentasse
831 1385 953 1466 opibus,
969 1387 1076 1445 iuvisse
1097 1403 1160 1444 con·

167 1471 239 1530 siliis
254 1471 429 1549 dicerentur,
446 1471 520 1534 haud
536 1474 734 1551 quaesitum.

227 1557 279 1616 41.
304 1553 375 1615 Fine
390 1557 455 1616 anni
476 1573 561 1616 arcus
582 1565 705 1635 propter
725 1553 826 1616 nedem
847 1552 961 1613 Saturni
985 1509 1022 1613 ob
1046 1562 1163 1632 recepta

166 1638 250 1714 signa
267 1657 330 1698 cum
346 1639 425 1698 Varo
441 1639 544 1699 amissa
561 1638 646 1699 ductu
662 1639 834 1714 Germanici,
849 1636 988 1715 auspiciis
1000 1635 1116 1714 Tiberii,
1136 1646 1164 1696 et

167 1721 256 1781 aedes
271 1719 367 1780 Fortis
381 1720 527 1782 Fortunae
544 1722 692 1784 Tiberim
683 1731 762 1783 auxta
776 1723 804 1782 in
827 1718 936 1796 hortis,
958 1737 1033 1800 *quos
1057 1718 1160 1781 Caesar

166 1804 289 1864 dictator
312 1804 422 1883 populo
442 1805 572 1866 Romano
595 1806 760 1882 legaverat,
788 1805 944 1865 sacrarium
970 1805 1050 1880 genti
1075 1802 1163 1864 lullae

141 1905 152 1940 ι
166 1886 338 1964 effigiesque
355 1886 422 1948 divo
438 1887 572 1966 Augusto
588 1888 663 1966 apud
676 1888 805 1950 Bovillas
821 1888 959 1948 dicantur

230 1969 263 2028 G.
294 1968 396 2031 (laelio
429 1969 459 2030 h
474 1971 634 2050 Pomponio
658 1972 824 2033 consulibus
849 1971 1034 2032 Germanicus
1057 1970 1166 2032 Caesar

164 2071 190 2112 a.
209 2052 236 2112 d.
255 2051 320 2113 Vll
334 2053 397 2113 llal.
413 2053 507 2116 lunias
523 2055 705 2135 triumphavit
720 2055 756 2116 de
774 2053 930 2116 Cheruscis
948 2045 1115 2134 Chattisque
1137 2066 1167 2115 et

163 2135 345 2212 Angrivariis
368 2155 499 2217 quaeque
522 2139 596 2200 aliae
616 2141 748 2200 nationes
768 2156 860 2238 usqne
881 2139 917 2200 ad
937 2137 1034 2198 Albim
1056 2139 1165 2199 colunt.

165 2229 249 2279 vecta
265 2220 372 2299 spolia,
390 2223 507 2301 captivi,
525 2223 677 2283 simulacra
693 2209 837 2297 mbntium,
853 2223 1014 2300 fluminum,
1038 2222 1166 2301 proelio-

129 2317 239 2372 rornm3
255 2303 432 2382 bellumque,
449 2307 515 2383 qnia
531 2307 677 2366 conticere
694 2305 862 2406 prohibitas
870 2316 941 2382 erat,
959 2323 1012 2385 pro
1026 2305 1166 2365 conlecto

162 2387 368 2464 accipiebatur.
398 2387 524 2464 augebat
541 2389 707 2448 intuentium
722 2391 801 2450 visos
815 2391 918 2449 eximia
933 2389 1024 2468 ipsius
1045 2389 1167 2466 species

134 2482 137 2486 ’
163 2487 320 2549 currusque
338 2471 463 2549 quinque
477 2471 578 2531 liberis
597 2482 724 2532 onustus.
755 2473 807 2532 scd
829 2472 946 2534 suberat
968 2469 1080 2533 occulta
1101 2468 1164 2530 lor-

101 2567 104 2572 ·
161 2550 237 2612 mido
253 2553 452 2632 reputantibus
466 2552 542 2615 haud
557 2573 730 2634 prosperum
746 2558 774 2616 in
789 2555 883 2616 Druso
894 2564 995 2636 patre
1004 2555 1064 2616 eins
1080 2553 1166 2614 lavo·

161 2653 223 2695 rem
237 2636 326 2714 vulgi,
342 2638 512 2698 avunculum
528 2637 655 2706 eiusdem
669 2639 837 2700 Marcellum
857 2639 1045 2716 llagrantihns
1067 2637 1170 2717 plebis

127 2716 262 2779 rostndiis
281 2721 354 2780 intra
377 2720 520 2782 iuuentam
541 2727 686 2802 ereptum,
709 2723 816 2784 breves
837 2734 867 2784 et
892 2723 1034 2784 infaustos
1062 2723 1169 2802 populi

160 2802 283 2864 Romani
299 2821 422 2864 amores.

220 2885 272 2947 42
295 2884 430 2948 Ceterum
451 2887 585 2949 'liberius
603 2890 719 2950 nomine
740 2888 899 2951 Germanici
921 2898 1059 2950 trecenos
1081 2889 1170 2968 plebi

158 2969 311 3030 sestertios
327 2971 431 3030 uiritim
446 2970 525 3031 dedit
540 2989 633 3050 seque
650 2972 796 3050 collegam
813 2973 973 3034 consulatui
989 2975 1051 3034 eius
1073 2972 1171 3034 desti·

157 3053 244 3112 navit.
275 3068 331 3112 nec
351 3053 418 3114 ideo
441 3056 573 3115 sincerae
595 3057 721 3144 qaritatis
752 3055 836 3126 iidem
868 3055 1023 3117 adsecutus
1049 3056 1173 3118 amoliri

157 3136 289 3196 iuvenem
320 3138 423 3214 specie
444 3136 565 3197 honoris
588 3119 683 3200 statuit
705 3141 864 3238 struxitque
887 3157 990 3200 causas
1014 3129 1060 3199 aut
1081 3141 1172 3200 forie

133 3218 270 3278 soblatas
299 3221 427 3298 arripuit
468 3238 522 3280 rex
549 3220 713 3282 Archelaus
742 3224 1027 3303 quinquagensimum
1058 3241 1173 3284 annum
1256 3281 1257 3284 ,

157 3299 343 3378 Cappadocia
375 3303 588 3383 potiebatur,
579 3307 696 3366 invisus
712 3305 845 3383 Tiberio,
872 3304 949 3385 quod
976 3325 1039 3367 enm
1064 3305 1173 3367 Rhodi

156 3392 289 3460 agentem
308 3384 387 3447 nullo
407 3386 505 3446 officio
520 3389 668 3450 coluisset.
700 3407 755 3450 nec
769 3390 797 3450 id
813 3388 975 3450 Archelaus
993 3409 1046 3470 per
1057 3407 1175 3468 super
