2568 3870
168 167 227 230 loo
388 177 553 226 conmnun
568 176 687 225 unornu
702 173 945 224 ursnonrsnurs

164 343 210 394 tes
226 332 398 393 Vitellianas
414 331 535 392 Othonis
556 349 673 410 quoqne
692 330 773 391 bello
794 330 1004 398 eredebantun
1027 349 1096 390 naor
1109 339 1167 392 ter·
1254 336 1258 350 '

163 417 382 477 tiadeeumaoos
398 415 434 475 ad
450 415 638 475 extruendum
654 414 892 493 amphitheatrum
907 414 1042 492 relictos,
1058 423 1089 474 ut
1103 423 1169 476 sunt

166 501 306 580 proeaeia
323 499 450 559 urbanae
467 498 561 578 plebia
579 499 712 575 ingenia,
734 498 931 576 petulantibus
944 493 1168 575 iorgiis'iulnse·

131 592 238 651 rurant.
274 583 353 644 auxit
367 581 502 642 invidiam
518 581 624 642 editum
641 582 703 642 illio
719 599 736 642 a
753 580 880 643 Caenina
894 581 1086 658 gladiatorum
1101 599 1169 660 spe·

166 667 324 743 emeulurn,
347 666 507 744 eademqne
528 684 629 727 rursus
651 665 721 725 belli
747 665 850 742 sedes,
874 674 903 726 et
920 665 1042 744 praebiti
1060 667 1088 724 iu
1102 666 1170 726 aeie

164 751 331 813 Vitellianis
354 749 429 826 eibi,
452 767 558 810 eaesae
580 748 721 828 quaedam
741 750 866 810 feminae
881 748 975 809 studio
993 751 1114 827 partium
1133 747 1169 807 ad

166 835 310 914 proelium
326 850 519 912 progressae;
534 841 649 911 tempus
665 849 782 911 qnoque
797 840 942 892 mercatus
957 831 1045 892 ditem
1059 830 1170 910 alioqui

166 918 311 979 ooloniaru
326 919 436 976 maiore
451 933 538 996 opum
553 919 654 995 speeie
666 915 845 994 complebat.
872 917 962 976 oeteri
974 915 1064 975 duoes
1075 916 1103 974 in
1117 916 1169 974 ob-

132 1024 156 1067 ss
167 1019 269 1062 sonro:
285 1000 440 1060 Antonium
455 1000 570 1060 fortuna
585 999 720 1079 lamaqne
734 1001 858 1060 omnium
874 999 967 1060 oculis
979 1007 1169 1078 exposuerat.

165 1086 192 1144 is
213 1083 344 1145 balineas
366 1083 510 1142 abluendo
526 1083 622 1144 eruori
637 1101 767 1164 propere
786 1085 866 1164 petit.
897 1091 1024 1164 excepta
1038 1100 1099 1143 vox
1114 1091 1170 1160 est,

167 1185 231 1227 oum
246 1178 380 1245 teporem
395 1167 549 1244 incusaret,
565 1168 658 1228 statim
675 1168 798 1229 laturum
814 1177 844 1228 nt
858 1167 1087 1228 incalescerent:
1103 1185 1169 1226 rer·

165 1250 224 1312 uile
241 1250 348 1311 dietum
365 1266 478 1310 omnem
495 1250 630 1311 invidiam
644 1251 673 1312 iu
690 1270 755 1313 euru
770 1253 874 1328 vertit,
895 1260 1040 1329 tamquam
1055 1252 1169 1328 signum

166 1334 366 1396 incendendae
384 1332 548 1396 cremonae
563 1335 709 1412 dedisset,
726 1353 802 1414 quae
818 1337 874 1395 ianr
891 1334 1043 1413 flagrabat.

231 1419 282 1482 33.
318 1419 515 1498 Quadraginta
544 1429 717 1481 armatorum
745 1420 823 1481 milia
852 1421 1005 1498 inrupere,
1037 1419 1170 1480 ealonurn

167 1503 346 1583 lixarumque
361 1505 486 1583 amplior
497 1522 631 1565 numerus
647 1512 676 1564 et
691 1505 720 1564 in
735 1502 883 1564 libidinem
895 1521 930 1564 ae
942 1504 1091 1564 saevitiam
1103 1519 1168 1562 eor·

167 1589 290 1666 ruptior.
319 1605 377 1648 non
392 1588 533 1665 dignitas,
550 1606 608 1649 non
625 1597 705 1649 aetas
721 1587 912 1667 protegebat,
929 1603 988 1665 quo
1003 1588 1095 1647 minus
1110 1594 1168 1645 stu·

166 1690 220 1750 pra
237 1671 386 1748 caedibus,
402 1671 509 1732 caedes
523 1673 630 1751 stupris
641 1673 843 1732 miscerentur.
870 1671 1056 1748 grandaevos
1068 1687 1168 1746 senes,

145 1763 273 1817 sexaeta
286 1762 382 1814 aetate
397 1755 533 1832 feminas,
549 1755 624 1815 viles
641 1755 677 1816 ad
695 1755 843 1834 praedam,
861 1755 889 1814 in
906 1754 1057 1817 ludibrium
1072 1753 1168 1815 trabe·

166 1836 250 1896 bant:
275 1836 324 1897 ubi
347 1837 442 1898 adulta
465 1841 549 1915 uirgo
565 1848 613 1900 unt
628 1841 693 1920 quis
708 1839 801 1898 forma
818 1837 1168 1918 oonapionnaiueidisset,
1266 1841 1267 1910 l

167 1921 196 1982 vi
217 1919 405 2000 manibusque
426 1923 597 2000 rapientium
620 1923 752 1983 divolsus
773 1924 856 2001 ipsos
874 1933 1022 2001 postremo
1040 1921 1169 2000 direpto·
1264 1925 1266 1964 ἱ

167 2021 217 2063 res
236 2006 264 2063 iu
282 2011 405 2064 mutuam
424 2006 582 2084 perniciem
600 2006 717 2084 agebat.
757 2006 822 2066 dum
838 2007 989 2086 paeoniam
1003 2006 1051 2066 vel
1066 2006 1167 2082 gravia

168 2105 241 2148 auro
262 2087 435 2166 templorum
459 2089 534 2152 dona
555 2089 609 2151 sibi
627 2093 750 2170 quisque
765 2089 895 2166 trabunt,
922 2091 1032 2150 maiore
1047 2089 1169 2149 aliorum
1265 2117 1266 2178 q

134 2173 197 2235 rori
212 2171 427 2234 truncabantur.
451 2174 564 2252 quidam
579 2173 665 2235 obvia
683 2175 842 2253 aspernati,
859 2172 1031 2234 verberibus
1043 2182 1169 2232 tormen·

168 2256 262 2334 tisque
281 2255 459 2316 dominorum
477 2256 573 2318 abdita
596 2259 733 2333 serutari,
756 2256 875 2318 defossa
894 2274 1014 2319 eruere:
1036 2257 1119 2316 laees
1140 2258 1170 2316 in
1265 2295 1266 2316 i

167 2339 314 2416 manibus,
332 2359 419 2419 quas,
438 2341 485 2400 ubl
501 2340 639 2421 praedam
656 2349 840 2419 egesserant,
854 2342 883 2400 in
898 2357 1007 2401 vaeuas
1022 2341 1126 2401 domos
1141 2348 1171 2400 et

167 2421 263 2482 inania
280 2424 387 2502 templa
402 2442 457 2502 per
472 2423 622 2484 lasciuiam
636 2423 849 2494 iaculabantur;
867 2432 955 2504 utque
972 2426 1103 2486 exercitu
1119 2441 1169 2482 va-

167 2505 212 2564 rio
235 2504 341 2583 linguis
361 2506 507 2584 moribus,
531 2508 577 2568 oui
596 2511 678 2568 eires
694 2509 767 2568 soeii
783 2509 895 2568 externi
912 2509 1105 2584 interessent,
1128 2507 1169 2566 di·
1264 2577 1265 2580 Ἴ

134 2605 159 2648 re
169 2605 274 2649 versae
292 2590 441 2669 cupidines
457 2601 486 2652 et
503 2591 580 2653 alind
595 2593 700 2671 cuique
717 2591 762 2652 ias
776 2609 833 2652 neo
850 2593 1004 2670 quiequam
1020 2591 1168 2651 inlicitum.

169 2689 222 2749 per
243 2671 430 2749 quadriduum
447 2673 591 2735 Cremona
613 2676 736 2735 sulieeit.
774 2692 838 2734 oum
858 2675 951 2735 omnia
973 2690 1056 2734 saera
1070 2673 1168 2751 prola·

167 2769 263 2831 naqne
280 2753 616 2832 inignemeousiderent,
629 2756 723 2819 solnm
733 2757 839 2818 llelitis
855 2757 994 2837 templum
1007 2757 1088 2816 stetit
1102 2766 1169 2816 aute

168 2837 299 2913 moenia,
315 2837 383 2897 loeo
400 2856 453 2899 seu
466 2840 581 2900 numine
596 2840 757 2900 defensum.

232 2920 283 2980 34.
303 2919 359 2981 llio
379 2924 475 2983 exitus
497 2923 661 2985 Cremonae
682 2941 756 2984 anno
772 2923 970 2984 ducentesimo
986 2922 1167 2999 octogesimo

170 3012 254 3064 sexto
276 3021 293 3063 a
314 3004 471 3084 primordio
494 3007 547 3067 sni.
583 3007 698 3067 condita
717 3016 780 3067 erat
795 3007 840 3071 Ti.
856 3008 1031 3087 Sempronio
1048 3007 1079 3068 Ρ.
1095 3003 1169 3066 Gor-

169 3087 246 3149 nolio
263 3088 440 3168 oonsulibus,
458 3092 611 3169 ingruente
625 3095 653 3150 in
667 3088 779 3150 ltaliam
793 3090 948 3168 Annibale,
963 3107 1168 3170 propugnaen·

168 3172 226 3232 lum
246 3171 389 3234 adversus
407 3172 508 3236 Gallos
529 3183 609 3234 trans
626 3173 732 3235 Padum
755 3185 878 3253 agentes
893 3184 924 3236 et
941 3177 964 3235 si
981 3192 1037 3254 qua
1053 3173 1110 3234 alia
1124 3174 1169 3234 vis

146 3272 226 3332 sper
238 3255 334 3334 Alpes
355 3267 462 3317 rueret.
499 3259 588 3336 igitur
604 3275 723 3318 numero
741 3259 928 3334 eolonorunn,
952 3259 1169 3338 opportunitate

171 3337 331 3414 llnmianm,
357 3339 445 3400 ubere
460 3344 540 3419 agri,
564 3340 677 3402 adnexu
692 3342 882 3422 conubiisque
896 3343 1025 3421 gentium
1040 3340 1171 3402 adoleuit

171 3417 340 3498 floruitque,
356 3422 442 3483 bellis
458 3424 586 3484 externis
600 3426 718 3502 intaeta,
736 3427 870 3487 nivalibus
884 3425 994 3487 inlelix.
1025 3424 1171 3486 Antonius
