2546 3872
200 183 244 246 20
425 191 592 242 conanum
609 183 987 238 racrnrursrortrnenn

170 353 352 415 roconscium
371 349 492 411 Othonis
508 345 665 421 credebat,
688 344 724 406 ad
745 351 925 422 postremum
942 340 991 401 rel
1006 341 1085 402 odio.
1115 341 1214 404 haesi·

201 438 339 496 tationem
355 433 449 495 attulit
463 440 577 510 ternpus
592 448 628 490 ao
641 429 744 504 locus,
761 427 828 505 quia
843 427 925 486 intio
942 425 1042 486 caedis
1057 434 1123 488 orto
1136 426 1214 486 dilli-

204 520 269 580 cilis
287 518 404 588 modas;
432 523 462 576 et
482 515 639 576 turbavere
661 511 814 573 consilium
828 509 937 589 trepidi
951 510 1041 569 nuntii
1059 527 1095 572 ac
1112 511 1215 588 proni-

112 609 115 617 '
202 620 314 664 morum
328 601 462 680 diffugia,
486 597 691 678 languentibus
711 596 836 657 omnium
859 593 961 654 studiis
984 594 1031 672 gni
1044 594 1138 671 primo
1156 594 1215 653 ala·

204 705 270 749 ores
286 686 372 747 iidem
388 695 475 764 atqne
489 685 611 745 animum
627 688 854 742 ostentaverant.

265 773 318 832 40.
342 770 494 848 Agebatur
517 769 574 828 hue
594 766 663 826 illuc
685 763 793 840 Galba,
819 763 903 822 vario
922 761 1026 822 turbae
1047 761 1217 824 llnaeaantis

202 855 334 936 inpulsu,
354 853 509 933 completis
527 852 654 928 undique
669 848 798 916 basilicis
814 865 849 910 ac
864 845 996 926 templis,
1011 845 1129 924 lugubri
1145 865 1216 925 pro·

202 948 317 1018 speetu.
349 955 444 1018 neque
461 936 563 1015 populi
580 944 628 995 aut
641 932 737 1013 plebis
750 932 811 994 ulla
824 949 901 1010 vox,
921 929 974 990 sed
989 931 1102 991 attoniti
1116 931 1216 992 voltus

203 1032 233 1083 et
249 1039 411 1082 conversae
427 1019 572 1080 adomnia
589 1037 686 1096 auree,
705 1035 763 1079 non
777 1018 922 1096 tumultus,
938 1035 996 1078 non
1012 1019 1107 1098 quies,
1120 1020 1216 1099 prate

180 1107 299 1184 emagni
313 1116 407 1165 metus
427 1113 457 1163 et
470 1121 592 1181 magnae
607 1104 668 1163 irae
685 1102 830 1163 silentiam
845 1112 899 1166 est.
932 1102 1038 1163 Othoni
1058 1112 1156 1164 tamen
1173 1124 1214 1164 ar·

201 1190 275 1252 mari
296 1189 413 1268 plebem
436 1186 634 1249 nuntiabatur:
656 1189 699 1246 ire
721 1189 899 1267 praecipites
920 1196 949 1246 et
970 1202 1121 1266 occupare
1137 1192 1213 1268 peri·

203 1273 271 1336 ceula
294 1272 382 1334 iubet.
411 1273 499 1350 igitur
520 1273 626 1333 milite-s
640 1271 782 1349 Romani,
794 1275 883 1350 'quasi
895 1270 1078 1348 Vologesum
1098 1282 1147 1332 aut
1160 1273 1208 1332 Pa·

208 1375 304 1418 aarum
320 1359 397 1418 avito
409 1356 614 1418 Arsacidarum
627 1355 702 1416 solio
719 1355 869 1433 depulsuri
883 1373 918 1415 ac
933 1371 991 1414 non
1004 1355 1206 1434 imperatorem

206 1459 286 1502 suurn
304 1443 442 1502 inermem
459 1450 489 1502 et
501 1459 605 1502 senem
620 1439 766 1501 trucidare
781 1447 956 1520 pergerent,
972 1433 1096 1499 disiecta
1112 1440 1209 1518 plebe,

170 1557 196 1599 ,ο
204 1527 377 1608 proculcato
397 1536 515 1604 senatu,
538 1536 636 1587 truces
652 1527 754 1602 armis,
777 1522 870 1603 rapidi
894 1525 977 1602 equis
999 1522 1094 1582 iorum
1111 1525 1199 1582 inrum

206 1620 285 1692 punt.
315 1629 371 1670 nec
385 1612 453 1670 illos
465 1609 603 1690 Oapitolii
616 1611 773 1690 adspectus
786 1617 816 1668 et
830 1609 1023 1668 inminentium
1037 1607 1213 1686 templorum

204 1697 312 1774 religio
328 1705 357 1754 et
374 1696 490 1773 priores
507 1704 536 1755 et
553 1695 640 1755 intnri
661 1695 810 1772 principes
831 1702 963 1753 terruere
984 1708 1042 1771 qno
1063 1692 1158 1751 minus
1174 1693 1212 1752 la-

206 1788 308 1840 cerent
324 1779 440 1855 scelus,
459 1779 540 1838 cuius
556 1780 633 1839 ultor
649 1787 695 1838 est
710 1779 841 1856 quisquis
855 1777 1009 1838 successit.

269 1865 321 1922 41.
342 1863 415 1923 Viso
432 1864 589 1923 comminus
609 1873 781 1923 armatorum
802 1863 916 1940 agmine
933 1859 1104 1921 vexillarius
1128 1862 1213 1920 comi-

206 1955 284 2007 tatae
300 1944 420 2008 Galbam
441 1947 572 2007 cohortis
594 1946 730 2025 (Atilium
745 1946 947 2024 Vergilionem
968 1943 1060 2005 luisse
1081 1944 1212 2023 tradunt)

206 2031 356 2108 dereptam
371 2027 480 2092 Galbae
496 2031 651 2108 imaginem
667 2031 734 2090 solo
749 2029 873 2091 adilixit:
898 2047 935 2090 eo
956 2029 1042 2106 signo
1062 2029 1215 2088 manifesta

206 2117 234 2174 in
259 2113 401 2174 Othonem
423 2117 546 2175 omnium
570 2115 687 2175 militum
715 2114 824 2190 studia,
854 2113 1001 2174 desertum
1023 2112 1093 2190 iuga
1113 2113 1214 2193 populi

185 2199 319 2273 tiorum,
344 2198 481 2259 destricta
507 2199 648 2259 adversus
670 2197 832 2259 dubitantes
856 2198 925 2258 tela.
956 2197 1035 2257 iuxta
1058 2195 1150 2256 Onrtii
1175 2197 1212 2256 la·

131 2343 134 2350 ,
207 2297 271 2342 cnm
287 2281 481 2360 trepidatione
503 2284 656 2342 ferentium
677 2281 768 2344 Galba
793 2285 943 2362 proiectus
961 2299 980 2340 e
1002 2279 1077 2340 sella
1094 2299 1129 2340 ao
1147 2299 1212 2360 pro-

206 2365 321 2426 volutus
338 2374 392 2425 est.
423 2375 581 2427 extremam
597 2370 795 2442 emoverem,
817 2375 848 2426 nt
864 2368 968 2446 cuique
991 2363 1086 2424 odiam
1101 2373 1152 2424 aut
1167 2364 1212 2424 ad·

206 2449 319 2509 miratio
343 2449 411 2524 init,
438 2452 519 2510 varie
543 2448 711 2529 prodidere.
742 2451 790 2510 alii
815 2448 988 2529 suppliciter
1012 2449 1212 2527 interrogasse

206 2531 348 2611 quidmali
363 2533 540 2608 meruisset,
557 2541 587 2592 et
601 2549 710 2611 paucos
729 2531 791 2593 dies
808 2531 990 2593 exsolvendo
1007 2531 1144 2593 donativo
1166 2533 1212 2592 de·

171 2633 198 2675 ao
207 2623 373 2697 precatum:
391 2615 492 2693 plures
504 2615 646 2676 obtulisse
658 2615 735 2676 ultro
748 2615 972 2694 percussoribus
984 2617 1128 2694 iugulum:
1144 2635 1212 2694 age·

158 2712 160 2720 ’
206 2707 271 2759 rent
288 2716 323 2758 ac
344 2698 482 2775 ferirent,
507 2700 531 2758 si
552 2701 591 2760 ita
607 2699 804 2777 erepublica
825 2699 984 2760 videretur.
1012 2717 1070 2760 non
1085 2701 1214 2760 interluit

87 2831 92 2838 .
205 2781 400 2844 occidentium
424 2783 492 2861 quid
513 2783 634 2843 diceret.
663 2783 699 2844 de
724 2800 901 2862 percussore
923 2786 1065 2844 nonsatis
1083 2794 1212 2845 constat:

207 2865 321 2946 quidam
343 2864 509 2926 Terentium
530 2875 697 2945 evocatum,
724 2867 772 2927 alii
786 2866 954 2936 heoaninm;
985 2868 1119 2929 crebrior
1139 2869 1213 2929 larua

205 2948 321 3010 tradidit
337 2947 499 3011 Camurium
515 2953 630 3030 quintae
648 2951 788 3012 decumae
807 2953 930 3030 legionis
943 2952 1062 3012 militem
1077 2953 1212 3032 inpresso

173 3033 305 3112 oglerio
330 3033 455 3110 iugulum
479 3036 542 3095 eius
559 3035 702 3096 hausisse.
733 3037 824 3096 ceteri
840 3053 923 3096 crura
939 3035 1117 3115 brachiaque
1135 3039 1210 3116 (narn

205 3126 312 3197 peetus
326 3115 499 3197 tegebatur)
514 3119 603 3180 loede
618 3111 783 3188 laniatore:
806 3119 946 3200 pleraque
960 3120 1083 3179 volnera
1097 3120 1211 3179 feritate

206 3210 238 3261 et
251 3201 373 3262 saevitia
388 3211 490 3262 trunco
506 3205 561 3262 iam
578 3204 696 3281 corpori
713 3203 836 3264 adiecta.

269 3283 325 3344 42-
343 3283 437 3344 'litum
452 3286 519 3346 inde
534 3287 648 3348 Vinium
667 3289 818 3365 invasere,
842 3287 879 3348 de
893 3305 951 3367 quo
967 3297 996 3348 et
1010 3288 1077 3368 ipso
1095 3286 1211 3363 ambigi-

206 3377 268 3444 tur,
286 3370 538 3446 consumpseritne
554 3387 659 3429 vooem
675 3372 737 3430 eins
752 3371 860 3432 instans
874 3380 983 3448 metus,
1000 3389 1034 3432 an
1049 3372 1210 3451 proclama-

207 3450 283 3507 verit
301 3465 359 3508 non
383 3469 451 3510 esse
473 3451 508 3512 ab
532 3451 647 3513 Othone
669 3453 829 3514 mandatum
852 3464 882 3515 ut
905 3454 1101 3516 occideretur.
1138 3452 1210 3535 guod
