2570 3878
175 187 234 250 196
436 191 924 246 connnnrrnncrrrsnnaurnrr

234 354 285 416 38.
308 353 389 416 'luno
411 355 530 433 primunr
551 349 694 410 fortunam
713 364 792 408 snum
813 349 987 428 introspexit
1008 350 1173 430 ferrumque

172 440 303 517 accepit,
323 438 402 520 quod
427 437 532 498 irnstra
552 433 652 512 iugulo
672 440 720 495 aut
740 432 854 511 peotni
876 450 929 511 par
952 433 1174 513 trepidationem

172 515 330 584 'admovens
353 522 412 583 ictu
436 520 539 582 tribuni
560 518 737 596 transigitur.
765 533 872 596 corpus
892 519 975 580 matri
992 533 1173 592 conantum.

173 608 387 684 nuntiatumque
410 603 533 666 (llandio
554 602 682 684 epulanti
704 603 819 682 perisse
837 601 1038 680 Messalinam,
1059 620 1121 664 non
1133 603 1173 664 di·

151 692 278 753 satinoto
293 707 344 751 sno
360 707 395 751 an
410 689 505 751 alienu
519 705 612 748 mann.
645 705 701 748 neo
722 684 774 746 ille
797 686 956 765 quaesivit,
979 689 1174 769 poposcitque

173 774 309 854 poculunn
331 783 363 834 et
383 774 469 835 solita
491 773 626 834 convivio
650 769 820 832 celebrarit.
858 788 895 832 ne
921 772 1031 834 secans
1058 773 1174 852 qudem

172 857 273 918 diebus
293 857 352 919 odii
373 858 485 936 gaudii,
507 858 568 918 irae
584 856 734 929 tristitiae,
757 853 841 914 ullius
856 854 982 935 denique
996 855 1110 917 humani
1125 857 1174 918 ad·

171 941 266 1003 iectus
281 942 365 1019 signa
381 941 474 1021 dedit,
495 959 553 1002 non
569 959 632 1000 enrn
656 939 798 1000 laetantes
813 949 1001 1000 coamatores
1017 942 1174 1020 aspiceret,

171 1041 229 1086 non
250 1043 314 1086 cunr
331 1025 408 1086 flllos
430 1032 604 1086 maerentes.
633 1025 762 1102 iuvitque
783 1021 960 1083 oltlirionern
975 1025 1037 1086 eius
1057 1034 1175 1086 sanans

138 1108 319 1170 recensendo
340 1125 444 1169 nornen
467 1119 496 1170 at
518 1108 635 1186 efligies
657 1106 777 1186 privatis
797 1125 833 1166 aa
848 1106 973 1185 publicis
987 1107 1063 1169 locis
1075 1107 1173 1171 demo·

171 1191 291 1253 vendas.
323 1191 441 1253 decreta
454 1192 595 1253 Narcisso
612 1191 777 1270 quaestoria
791 1191 926 1269 insignia,
941 1191 1118 1254 levissimum
1131 1193 1173 1254 ia·

172 1275 343 1354 stidiooins,
366 1293 430 1336 oum
452 1295 539 1358 snpra
553 1275 712 1338 Pallantem
733 1283 763 1334 at
780 1272 927 1336 callistum
949 1285 1065 1355 ageret,
1087 1276 1174 1348 †ho-

171 1367 254 1420 nesta
260 1359 384 1439 quidem,
396 1359 449 1420 sed
459 1379 498 1423 ex
509 1361 573 1440 quis
581 1360 735 1420 deterrima
743 1367 896 1420 orerentur
906 1360 1041 1438 [tristitiis
1052 1361 1172 1441 multisl.

568 1633 752 1643 ...φψω---ι-κο-
759 1633 778 1642 .-

373 1873 707 1958 CORNELII
738 1873 971 1958 TAOITI

430 2007 483 2116 lu'
498 2048 650 2117 uxonssn
667 2051 741 2118 orn
761 2049 912 2118 iussn

431 2239 437 2249 ’
521 2228 683 2294 LIBER
717 2229 808 2294 XII.

142 2731 381 2794 sannuncurt.
410 2741 470 2808 op.
485 2743 508 2792 1.
521 2741 546 2792 2.
571 2724 691 2793 orionis
703 2744 735 2794 os
747 2744 906 2793 monument
926 2757 983 2793 cum
1000 2743 1096 2794 intense
1109 2745 1173 2796 uers-

203 2813 281 2860 berat.
307 2809 332 2862 3.
351 2810 507 2877 Agrippina,
525 2809 667 2860 Germanici
687 2810 773 2863 fratris
791 2813 847 2863 eius
861 2811 927 2872 fllia,
948 2813 1005 2863 aliia
1017 2813 1132 2878 praelata
1144 2814 1172 2863 L.
1265 2811 1266 2847 l

204 2878 297 2940 Silano,
310 2878 352 2928 cui
363 2878 492 2944 desponsa
502 2877 618 2940 Octavia,
634 2879 841 2941 insidiamini,
857 2882 883 2930 4.
898 2881 1047 2932 administro
1062 2881 1171 2941 Vitellio,

202 2947 290 2998 t-t.
320 2947 393 2998 ouius
409 2946 506 3000 mbae
524 2948 621 2998 induetl
638 2956 741 3003 sanatas
759 2949 920 3015 populusque
940 2950 1041 3016 nuptias
1053 2952 1168 3016 probant.

203 3014 228 3066 8.
252 3014 354 3066 Silanus
368 3022 475 3066 mortem
492 3016 540 3066 sibi
559 3015 700 3068 consciscit.
726 3015 821 3067 Seneca
838 3018 869 3067 ab
888 3018 963 3067 exilio
980 3019 1061 3068 redux
1082 3017 1170 3070 studiis

203 3083 311 3134 Neronis
321 3089 429 3148 praeest,
444 3081 469 3134 9.
483 3085 524 3134 oni
538 3085 711 3150 despondetur
720 3084 829 3135 Octavia.
845 3085 884 3136 10.
898 3085 1081 3153 Parthircgem
1092 3089 1172 3139 Roma

204 3159 292 3217 petunt
304 3149 484 3214 Meherdatem‚
500 3152 540 3203 11.
554 3169 630 3216 quem
641 3154 746 3204 missurn
762 3169 777 3204 a
789 3153 894 3206 Claudio
909 3155 1012 3206 cassius
1024 3157 1051 3205 in
1063 3171 1173 3223 reguum

203 3219 296 3270 ducere
316 3227 430 3270 conatur.
451 3221 549 3272 1213.
569 3221 656 3272 Obstat
672 3221 743 3273 iruus
756 3223 849 3274 Acbari
866 3231 890 3273 at
907 3223 993 3277 lautia.
1025 3226 1066 3275 14.
1083 3226 1172 3276 Victus

204 3281 361 3338 lielrsrdutcs
384 3285 486 3338 (iotam
511 3289 627 3344 uadum.
658 3290 711 3341 Hoo
732 3300 831 3342 mortuo
855 3307 962 3358 regnum
985 3294 1012 3344 in
1028 3293 1172 3355 Vononem,
1262 3277 1263 3302 ³

205 3354 264 3404 dein
276 3355 429 3421 Vologesen
443 3356 602 3410 transfertur.
628 3359 669 3412 15.
690 3359 840 3420 Mithridati,
860 3376 968 3428 regnum
984 3362 1057 3412 Ponti
1072 3363 1171 3430 recipe-

205 3435 260 3470 rare
277 3424 348 3482 ntso,
373 3423 480 3474 Romani
497 3427 617 3476 resistunt
637 3436 661 3476 et
679 3428 755 3493 Cotys
775 3437 799 3496 et
814 3427 940 3480 Eunones.
970 3431 1014 3502 itt..
1024 3431 1092 3500 Uspe
1107 3431 1170 3481 urlte
