2540 3874
405 241 511 292 urana
525 242 572 292 ιν.
596 241 671 290 cue.
687 241 818 294 ιιι-43.
1053 232 1111 292 133

114 395 291 474 sublatisque
305 392 437 454 inanibus
454 407 552 452 veram
564 394 724 472 potentiam
736 387 847 472 augeri.
869 398 955 474 igitur
978 384 1113 476 paulatim

112 480 230 556 negotia
243 479 338 556 urbis,
354 479 454 558 populi
474 478 628 557 adcursus,
650 479 855 541 multitudinem
870 480 1058 541 adfluentium
1070 483 1111 540 in·

114 571 225 641 crepat,
243 561 388 623 extollens
400 561 532 623 laudibus
544 564 669 662 quietem
680 572 709 623 et
721 563 913 641 solitudinem,
933 565 996 644 quis
1007 563 1112 625 abesse

113 646 206 707 taedia
223 655 252 707 et
267 645 447 708 premieres
464 665 498 707 ac
515 649 673 726 praecipua
688 665 783 708 rentum
800 649 922 709 maxime
936 649 1049 726 agitari.

171 730 224 790 42.
250 730 297 791 Ac
317 730 394 790 forte
414 729 511 792 habita
532 748 585 809 per
607 731 674 792 illos
686 731 752 791 dies
767 730 803 790 de
821 733 947 792 Votieno
963 732 1113 808 hloutano,
1128 712 1242 815 Χ

1 865 2 872 ,
112 812 262 875 celebris
253 813 363 892 ingenii
376 815 441 873 uiro
448 815 603 892 ,cognitio
622 815 824 876 cunctantem
815 833 870 876 ram
885 815 1030 876 Tiberium
1047 833 1113 893 per·

1 935 2 943 ι
112 897 184 979 pulit
195 906 225 957 ut
235 896 369 958 vitandos
386 860 520 957 crederet
536 907 647 976 patrum
663 906 764 960 coetus
779 917 944 978 vocesque,
961 916 1035 978 quae
1052 899 1113 976 ple·

1 985 2 1054 g
110 998 231 1059 rumque
249 999 337 1041 uerae
354 989 507 1058 etgraves
524 997 620 1043 coram
635 982 850 1060 ingerebantur.
877 1001 941 1042 uam
966 982 1113 1062 postulato

1 1067 2 1137 ᾖ
109 1066 238 1126 Votieno
254 1064 292 1124 ob
309 1064 498 1124 contumelias
517 1067 545 1124 in
569 1065 724 1126 Gaesarem
740 1066 847 1145 dictas,
868 1069 950 1127 testis
972 1065 1134 1126 Aemiliuss

110 1169 128 1210 e
141 1148 311 1209 militaribus
325 1148 396 1209 uiris
409 1148 474 1209 dum
491 1149 585 1209 studio
601 1148 742 1229 probandi
759 1158 862 1212 cuncta
874 1151 1004 1211 retentet
1016 1168 1111 1229 quam·

110 1251 195 1311 quam
210 1233 284 1292 inter
299 1230 505 1312 obstrepentes
519 1251 623 1309 magna
639 1232 862 1294 adseveratione
878 1236 989 1311 nititur,
1005 1233 1113 1294 audivit

108 1316 243 1378 'liberius
259 1315 366 1396 probra
382 1318 446 1395 quis
464 1334 517 1394 per
531 1316 675 1377 occultum
690 1317 881 1394 lacerabatur,
898 1318 1031 1394 adeoque
1047 1335 1112 1395 pcr-

1 1431 2 1478 ι
110 1401 208 1462 culsus
224 1409 279 1477 est,
293 1409 323 1459 ut
339 1417 372 1459 se
387 1398 436 1460 vel
452 1401 547 1460 statim
561 1400 610 1459 vel
622 1400 651 1460 in
667 1402 834 1478 cognitione
849 1410 1036 1480 purgaturum
1051 1400 1110 1459 cla·

1 1487 3 1562 ,
109 1487 223 1546 unitaret
244 1483 439 1563 precibusque
461 1485 675 1562 proximorum,
691 1482 855 1545 adulatione
876 1485 999 1543 omnium
1020 1501 1148 1560 aegram

1 1567 3 1618 l
110 1576 303 1645 componeret
323 1570 456 1630 ιιιιίιιιιιιιι
484 1576 513 1626 et
534 1568 676 1628 Votienus
698 1567 812 1646 quidem
828 1568 986 1628 maiestatis
1007 1568 1112 1646 poeuis

1 1695 2 1702 ι
109 1653 242 1714 adiectus
260 1661 319 1713 est:
342 1650 452 1713 (iaesar
474 1649 619 1712 obiectam
638 1651 694 1711 sibi
711 1649 860 1712 adversus
865 1669 934 1712 reos
956 1651 1112 1712 inclemen-

1 1805 2 1816 ,
108 1739 176 1799 tiam
200 1753 237 1796 eo
261 1737 444 1815 pervicacius
467 1736 635 1814 amplexus,
664 1735 808 1814 Aquiliam
835 1734 966 1796 adulterii
989 1735 1113 1795 delatam

109 1839 175 1882 cnm
189 1821 279 1881 Vario
294 1819 410 1898 Ligure,
426 1837 597 1899 quamquam
611 1818 748 1880 Lentulus
763 1818 930 1881 Gaetulicus
945 1812 1047 1879 consul
1063 1817 1129 1881 de·.

0 1933 1 1956 1
109 1908 240 1982 signatus
255 1904 325 1980 lege
335 1903 408 1965 lulia
424 1903 597 1980 damnasset,
614 1904 704 1964 exilio
719 1905 829 1983 punivit
843 1903 1036 1984 Apidiumque
1050 1902 1110 1964 lle·
1122 1919 1147 1961 rs

108 1989 212 2064 rulam,
229 1986 330 2068 quud
321 2006 350 2047 ιιι
367 1995 432 2048 actu
447 1986 505 2048 divi
519 1950 645 2065 Aughsti
659 1992 717 2048 noh
731 1989 894 2068 iuraverat,
914 1988 981 2050 albo
996 1997 1111 2048 senato-

107 2073 153 2135 rio
169 2071 268 2133 erasit.

171 2155 224 2218 43.
251 2155 376 2218 Auditae
402 2155 506 2217 dehinc
529 2156 823 2220 Lacedaemoniorum
851 2166 881 2216 et
902 2155 1113 2217 Messeniorum

107 2240 275 2318 legationes
288 2239 325 2301 de
335 2241 398 2302 iure
412 2241 512 2320 templi
521 2240 632 2302 Dianae
645 2241 819 2319 Limnatidis,
835 2241 912 2319 quod
924 2241 982 2300 suis
995 2257 1011 2300 a
1023 2241 1111 2300 maio·

107 2323 189 2387 ribus
209 2341 321 2403 suaque
336 2325 457 2386 interra
475 2325 597 2385 dicatum
617 2323 837 2387 Lacedaemonii
857 2322 1007 2384 firmabant
1026 2340 1111 2384 anna·

107 2410 178 2470 lium
191 2409 329 2468 memoria
346 2417 498 2489 vatumque
514 2409 702 2487 carminibus,
725 2409 779 2470 sed
791 2407 961 2470 blacedcnis
974 2406 1111 2486 Philippi,

109 2511 174 2554 cum
196 2507 254 2571 quo
278 2491 455 2569 bellassent,
483 2495 568 2554 armis
588 2492 750 2573 ademptum
779 2511 815 2554 ac
837 2490 959 2571 posti).
977 2489 1134 2551 Caesaries

109 2586 140 2638 et
160 2575 199 2637 lt
214 2575 332 2636 Antonii
355 2578 497 2636 sententia
519 2577 669 2638 redditum
700 2587 800 2637 contra
824 2576 961 2637 blassenii
982 2582 1112 2635 veterem

107 2662 185 2721 inter
207 2658 342 2719 llercnlis
372 2669 509 2741 posteros
534 2660 704 2723 divisionem
732 2660 929 2740 Peloponnesi
953 2659 1111 2738 protulere,

108 2761 222 2823 suoque
237 2743 302 2822 regi
319 2743 532 2805 Denthaliatem
546 2762 662 2823 agrum,
685 2748 714 2806 iu
735 2761 793 2823 quo
814 2744 844 2804 id
859 2743 1023 2820 delubrum,
1048 2760 1111 2802 ces·

107 2829 201 2898 sissc;
218 2830 448 2907 monimentaque
464 2829 525 2888 cius
539 2831 582 2888 rei
597 2829 710 2909 sculpta
725 2829 804 2888 saxis
818 2835 848 2887 et
862 2845 932 2888 aere
943 2828 1042 2906 prisco
1053 2845 1110 2888 ma·

107 2931 191 2973 nere.
221 2911 297 2991 quod
309 2913 334 2971 si
345 2921 451 2988 ratum,
466 2913 606 2972 annalium
618 2912 654 2973 ad
665 2913 826 2974 testimonia
844 2920 995 2987 vocentur,
1010 2910 1110 2989 plures
1121 2927 1146 2968 ιο

107 2995 166 3057 sibi
188 3014 222 3057 ac
242 2995 454 3075 locupletiores
470 3013 553 3066 esse;
575 3015 670 3074 neque
684 2995 846 3074 Philippum
862 2995 990 3074 potentia
1006 2994 1057 3054 scd
1074 3013 1112 3055 ex

1 3075 2 3078 ’
106 3097 183 3140 vero
198 3079 349 3140 statuisse:
371 3078 446 3140 idem
461 3081 542 3157 regis
561 3077 724 3158 Antigoni,
736 3080 811 3140 idem
824 3079 1008 3158 imperatoris
1021 3077 1110 3139 hlum-

106 3165 159 3225 mii
173 3163 320 3232 indiciumr
337 3164 380 3223 sic
390 3163 520 3224 llilesios
533 3165 674 3243 permisso
687 3163 805 3243 publice
816 3163 945 3242 arbitrio,
960 3171 1110 3242 postremo

106 3248 237 3310 Atidium
252 3245 399 3308 Geminum
413 3256 579 3326 praetorem
594 3246 724 3308 Achaiae
744 3247 924 3308 decrevisse.
952 3246 990 3305 ita
1007 3261 1109 3302 secun-

107 3333 176 3394 dum
190 3329 353 3392 blesseuios
368 3329 532 3392 datumst
548 3331 704 3407 Segestani
723 3331 824 3392 aedem
839 3329 965 3391 Veneris
984 3335 1110 3386 montem
1122 3343 1145 3384 u

108 3414 188 3495 apud
210 3413 350 3491 Erycum,
377 3423 520 3476 vetustate
548 3414 704 3494 dilapsam,
736 3414 892 3476 restaurari
912 3408 1110 3506 postulavere,

108 3508 179 3560 nota
200 3507 394 3560 memorantes
416 3499 452 3559 dc
478 3499 591 3578 origine
606 3499 667 3559 cius
688 3507 716 3558 et
731 3498 804 3558 laeta
822 3494 949 3556 Tiberio.
982 3491 1113 3567 suscepit
