2536 3870
202 172 265 232 tots
432 175 988 226 oouuucrrusorurursuoamuuu

201 341 261 394 tate
276 331 384 392 Vitellii
402 332 511 392 anxius.
540 330 565 390 is
583 329 696 391 crebris
719 330 901 390 sermonibus
920 335 1148 412 temptaveritne
1165 336 1208 396 Pi-

203 435 304 478 sonem
318 416 354 475 ad
368 433 417 475 res
433 433 524 476 novas
539 431 575 474 an
589 414 739 493 temptanti
754 415 903 493 restiterit,
910 416 1062 494 incertum,
1070 421 1207 496 quoniam

176 509 320 569 ssecreto
335 517 434 560 eorurn
449 515 534 558 nemo
550 498 650 574 adluit,
663 506 692 557 et
706 497 805 557 occiso
821 498 927 560 l’isone
943 499 1077 579 plerique
1094 501 1131 560 ad
1141 521 1207 578 gra-

201 586 270 646 tiam
291 582 489 643 interfectoris
512 582 699 642 inclinavere.
732 599 788 640 uec
807 581 959 665 ambigitur
980 585 1166 662 provinciam
1182 597 1207 646 et

200 668 319 729 militem
344 667 470 727 alienato
486 684 558 744 erga
573 665 785 744 Vespasianum
805 667 898 727 auimo
914 666 1020 736 luisse;
1042 676 1072 727 et
1089 669 1205 747 quidam

200 771 218 812 e
232 751 397 813 Vitellianis
413 748 484 810 urbe
499 750 618 827 profugi
632 748 814 810 ostentabant
828 748 927 812 Pisoni
942 751 1206 830 nutantesGallias,

141 831 144 838 ’
200 843 330 915 paratam
353 833 551 910 Germaniam,
568 832 701 912 pericula
717 833 808 911 ipsius
824 834 876 894 et
867 853 896 894 ιιι
913 852 988 914 pace
1003 845 1148 914 suspecto
1166 847 1205 896 tu·

164 920 257 1018 aptius
271 917 388 978 bellum.
417 919 492 978 inter
507 935 581 996 quae
597 915 734 977 claudius
748 917 870 996 Sagitta,
886 918 1055 996 praelectus
1067 919 1135 979 alae
1153 921 1205 980 Pe·

201 992 328 1076 trrauae,
347 1018 492 1080 prospera
514 1002 700 1078 navigatione
722 1004 873 1080 praevenit
895 1000 1040 1079 Papirium
1059 1007 1205 1064 centurio-

200 1103 266 1146 nem
281 1104 298 1145 a
311 1085 444 1145 blociano
459 1085 588 1160 missurn,
603 1083 846 1163 adseveravitque
861 1083 994 1146 mandata
1011 1087 1206 1148 interficiendi

199 1168 313 1230 Pisonis
330 1169 490 1228 centurioni
512 1168 593 1228 data:
627 1167 771 1228 cecidisse
793 1167 975 1229 Galerianum
997 1170 1205 1231 consobrinum

201 1256 263 1313 eius
289 1269 502 1331 generumque;
534 1270 618 1312 unam
638 1254 668 1312 in
689 1250 809 1313 audacia
829 1270 911 1332 spem
929 1252 1051 1330 salutis,
1071 1255 1127 1314 sed
1149 1257 1202 1315 duo

164 1355 190 1396 ιι
199 1338 302 1399 itinera
318 1335 455 1413 audendi,
476 1355 528 1397 seu
551 1336 651 1396 mallet
664 1338 760 1396 stadm
774 1354 867 1415 anua,
890 1355 942 1398 scu
966 1337 1059 1416 petita
1079 1339 1199 1398 navibus

200 1422 292 1485 Gallia
314 1421 416 1483 ducem
438 1439 472 1480 se
493 1420 657 1482 Vitellianis
672 1421 850 1481 exercitibus
872 1419 1053 1498 ostenderet,
1079 1423 1154 1483 nilril
1171 1424 1205 1484 ad

199 1525 233 1567 ea
248 1515 327 1568 moto
339 1504 457 1567 Pisone.
480 1506 610 1566 centurio
633 1522 650 1565 a
669 1505 803 1566 blociano
822 1505 927 1565 missus
949 1513 981 1566 ut
998 1500 1204 1585 portum'llar·

198 1591 322 1669 tlraginis
337 1591 442 1668 attigit,
453 1607 557 1667 magna
570 1606 647 1649 voce
662 1587 739 1648 laeta
750 1587 848 1650 Pisoni
861 1589 956 1648 omina
966 1596 1111 1667 tamquam
1125 1594 1204 1670 priu-
1239 1625 1240 1662 1

199 1675 257 1753 cipi
280 1675 465 1751 continuare,
486 1672 591 1732 obvio's
606 1680 635 1731 et
651 1671 764 1732 subitae
782 1673 826 1732 roi
839 1672 980 1734 miraculo
997 1675 1153 1754 attonitos,
1176 1685 1206 1734 nt
1239 1685 1240 1736 i

164 1757 301 1819 aoeadem
315 1756 534 1835 adstreperent,
552 1755 672 1815 hortari.
704 1755 809 1833 volgus
834 1755 982 1817 credulum
1000 1775 1087 1816 ruere
1107 1760 1137 1816 iu
1161 1760 1204 1818 io·
1239 1805 1240 1832 ι

198 1859 275 1916 rum,
294 1841 488 1920 praesentiam
505 1840 618 1900 Pisonis
634 1857 815 1918 exposcere;
840 1839 947 1917 gaudio
966 1840 1204 1922 clamoribusque

200 1933 302 1986 cuncta
319 1922 488 2001 miscebant,
503 1923 683 2002 indiligentia
697 1924 759 1982 veri
775 1931 804 1982 et
817 1923 948 1984 adulandi
961 1923 1091 1985 libidine.
1123 1924 1203 2003 l’iso,

198 2007 303 2069 indicio
320 2009 450 2086 Sagittae
465 2009 513 2069 vel
529 2009 612 2067 insita
627 2006 786 2083 modestia,
801 2025 859 2067 non
880 2009 907 2067 in
930 2007 1077 2087 publicum
1100 2026 1202 2087 egres-

199 2111 247 2154 sus
263 2102 308 2153 est
325 2109 421 2171 neque
437 2110 469 2151 se
486 2092 587 2152 studiis
605 2091 687 2168 volgi
703 2091 842 2169 permisit.
861 2094 1117 2171 centurionemque
1133 2112 1201 2172 pcr-

162 2187 345 2255 uucontatus,
372 2185 526 2255 postquam
549 2177 708 2254 quaesitum
730 2173 787 2235 sibi
803 2175 912 2234 crimen
928 2175 1106 2254 caedemque
1123 2195 1201 2237 com-

198 2263 282 2341 perit,
298 2259 485 2321 animadverti
499 2261 528 2319 in
544 2277 608 2320 eum
622 2259 714 2334 iussit,
730 2257 805 2318 haud
818 2257 939 2337 perinde
954 2277 1009 2338 spe
1020 2261 1098 2320 vitae
1116 2278 1201 2339 quarn

197 2347 239 2405 ira
253 2346 283 2403 in
296 2361 510 2423 percussorem,
529 2341 607 2421 quod
622 2342 697 2412 idem
712 2359 750 2401 ex
770 2342 1007 2403 interlectoribus
1023 2341 1121 2403 clodii
1140 2345 1200 2406 lila-

199 2429 241 2488 cri
264 2437 398 2489 cruentas
419 2428 509 2504 legati
529 2427 670 2504 sanguine
693 2443 793 2486 manus
812 2425 848 2485 ad
870 2425 990 2486 eaedem
1012 2428 1200 2507 proconsulis

199 2511 367 2573 rettulisset.
398 2511 484 2571 anxio
501 2511 604 2572 deinde
620 2509 715 2570 edicto
732 2508 1021 2586 Karthaginiensibus
1036 2512 1197 2590 increpitis,

163 2615 234 2657 rone
251 2596 336 2656 solita
354 2595 468 2674 quidem
483 2597 576 2656 munia
589 2593 759 2674 usurpabat,
783 2593 898 2654 clausus
916 2595 989 2654 intra
1012 2594 1142 2672 domum,
1163 2613 1198 2653 ne

199 2699 254 2760 qua
269 2689 363 2740 motus
380 2683 448 2740 novi
465 2698 552 2740 causa
567 2679 615 2739 vel
633 2679 709 2738 iorte
727 2686 869 2738 oreretur.

261 2767 311 2828 50.
335 2763 393 2823 Sed
407 2764 455 2824 ubi
470 2764 559 2824 Festo
576 2762 773 2824 consternatio
791 2760 889 2862 uolgi,
899 2761 1077 2822 centurionis
1089 2762 1198 2841 suppli·
1238 2787 1239 2808 2

198 2850 272 2907 oium
296 2865 424 2925 veraque
448 2857 476 2908 et
497 2847 571 2909 lalsa
587 2865 668 2908 more
681 2847 798 2907 lamae
789 2864 818 2904 ιιι
834 2846 925 2905 maius
942 2847 1104 2924 innotuere,
1118 2847 1199 2923 equi·
1238 2881 1239 2894 ι

197 2941 243 2992 tes
255 2933 283 2990 in
298 2949 400 2991 necem
414 2931 527 2991 Pisonis
543 2932 635 2992 mittit.
666 2930 709 2990 illi
724 2931 827 3016 raptim
847 2929 935 3004 vecti,
960 2928 1088 2990 obscuro
1105 2929 1200 2990 adhuc
1238 2929 1239 2932 ’

197 3023 322 3095 coeptae
336 3014 410 3075 lueis
424 3015 538 3075 domurn
548 3013 732 3094 proconsulis
747 3005 908 3092 inrumpunt
920 3013 1067 3074 destrictis
1080 3012 1199 3091 gladiis,

173 3104 226 3162 aet
241 3117 344 3178 magna
365 3117 434 3177 pars
456 3100 601 3160 Pisonis
592 3099 698 3176 ignari,
714 3097 792 3176 quod
809 3097 925 3157 Poenos
949 3097 1104 3160 auxiliares
1118 3097 1199 3158 blau·

196 3199 304 3262 rosque
322 3183 351 3242 in
365 3200 428 3244 eam
446 3182 564 3244 caedem
579 3182 741 3261 delegerat.
771 3180 846 3242 haud
867 3181 971 3260 procul
990 3181 1126 3241 cubiculo
1145 3181 1198 3241 ob-

195 3265 271 3324 vium
289 3267 366 3327 lortc
380 3284 506 3345 servum,
521 3268 651 3346 quisnam
667 3275 697 3326 et
713 3265 762 3325 ubi
775 3274 853 3325 esset
861 3264 939 3342 Piso,
955 3266 1196 3344 interrogavere.

195 3365 298 3407 servus
315 3351 439 3426 egregio
454 3350 605 3411 mendacio
622 3367 655 3408 se
673 3349 808 3409 Pisonem
825 3365 893 3409 esse
911 3349 1064 3427 respoudit
1085 3367 1120 3410 ac
1137 3359 1195 3408 sta·

195 3429 245 3487 tim
265 3429 462 3493 obtruncatur.
497 3451 552 3493 nec
566 3432 655 3492 multo
678 3440 746 3512 post
765 3431 834 3493 Piso
856 3432 1041 3502 interficitur:
1069 3451 1195 3512 namque
