2568 3870
436 193 542 240 amna
556 192 607 241 ιιι.
627 191 702 243 oss.
718 191 840 247 ‹ts—71.
1061 181 1121 244 123

181 351 231 410 70.
252 347 330 407 buce
358 347 449 423 prima
477 345 616 424 Sabinus,
644 355 797 426 anmquam
828 349 977 408 invicem
1004 347 1122 409 hostilia

8 433 9 438 ’
115 439 299 511 coepissent,
314 427 1122 512 Ooruellumdlartialemeprimipilaribusadllitellinm

8 513 9 518 ’
115 515 194 576 misit
210 533 273 574 oum
289 513 430 574 mundatis
447 523 476 574 et
491 523 595 593 questu
617 514 695 593 quod
713 525 799 596 pacta
815 515 1014 578 turbarentur:
1036 517 1121 576 simu·

115 599 253 661 lationem
276 613 398 678 prorsus
421 607 452 658 et
470 597 626 676 imaginem
648 597 814 678 deponendi
835 601 949 680 imperii
974 600 1066 661 inisse
1085 598 1123 661 ad

116 680 311 762 decipiendos
326 687 370 741 iot
383 681 523 743 inlustres
538 683 629 743 viros.
648 701 700 742 cur
715 683 790 743 enim
804 701 823 744 a
838 684 943 744 rostris
954 683 1053 745 framis
1067 682 1118 745 do·
1130 701 1143 739 ι

113 783 205 844 mum,
226 765 413 825 inminentem
431 765 500 825 ioro
519 774 549 824 et
566 765 715 827 inritandis
738 766 883 828 bominmn
906 767 1016 844 ooulls,
1037 783 1122 845 quam

112 849 288 910 Aveadnum
300 856 331 908 et
345 857 469 927 penates
486 849 585 910 moris
600 848 745 928 peierati
768 852 807 911 tta
822 852 935 929 privato
956 859 986 910 et
1008 867 1122 910 omnem

113 934 293 1012 prinoipatus
309 932 443 1010 speciem
458 931 559 992 vitanti
579 935 765 994 convenisse.
799 943 901 995 contra
922 933 1071 994 Vitellium
1093 935 1121 992 in

113 1015 272 1091 Palatium,
290 1015 319 1073 in
333 1015 427 1094 ipsam
442 1017 556 1094 imperii
571 1033 668 1076 arcem
690 1033 873 1094 regressum
896 1017 964 1078 inde
984 1026 1123 1077 armetum
1173 1087 1175 1094 ,

115 1114 220 1177 agmen
234 1098 386 1177 emissum,
402 1107 519 1160 amatam
534 1101 728 1160 innocentium
743 1099 882 1162 caedibus
899 1098 1120 1161 celebermam
1131 1122 1156 1164 ro

114 1181 195 1242 urbis
209 1191 339 1262 partem,
354 1200 392 1242 ne
406 1180 553 1263 capitolio
570 1183 683 1263 quidem
699 1183 849 1246 abstineri.
875 1193 1005 1263 togatum
1015 1201 1121 1262 nempe

113 1284 149 1328 se
164 1273 194 1326 et
210 1283 295 1325 unum
311 1283 328 1326 e
347 1267 550 1344 senatoribus,
570 1267 635 1328 dum
658 1269 732 1328 inter
747 1269 959 1348 Vespasianum
975 1285 1012 1328 ac
1027 1266 1120 1327 Vitel-

115 1351 184 1411 lium
205 1349 328 1428 proeliis
345 1350 516 1428 legionum,
540 1350 754 1431 captivitatibus
775 1351 903 1428 urbium,
928 1349 1121 1412 deditionibus

115 1432 278 1495 cohortium
295 1433 454 1514 indicatum,
472 1434 685 1514 iamdllspaniis
696 1434 917 1513 Germaniisque
932 1442 963 1494 et
974 1432 1121 1493 britannia

70 1595 73 1600 .
115 1516 366 1596 desciscentibus,
385 1517 695 1599 stamma-Vespasiani
714 1520 857 1579 mansisse
878 1519 908 1577 in
926 1517 999 1592 dds,
1024 1515 1119 1576 donec
1130 1530 1157 1572 ιι

113 1601 192 1662 ultro
210 1600 451 1663 advcondioiones
465 1613 631 1664 uocaretur.
664 1608 769 1682 paceni
786 1612 818 1662 et
833 1601 1020 1662 concordiem
1034 1599 1121 1659 vietis

115 1685 211 1762 utilia,
229 1685 390 1747 ricton-rbus
406 1694 513 1749 tantum
526 1686 647 1766 pulchra
665 1703 742 1748 esee.
772 1684 1120 1763 siccarentionispaeni·

8 1816 11 1824 .
114 1776 186 1846 teat,
198 1785 256 1829 non
265 1787 408 1850 se,·quem
417 1771 541 1848 perfidia
554 1769 718 1852 deceperit,
732 1771 951 1847 ierropeteret,
964 1787 1022 1828 non
1034 1767 1121 1828 lilium

113 1854 291 1933 Vespasiani
306 1855 357 1915 rix
373 1853 513 1933 puberem
527 1889 570 1902 —-
582 1864 716 1935 quantum
733 1856 841 1915 occisis
855 1870 914 1914 uno
930 1870 1002 1913 sene
1020 1861 1050 1912 et
1061 1867 1120 1910 nno

113 1942 220 2000 invene
237 1935 363 2017 prolicil
377 1960 436 2000 -ε
458 1941 515 2000 iret
537 1939 653 2000 obviam
669 1938 838 2018 legionibus
853 1937 936 1998 etde
952 1953 1060 1998 summa
1074 1951 1121 1994 re·
1130 1950 1157 1991 ro

113 2039 178 2082 rum
193 2021 255 2082 illic
271 2030 415 2085 certaret:
433 2033 532 2084 cetera
547 2023 705 2086 secundum
717 2031 850 2084 eventum
864 2021 971 2101 proelii
989 2035 1119 2080 cessura.

115 2104 246 2184 trepidus
260 2105 297 2164 ad
321 2105 395 2166 baec
410 2106 547 2167 Vitellius
561 2124 654 2187 pauca
668 2106 811 2188 purgandi
829 2107 872 2166 sui
890 2123 977 2166 caasa
997 2118 1120 2182 respon·

115 2189 169 2266 dit,
189 2188 302 2268 culpam
316 2191 345 2249 in
363 2188 482 2248 militem
494 2189 668 2267 conterens,
686 2191 767 2250 cuius
781 2191 869 2250 nimio
880 2188 979 2249 ardori
991 2189 1122 2266 inparem

14 2273 29 2284 ”
116 2291 185 2334 esse
199 2272 369 2333 modestiam
386 2291 479 2341 suam;
498 2281 529 2333 et
542 2272 652 2332 monuit
665 2270 845 2348 Martialem,
861 2282 891 2332 ut
908 2291 962 2351 per
979 2277 1123 2330 secretam

115 2357 229 2418 aedium
249 2366 361 2437 partem
383 2356 500 2417 occulte
522 2355 631 2433 abiret,
656 2373 698 2415 ne
725 2371 747 2415 a
771 2354 907 2415 militibus
931 2353 1122 2413 internuntius
1131 2373 1158 2414 nc

4 2455 5 2502 ἲ
115 2441 228 2502 invisae
245 2442 328 2520 pacis
340 2441 567 2502 interdiceretur:
582 2440 648 2518 ipse
661 2456 756 2517 neque
767 2437 884 2499 iubendi
896 2454 993 2517 neque
1005 2433 1122 2496 vetandi

4 2537 5 2540 ’
117 2533 238 2605 potens,
253 2541 311 2584 non
325 2526 380 2585 iam
396 2525 555 2604 imperator
570 2522 623 2583 sed
637 2531 746 2582 tantum
762 2522 833 2583 beili
848 2538 936 2592 causa
952 2529 1024 2580 erat.

181 2609 231 2670 71.
253 2608 377 2669 Vixdum
394 2625 535 2686 regresso
551 2609 580 2669 in
592 2604 765 2686 Capitolium
775 2605 1024 2667 llartialeiurens
1039 2601 1123 2662 miles

116 2693 232 2769 aderat,
247 2691 327 2753 nullo
343 2692 434 2768 duce,
449 2691 504 2752 sibi
518 2691 641 2772 quisque
657 2699 769 2752 auctor.
788 2691 845 2750 cito
858 2691 973 2767 agmine
984 2687 1079 2748 lorum
1094 2693 1124 2744 et

115 2777 282 2838 inminentia
302 2777 369 2838 ioro
389 2776 497 2855 templa
523 2775 722 2856 praetervecti
747 2777 863 2852 erigunt
882 2774 974 2834 aciem
997 2789 1050 2850 per
1074 2768 1122 2829 ad·

116 2879 235 2921 versum
248 2860 356 2922 collem
368 2879 461 2940 usque
478 2859 514 2920 ed
524 2860 633 2938 primas
645 2857 831 2937 Capitolinae
842 2858 919 2917 arcis
931 2856 1023 2916 iores.
1041 2861 1124 2913 eraut

117 2945 271 3012 antiquitus
292 2944 423 3025 porticus
449 2945 478 3003 in
503 2942 598 3004 latere
622 2943 689 3002 clivi
713 2941 835 3003 dextrae
859 2939 1066 3014 subeuntibus,
1093 2937 1149 2998 ins

119 3044 237 3105 quarum
260 3036 367 3088 tectum
389 3029 504 3105 egressi
526 3027 603 3088 saxis
625 3025 791 3105 tegulisque
813 3024 989 3085 Vitellianos
1017 3020 1121 3082 obrue·

118 3109 198 3172 bant.
229 3128 324 3189 neque
345 3110 403 3171 illis
424 3127 524 3170 manus
548 3110 604 3170 nisi
622 3108 728 3187 gladiis
750 3117 893 3177 armatae;
917 3117 947 3166 et
968 3119 1122 3166 arcessere

118 3201 263 3252 tormenta
272 3203 328 3254 aut
336 3195 457 3254 missilia
469 3193 532 3252 tela
546 3193 664 3270 longum
679 3191 851 3252 ridebatur:
870 3190 953 3250 iaces
970 3191 998 3247 in
1017 3186 1122 3266 promi-

119 3285 236 3336 nentem
251 3278 394 3356 porticum
409 3279 519 3337 iecere.
550 3285 579 3335 et
595 3275 791 3356 sequebantur
804 3276 902 3350 ignem
918 3272 1123 3346 ambustasque

119 3357 257 3439 Capitolii
277 3362 360 3422 iores
388 3367 607 3440 penetrassent,
638 3360 666 3418 ni
688 3357 811 3418 Sabinus
837 3355 972 3415 revolsas
997 3352 1160 3428 undiquett

118 3453 247 3526 stamas,
272 3445 383 3508 decors
397 3446 549 3524 maiorum,
572 3443 602 3503 in
617 3443 682 3523 ipso
698 3440 775 3502 aditu
790 3440 856 3499 vice
869 3436 942 3498 muri
954 3433 1124 3494 obiecisset.
