2540 3874
411 133 673 199 brentamerse.
689 133 808 188 ro-ro.
1076 125 1115 188 tt
1138 171 1140 183 .

114 296 177 365 set,
192 295 351 347 manerent.
384 295 412 346 et
429 287 467 348 Μ.
485 289 619 349 Pisonem
638 291 812 368 ignominiae
832 293 940 353 exemit
957 292 1116 354 concessit·

114 390 171 451 que
189 373 216 430 ei
233 380 352 450 paterna
367 370 454 448 bona,
473 373 541 434 satis
558 373 665 450 lirmus,
682 384 711 434 ut
724 393 774 434 sae
798 378 995 454 ememoruvi,
1012 375 1142 440 adver-s

114 473 175 516 sum
191 455 342 535 pecuniam
357 464 384 515 et
399 464 454 516 tum
471 456 582 535 pudore
598 458 750 519 absolutae
800 461 919 520 ancinae
932 459 1114 540 placabilior.

9 615 10 622 ἵ
112 549 201 618 atque
216 539 302 617 idem,
320 558 383 599 cum
398 539 532 600 Valerius
549 539 722 604 Messalinus
740 544 851 620 signum
867 562 984 604 aureum
1000 545 1027 604 in
1042 544 1116 604 aede

111 622 213 684 biantis
226 622 345 700 Ultoris,
359 621 484 684 Caecina
499 625 627 687 Severus
639 645 716 689 aram
728 626 844 687 ultionis
857 629 1035 688 statuendam
1048 646 1115 687 cen·

110 709 251 784 scissent,
270 706 425 786 prohibuit,
443 708 480 770 ob
498 719 633 773 externas
650 728 685 773 ea
700 711 838 772 victorias
851 713 960 774 sacrari
973 712 1115 787 dictitans,

9 815 11 840 t
110 791 271 853 domestica
286 791 360 852 mala
376 793 489 854 tristitia
504 793 672 872 operienda.
705 782 854 855 addiderat
875 792 1048 856 Messalinus
1068 793 1115 854 'li-
1127 807 1181 854 ro·
1260 831 1261 836 κ

112 875 196 938 berio
214 885 243 936 et
258 875 408 955 Augustae
434 887 463 938 ct
483 877 626 939 Antoniae
648 888 677 939 et
696 877 876 958 Agrippinae
898 878 1053 958 Drusoque
1078 877 1115 938 ob

78 1031 80 1036 Ι
110 961 265 1020 vindictam
278 959 438 1021 Germanici
451 971 548 1040 grates
564 963 692 1041 agendas
706 963 901 1042 omiseratque
914 961 1026 1024 Claudii
1039 981 1115 1022 men·

107 1045 228 1106 tionem.
259 1053 287 1105 et
310 1043 494 1106 Messalinum
516 1048 630 1126 quidem
657 1045 687 1106 b.
715 1046 865 1126 Asprenas
892 1057 992 1108 senatu
1020 1065 1117 1108 coram

109 1133 299 1208 percontatus
316 1137 360 1189 esi
374 1147 410 1190 an
426 1131 552 1208 prudens
573 1131 778 1211 praeterissem
802 1148 837 1192 ac
852 1138 909 1191 tum
932 1133 1043 1194 demum
1065 1147 1115 1192 no·

108 1231 175 1272 men
197 1211 310 1274 Claudii
331 1213 507 1293 adscriptum
531 1224 585 1274 est.
614 1216 698 1289 mibi,
724 1223 829 1294 quanto
852 1215 934 1294 plura
957 1211 1150 1276 recentiorum
1189 1276 1192 1280 .

109 1315 162 1358 sen
179 1306 311 1358 veterum
325 1296 464 1375 revolvo,
482 1307 560 1360 tanto
577 1300 669 1377 magis
692 1297 815 1360 ludibria
835 1317 931 1359 rerum
954 1301 1116 1362 mortalium

110 1382 222 1442 cunctis
239 1382 267 1440 in
282 1383 408 1460 negotiis
423 1381 625 1444 obversantur.
652 1383 760 1462 quippe
773 1382 847 1445 lama
860 1401 914 1462 spe
927 1385 1115 1445 veneratione

108 1467 207 1546 potius
216 1483 324 1550 jomnes
344 1465 559 1529 destinabantur
574 1468 695 1547 imperio
708 1484 793 1545 quam
808 1485 890 1544 quem
903 1466 1026 1528 iuturum
1039 1469 1115 1546 prin·

108 1551 205 1629 cipem
219 1551 333 1612 fortuna
349 1551 508 1620 inocculto
525 1551 653 1612 tenebat.

175 1633 223 1694 19.
243 1632 345 1696 Paucis
361 1643 429 1715 post
445 1634 546 1696 diebus
563 1632 673 1696 Caesar
689 1643 791 1695 auctor
803 1635 915 1696 senatui
932 1635 984 1695 luit
994 1633 1115 1694 Vitellio

108 1727 195 1797 atque
212 1718 340 1780 Veranio
360 1729 388 1780 et
403 1721 533 1801 Servaeo
551 1719 716 1780 sacerdotia
733 1719 892 1781 tribuendi:
910 1717 1040 1778 Fulcinio
1056 1717 1115 1777 sui·

108 1803 232 1881 fragium
255 1804 290 1865 ad
307 1805 435 1866 bonores
450 1804 597 1884 pollicitus
613 1803 720 1863 monuit
736 1821 772 1863 ne
795 1803 957 1864 facundiam
978 1801 1116 1862 violentia

109 1888 328 1967 praecipitaret.
359 1889 382 1948 is
402 1889 465 1948 linis
476 1889 528 1948 luit
539 1888 571 1950 in
585 1887 750 1949 ulciscenda
764 1886 926 1949 Germanici
940 1896 1045 1963 morte,
1058 1897 1115 1945 non

109 1971 194 2032 modo
210 1971 286 2050 apud
302 1973 369 2033 illos
386 1973 517 2034 homines
533 1974 581 2052 qui
598 1982 654 2033 tum
671 1971 805 2052 agebant,
822 1973 907 2034 etiam
922 1971 1029 2032 secutis
1044 1980 1141 2039 tem-5

109 2055 229 2137 poribus
245 2058 324 2117 vario
345 2074 460 2118 rumore
480 2059 592 2118 iactata.
631 2057 705 2117 adeo
727 2057 848 2117 maxima
872 2073 1007 2135 quaeque
1027 2053 1115 2115 ambi·

107 2159 165 2219 gua
180 2149 263 2219 sunt,
279 2143 344 2202 dum
360 2140 408 2202 alii
425 2159 541 2222 quoquo
557 2141 643 2200 modo
661 2140 755 2200 audita
768 2158 821 2218 pro
836 2141 983 2220 conpertis
996 2138 1114 2215 babent,

105 2225 156 2287 alii
172 2243 242 2286 vera
258 2225 286 2286 in
302 2228 475 2287 contrarium
492 2234 624 2302 vertunt,
650 2234 679 2284 et
694 2223 791 2302 gliscit
816 2233 968 2303 utrumque
990 2223 1114 2300 posteri·

106 2318 177 2370 tate.
209 2318 243 2370 at
265 2310 377 2372 Drusus
396 2311 470 2372 urbe
492 2327 630 2388 egressus
655 2307 823 2387 repetendis
861 2307 1016 2386 auspiciis,
1047 2323 1115 2367 mox

106 2409 198 2454 ovans
214 2394 333 2455 introiit.
364 2414 533 2476 paucosque
551 2403 617 2474 post
633 2394 695 2453 dies
711 2391 855 2470 Vipsania¹
865 2401 958 2452 mater
979 2390 1041 2450 eius
1060 2408 1112 2450 ex·
1125 2413 1149 2454 rc

106 2480 207 2556 cessit,
226 2496 281 2539 una
295 2481 419 2540 omnium
436 2479 585 2559 Agrippae
598 2477 756 2538 liberorum
768 2478 827 2536 miti
839 2475 928 2536 obitu.
959 2473 1114 2536 nam'ccte·

104 2580 156 2625 roe
171 2563 352 2624 norbertum
370 2563 448 2625 ierrc
464 2564 512 2624 vel
530 2563 670 2623 creditum
687 2570 732 2622 est
754 2579 868 2622 veneno
891 2569 946 2624 aut,
965 2559 1041 2620 lame
1064 2577 1114 2618 ex·

104 2649 223 2712 tinctos

168 2732 219 2795 20.
242 2732 353 2794 Eodem
371 2750 445 2794 anno
462 2731 639 2806 Tacfarinas,
657 2747 741 2810 quem
758 2731 856 2808 priore
872 2736 982 2789 aestate
999 2726 1114 2806 pulsum

103 2837 121 2878 e
142 2815 264 2878 Camillo
281 2817 449 2894 memoravi,
466 2815 574 2896 bellum
589 2817 618 2875 in
630 2814 730 2875 Africa
743 2823 874 2890 renovat,
892 2813 974 2890 vagis
994 2811 1114 2891 primum

106 2900 343 2982 populationibus
359 2911 388 2961 et
404 2901 442 2964 ob
457 2901 657 2980 pernicitatem
674 2897 788 2974 inultis,
812 2898 877 2958 dein
896 2897 978 2957 vicos
999 2896 1113 2956 exscin-

101 2985 189 3062 dere,
209 2987 327 3048 trabere
342 3004 451 3064 graves
466 2985 772 3066 praedasrpostremo
787 2981 863 3042 baud
876 2980 980 3060 procul
997 2979 1114 3058 Pagyda

9 3065 16 3082 “
103 3069 221 3131 flumine
245 3071 396 3132 cobortem
415 3066 572 3132 Romanam
598 3066 792 3128 circumsedit.
833 3074 968 3144 praeerat
990 3062 1148 3126 castellos

103 3153 231 3218 Decrius
248 3155 370 3234 impiger
385 3173 484 3232 manu,
506 3153 654 3215 exercitus
670 3151 769 3212 militia
792 3159 820 3211 et
839 3150 918 3211 illam
935 3149 1117 3210 obsidionem
1155 3155 1158 3162 ’

105 3237 206 3316 degitii
218 3249 309 3302 ratus.
336 3242 360 3301 is
373 3239 540 3302 cohortatus
552 3237 657 3299 milites
670 3244 700 3297 ut
714 3235 827 3316 copiam
842 3253 957 3314 pugnae
972 3234 999 3291 in
1012 3239 1116 3308 aperto

104 3323 250 3401 iacerent,
268 3324 359 3386 aciem
373 3341 427 3403 pro
443 3325 546 3386 castris
562 3322 685 3382 instruit.
724 3319 875 3397 primoque
899 3319 1007 3394 impetu
1033 3313 1118 3392 pulsa

104 3407 228 3470 cohorte
252 3418 402 3489 promptus
422 3409 497 3470 inter
522 3407 580 3469 teis
606 3412 742 3466 occursat
765 3401 961 3480 fngientibus,
986 3399 1119 3473 increpat
