2536 3870
215 121 278 188 tbt
456 129 752 182 comminuamus
767 129 973 180 omanorum

215 305 305 368 super
319 288 472 365 sexaginta
485 287 562 348 milia
579 302 638 346 non
656 286 743 348 armis
757 285 883 366 talisque
896 285 1053 363 Romanis,
1068 285 1126 348 sed
1140 287 1216 368 quui

214 371 445 450 msgniliceutius
457 379 512 448 est,
526 369 716 431 oblectationi
727 369 878 448 oculisque
893 369 1072 430 ceciderat.
1089 381 1216 447 nuent

215 473 341 536 quaeso,
367 454 511 534 ‹luretqus
534 452 687 532 gentibus,
712 455 738 514 si
763 469 821 514 nan
842 470 925 514 anor
944 454 1053 530 nostri,
1081 463 1114 515 at
1139 465 1217 516 certa

215 539 310 600 olium
331 539 390 615 sui,
410 538 525 618 mdo
546 537 734 614 merentibus
756 537 869 617 imperii
885 535 953 597 latis
967 536 1038 598 elffii
1055 537 1118 599 iun
1133 555 1216 619 ‹psae-

180 632 294 686 ssstare
310 622 423 683 tortura
437 623 528 682 maius
542 629 640 700 potest
653 637 738 700 quam
753 620 879 682 bostium
891 619 1078 682 discordiam.

277 705 328 766 34.
349 702 542 782 bagoarios
559 713 589 764 et
604 702 799 766 Chamavosa
816 712 904 782 tergo
918 702 1077 782 Dulgubnii
1096 713 1131 766 et
1147 705 1217 766 cba-

215 791 302 851 suarii
325 786 444 848 cludunt
465 788 600 867 aliaeque
619 796 726 865 gentes
747 785 824 849 boul
841 786 963 867 perinde
983 798 1184 866 memoratae,
1204 806 1221 847 a

213 873 311 935 tronte
330 871 414 934 Frisii
431 871 589 951 excipiunt
625 869 783 931 maioribus
803 870 1021 952 minoribusque
1039 871 1150 934 lirim'is
1170 889 1220 932 ao·

214 956 348 1017 cabulum
369 963 415 1015 eat
435 971 475 1015 eu
494 954 582 1014 modo
603 953 715 1014 virium.
745 963 887 1035 utraeque
909 957 1044 1016 nationes
1063 973 1165 1035 usspue
1187 956 1221 1016 ad

190 1041 360 1102 s0cesuum
376 1037 480 1100 libano
501 1045 709 1117 praetexuntur
727 1037 914 1119 ambiuntque
929 1039 1078 1100 inmensos
1098 1039 1222 1120 hauper

214 1125 294 1184 lacus
306 1132 336 1183 et
346 1121 484 1183 Romanis
496 1119 811 1200 clmsibusnarigatos.
834 1122 928 1200 ipsum
945 1122 1114 1202 quinetiam
1128 1121 1220 1183 Ocea-

213 1224 277 1267 num
292 1205 575 1284 illatemptavlmus:
592 1213 622 1267 et
636 1221 795 1285 superesse
811 1204 1049 1268 atllrucllerculis
1068 1205 1220 1268 columnas

212 1292 289 1353 tana
298 1289 440 1367 volgavit,
456 1289 519 1351 sire
530 1289 600 1351 aiut
610 1288 765 1369 Hercules,
778 1305 831 1351 seu
844 1289 983 1371 qululquiul
991 1289 1216 1369 ubiquemagni

213 1375 297 1436 icum
311 1383 372 1450 est,
388 1375 418 1434 iu
433 1373 594 1435 claritatem
608 1374 671 1435 elus
684 1375 800 1436 referre
814 1374 1024 1436 consensimus.
1053 1391 1115 1435 uec
1134 1374 1217 1435 deluit

178 1479 203 1523 so
213 1459 345 1521 audentia
358 1457 471 1535 Druso,
487 1457 676 1520 nemanso:
694 1456 749 1518 sed
762 1455 875 1519 obstitit
889 1457 1023 1520 Oceanus
1040 1456 1070 1517 in
1086 1475 1124 1518 se
1142 1456 1214 1518 ssu

213 1553 300 1624 atque
312 1543 342 1602 ln
355 1542 512 1604 llerculem
525 1541 639 1624 inquiri.
665 1559 735 1604 mox
745 1558 832 1604 mmo
846 1543 1013 1623 temptavit,
1030 1542 1211 1620 sanctiusque

213 1645 248 1689 sc
265 1626 446 1688 reverentius
466 1625 558 1687 risum
575 1625 612 1686 tle
629 1626 704 1687 actis
718 1626 839 1688 deorum
854 1626 978 1687 credere
996 1642 1082 1705 quam
1099 1628 1187 1687 scire.
1243 1637 1244 1640 ’

277 1710 328 1777 35.
363 1709 510 1772 llsctenue
535 1711 565 1770 in
591 1708 773 1771 occidentem
799 1708 980 1772 Germaniam
1007 1709 1162 1771 novimus:
1190 1711 1213 1767 ir

212 1794 440 1872 septentrionem
461 1794 577 1872 ingenti
586 1792 664 1855 llaxu
682 1793 766 1854 redit.
806 1811 842 1855 ac
856 1794 949 1873 primo
974 1793 1071 1853 statim
1087 1790 1213 1854 Glaauco·
1243 1789 1244 1840 ξ

212 1894 274 1937 rum
288 1894 379 1955 gena,
403 1893 572 1957 quamquam
587 1877 706 1957 incipiat
720 1895 736 1939 a
752 1874 854 1938 Frisiis
870 1895 907 1938 ac
923 1885 1038 1958 partem
1051 1876 1146 1938 litoris
1170 1893 1219 1935 oc
1243 1863 1244 1901 l

187 1958 1223 2122 .tilililiirlitiilllbilll'ltiltl‘fflit

213 2123 336 2206 spatium
351 2146 410 2190 non
428 2136 529 2188 teuent
549 2125 797 2206 inconcisam,
817 2127 872 2189 aad
893 2137 923 2188 et
937 2127 1072 2206 impleut,
1090 2127 1224 2206 populus

213 2206 670 2278 intertiermanosnobilissimua
684 2207 792 2284 quique
798 2205 1022 2281 magnitudinem
1033 2221 1111 2262 suam
1117 2205 1226 2265 malint

213 2294 320 2354 iustitia
335 2295 419 2354 tueri.
447 2294 510 2355 siue
528 2291 701 2372 cupiditate,
722 2291 786 2355 siue
800 2293 987 2374 impotentia,
1012 2290 1101 2372 quieti
1115 2308 1224 2351 secre-

213 2377 292 2456 tique
314 2376 392 2438 nulla
413 2384 577 2456 provocant
597 2376 694 2454 bolla„
722 2375 808 2438 nullis
830 2376 961 2458 raptibus
988 2384 1036 2436 aut
1058 2371 1243 2452 latrociniis}

182 2473 205 2516 to
216 2459 400 2540 populantur.
422 2459 466 2520 'iol
487 2459 675 2540 praecipuum
696 2461 810 2522 virtutis
837 2478 873 2521 ac
895 2460 997 2520 virium
1018 2457 1243 2538 argumentum

214 2552 274 2621 est,
297 2541 390 2622 quod,
409 2551 440 2604 ut
459 2542 629 2622 superiores
647 2549 749 2624 aqam,
773 2560 832 2604 uon
846 2559 902 2625 per
921 2543 1039 2604 iniurias
1055 2539 1224 2621 adsequun-

213 2636 272 2696 tur;
290 2635 423 2708 prorupta
437 2635 533 2689 tamen
546 2626 678 2688 omnibus
694 2644 773 2688 arma
791 2644 840 2702 ac,
857 2629 882 2688 si
899 2633 1084 2708 responsat,
1105 2625 1222 2686 enerci-

212 2719 274 2852 ἕπε,
294 2709 445 2789 plurimum
459 2709 588 2772 eborum
603 2728 819 2791 equorumqus;
835 2719 866 2772 at
880 2709 1099 2791 quiescentibus
1115 2707 1221 2770 eadem

224 2809 299 2854 ama.

274 2876 325 2939 36.
350 2874 383 2937 ln
397 2877 490 2939 latare
505 2877 687 2941 (lbauaorum
702 2876 930 2958 Chattorumque
944 2875 1088 2939 Cherusci
1104 2875 1225 2936 nimiam

212 2976 249 3020 uc
263 2971 441 3022 marcentem
462 2961 509 3023 diu
527 2981 629 3042 pacem
648 2961 807 3024 inlacessiti
823 2963 997 3024 nutrierunt:
1017 2959 1105 3042 idque
1117 2960 1242 3030 lucun-i

212 3041 279 3104 llius
291 3061 376 3125 quam
394 3046 481 3106 tutius
501 3046 572 3126 brit,
596 3047 661 3127 quia
675 3047 751 3107 iuter
772 3045 939 3125 inpotentes
956 3053 986 3106 et
1000 3043 1116 3105 validos
1139 3039 1242 3123 ialsol

212 3129 364 3205 quiescas:
385 3127 434 3192 ubi
448 3147 532 3192 manu
549 3131 661 3208 agitur,
678 3129 820 3192 modestia
835 3146 872 3190 ac
889 3128 1021 3209 probitas
1037 3127 1153 3188 nomina
1171 3144 1225 3187 su·

188 3213 336 3290 sperioris
356 3221 432 3274 sunt.
469 3215 510 3275 its
532 3213 581 3293 qui
608 3213 678 3275 olim
699 3213 769 3275 boni
789 3212 933 3291 aequique
955 3209 1113 3287 cherusci,
1141 3227 1225 3272 nuno

210 3294 321 3355 inertes
340 3313 377 3356 ac
394 3297 476 3359 stulti
493 3305 650 3360 vocantur:
675 3295 786 3360 Gbattis
808 3295 971 3358 victoribus
991 3295 1106 3356 iortuua
1123 3293 1155 3352 in
1172 3311 1222 3354 sa·
1240 3371 1241 3374 Ἴ

211 3375 348 3454 pientiam
364 3379 464 3441 cessit.
502 3382 587 3441 tracti
600 3379 919 3442 ruinaclueruseorum
941 3387 972 3441 et
992 3375 1080 3457 Fosi,
1100 3383 1221 3438 conter-
