2440 3886
341 165 443 213 urnam
454 166 475 212 1.
496 165 571 214 cnr.
585 164 704 219 aa-eo.
982 157 1020 218 te

58 318 185 399 praeferri,
203 329 229 378 ut
244 320 270 380 id
286 319 387 381 saltem
404 321 585 382 discerneret
601 321 755 382 cohortes:
774 321 855 382 tarde
868 322 1018 404 obtempe-

57 419 148 464 rarere.
179 412 239 462 tuuc
252 420 268 463 a
283 406 470 464 ueneratione
485 403 608 483 Augusti
625 422 709 465 orsus
725 403 806 466 flexit
818 407 859 468 ad
880 408 1018 468 victorias

55 485 241 565 triumphosque
266 486 387 565 Tiberii,
414 489 580 567 praecipuis
607 489 738 550 laudibus
766 490 920 551 celebrans
946 509 1021 570 quae

56 569 114 648 apud
132 568 284 632 Germanias
304 572 361 633 illis
388 590 450 633 cum
477 572 641 650 legionibus
669 572 862 652 pulcherrima
889 575 1019 656 lecisset.

56 653 133 715 ltaliae
146 654 205 716 inde
223 673 403 732 consensum,
422 655 576 718 Galliarum
592 655 676 718 fldem
694 657 823 727 extollit;
841 659 880 718 nil
897 677 1016 738 usquam
1028 679 1052 721 us

55 737 168 798 turbidum
182 748 226 798 aut
240 740 362 802 discors.
395 740 509 801 silentio
526 740 600 800 lraeo
615 741 665 800 vel
681 759 823 801 murmure
839 743 954 803 modico
968 762 1017 804 au·

52 819 173 882 dimanat.
312 867 316 873 -
568 839 573 850 ·

98 906 139 966 35.
160 905 193 966 Ut
210 908 379 968 seditionem
394 908 497 986 attigit,
513 907 561 968 ubi
575 909 717 970 modestia
732 911 877 986 militaris,
900 909 948 970 ubi
968 929 1017 971 ve·

49 989 104 1048 teris
125 989 284 1071 disciplinae
310 992 418 1068 decos,
442 1009 566 1071 quonam
587 992 733 1071 tribunos,
757 1012 813 1073 quo
836 995 1019 1055 centuriones

49 1075 205 1153 exegissent,
222 1077 362 1155 rogitans,
379 1075 485 1136 nudant
500 1077 628 1136 uniuersi
644 1094 788 1157 corpora,
806 1079 958 1150 cicatrices
981 1097 1019 1138 ex
1090 1159 1093 1167 Ι
1190 1153 1200 1170 ⁸

50 1155 202 1236 uulneribus,
218 1161 371 1220 verberum
386 1168 469 1221 notas
486 1160 678 1240 exprobrant;
700 1179 768 1221 mox
784 1162 947 1222 indiscretis
966 1179 1015 1222 vo·

48 1239 208 1321 attorquens
226 1245 425 1320 vacationum,
450 1245 597 1322 angustias
622 1244 773 1324 stipendii,
798 1246 929 1306 duritiam
946 1263 1040 1325 ope-a

49 1341 93 1383 rum
110 1343 139 1386 ac
157 1329 281 1408 propriis
301 1327 461 1388 nominibus
489 1330 619 1388 incusant
638 1329 760 1409 vallum,
788 1329 900 1406 fossas,
922 1329 1017 1410 pabuli

50 1411 156 1471 materiae
172 1411 316 1490 lignorum
331 1411 480 1492 adgestus,
498 1421 527 1472 et
545 1413 569 1472 si
582 1431 637 1492 qua
654 1413 709 1473 alia
726 1431 763 1473 eu
778 1414 954 1474 necessitate
970 1426 1018 1476 aut
1045 1441 1051 1450 ·

52 1490 156 1554 alienus
178 1498 268 1558 otium
291 1505 653 1576 castrorumquaeruntur.
686 1497 882 1558 atrocissimus
902 1505 1016 1557 uetera·

46 1592 124 1637 norun
136 1579 240 1642 clamor
259 1579 416 1657 oriebatur,
435 1582 483 1660 qui
499 1581 609 1641 triceno
625 1589 673 1641 aut
693 1598 780 1659 snpra
804 1581 946 1659 stipendia
967 1599 1016 1640 nu·

43 1671 169 1742 nemetes,
178 1664 356 1726 mederetur
372 1664 474 1740 fessis,
499 1681 553 1724 neu
569 1674 689 1725 mortem
706 1665 734 1724 in
749 1665 841 1726 isdem
856 1664 1015 1743 laboribus,
1027 1689 1052 1732 ιι

41 1743 81 1804 sed
93 1745 167 1808 inem
182 1760 239 1812 tam
259 1745 407 1810 exercitae
420 1748 537 1810 militiae
553 1766 648 1827 neque
664 1750 779 1828 inopem
802 1749 932 1832 requiem
952 1765 1016 1810 ora·

39 1828 99 1889 baut.
126 1833 202 1896 luere
217 1835 307 1895 etiam
323 1833 371 1913 qni
385 1832 510 1910 legatam
529 1851 545 1892 a
561 1833 627 1893 diuo
642 1833 775 1911 Augusto
799 1835 950 1912 pecuniam
971 1853 1015 1894 re·

37 1926 182 1996 poscerent,
198 1917 303 1980 faustis
320 1917 349 1976 in
365 1915 563 1981 Germanicum
585 1917 738 1988 ominibus;
761 1924 791 1977 et
812 1917 836 1978 si
855 1916 947 1977 vellet
966 1919 1015 1976 im·
1090 1949 1092 1952 ·

34 2000 139 2076 perium,
154 2011 303 2082 promptas
318 2017 371 2061 res
388 2009 583 2064 ostentavere.
612 2010 668 2060 tum
683 2018 774 2078 vero,
798 2002 879 2080 quasi
901 2001 1017 2062 scelere

5 2087 7 2140 l
34 2086 268 2162 contaminaretur,
285 2102 431 2165 praeceps
446 2085 580 2146 tribunali
597 2084 721 2145 desiluit.
756 2092 955 2163 opposuerunt
967 2085 1015 2145 ab·
1026 2101 1052 2144 uu
1086 2091 1089 2096 '

33 2169 98 2228 eunti
119 2187 210 2248 orma,
234 2170 417 2245 minitantes,
438 2171 466 2229 ni
492 2169 715 2247 regrederetur;
737 2178 765 2229 at
784 2168 835 2229 ille
851 2170 1016 2228 moriturum

32 2253 209 2333 potiusquam
225 2254 313 2315 iidem
329 2262 451 2315 exueret
468 2254 627 2330 clamitans,
646 2253 753 2313 lerrum
768 2270 783 2312 a
796 2251 888 2312 latere
902 2252 1018 2331 diripuit

32 2335 179 2418 elatumque
196 2337 352 2400 deferebat
366 2338 394 2397 in
413 2346 532 2416 pectus,
550 2337 578 2396 ni
594 2338 716 2415 proximi
732 2353 866 2417 prensam
887 2336 1017 2396 dextram

31 2421 256 2484 riadtiuuissent.
286 2431 416 2482 extrema
431 2429 460 2482 et
473 2420 647 2500 conglobata
661 2421 736 2481 inter
747 2439 780 2480 se
794 2421 1017 2502 parscontionis

5 2519 6 2524 ’
30 2521 67 2582 ac,
92 2509 140 2568 uix
157 2507 302 2569 credibile
318 2507 410 2582 dictu,
436 2505 548 2584 quidam
571 2506 675 2583 singuli
696 2505 814 2584 propius
836 2503 1052 2581 incedentes,to

28 2589 111 2652 ieriret
126 2592 338 2661 hortabantur;
363 2598 392 2650 et
406 2590 489 2648 miles
505 2590 617 2648 nomine
635 2587 796 2670 Calusidius
817 2588 945 2647 strictum
966 2586 1015 2648 ob·

28 2673 76 2733 tulit
89 2676 232 2754 gladium,
247 2674 343 2736 addito
360 2675 518 2734 acutiorem
536 2691 612 2733 esse.
643 2691 761 2732 saevum
777 2672 805 2732 id
820 2671 946 2749 malique
956 2688 1016 2731 mo·

25 2759 53 2818 ris
67 2763 151 2822 etiam
169 2759 335 2821 furentibus
359 2758 469 2835 visum,
493 2775 527 2819 ac
547 2757 669 2837 spatium
692 2756 743 2817 luit
768 2772 824 2834 quo
848 2753 958 2815 Caesar
981 2755 1016 2815 ab

25 2845 109 2904 unicis
120 2847 149 2904 in
167 2841 389 2905 tabernaculum
404 2850 566 2920 raperetur.

72 2928 122 2992 36.
153 2926 358 2990 consultatum
373 2925 411 2985 ibi
433 2926 469 2986 de
485 2926 630 2994 remedio;
652 2924 757 2984 etenim
771 2922 952 2984 nuntiabatur
967 2941 1017 3002 pu-

21 3013 67 3072 rari
82 3014 208 3091 legatos
222 3011 270 3091 qui
285 3011 465 3090 superiorem
480 3010 638 3070 exercitum
653 3008 689 3068 ad
702 3025 816 3068 causam
829 3008 949 3068 eandem
961 3016 1016 3069 tra·

19 3092 128 3158 lerant:
152 3097 329 3158 destinatum
349 3094 464 3154 excidio
491 3093 626 3154 Ubiorum
656 3090 1017 3171 oppidum,-tntuuasque

18 3181 118 3258 praeda
134 3197 241 3242 manus
256 3179 285 3238 in
307 3179 497 3258 direptionem
518 3176 674 3238 Galliarum
696 3185 855 3256 erupturas.
892 3176 1018 3254 augebat

19 3276 114 3325 netum
130 3281 243 3344 gnam
259 3262 406 3325 Romanae
424 3262 574 3322 seditionis
590 3270 628 3337 et,
649 3261 673 3322 si
691 3261 869 3321 omitteretur
886 3260 959 3338 ripa,
974 3259 1040 3316 int

5 3363 131 3411 irasurus
155 3349 268 3410 bostis:
292 3356 321 3407 at
342 3347 365 3406 si
386 3346 490 3406 auxilia
514 3355 542 3406 et
563 3345 635 3406 sccii
655 3344 808 3406 aduersum
831 3340 1015 3404 abscedentis

21 3427 146 3510 legiones
163 3441 356 3508 armarentur,
380 3430 466 3490 ciuile
478 3429 585 3490 bellum
601 3429 719 3508 suscipi.
751 3425 915 3567 perqoqulosa
931 3439 1015 3481 seue·
