2596 3872
9 2967 63 3018 Γ

420 153 525 202 nonna
545 154 616 202 rvr.
641 154 715 214 cus.
735 153 820 210 t—s.
976 187 979 191 -
1069 146 1134 211 319

192 311 221 368 7.
241 307 364 370 Mortem
381 308 538 390 Poppaeae
554 319 583 369 ut
602 310 695 389 palam
710 311 842 392 tristemq
856 311 895 372 ita
911 310 1133 372 recordantibus
1199 323 1202 329 “

125 393 234 455 laetatu
254 392 291 452 ob
317 393 513 472 inpudicitiam
536 395 599 461 eius
616 395 843 472 saevitiamque,
865 411 940 454 nova
955 395 1073 476 iusuper
1088 399 1129 455 in·

127 476 204 538 vidia
225 476 305 537 Nero
328 476 487 556 complevit
507 477 688 557 prabibendo
714 477 746 538 Ο.
773 477 902 539 Cassium
925 479 1024 538 ollioio
1046 497 1133 540 exse-

129 562 274 640 quiarum,
293 560 371 639 quod
384 561 506 640 primum
526 562 660 632 indicium
683 561 759 624 mali.
791 580 887 640 usque
908 563 936 622 in
959 563 1075 639 longum
1090 563 1128 622 di·

128 645 215 705 latum
231 654 285 720 eal,
300 645 355 708 sed
366 644 484 710 elianus
500 645 627 723 additur,
644 646 723 708 nullo
740 647 875 723 erimine,
891 647 946 706 uisi
960 646 1040 724 quod
1060 645 1157 707 Cas-⁵

127 728 187 790 sius
204 729 309 806 opibus
325 732 445 792 vetustis
467 737 496 790 et
515 731 661 808 gravitate
678 748 807 806 urorum,
828 729 942 802 Silanus
962 730 1130 790 claritudine
1174 743 1180 754 ·

126 814 246 891 generis
270 822 299 873 et
319 813 448 880 modesta
472 815 588 875 iuventa
610 813 838 892 praecellebant.
875 815 962 891 igitur
985 817 1072 875 missa
1094 815 1128 876 ad

127 900 419 964 senatum'oratione
446 897 640 964 removendos
670 916 685 956 a
710 917 743 958 re
768 897 883 976 publica
909 907 1048 976 utrosque
1073 899 1129 958 dis·

125 981 234 1056 seruit,
263 980 477 1060 obiectavitque
502 981 604 1046 Cassio
627 981 704 1060 quod
734 983 809 1042 iuter
829 983 969 1059 imagines
992 986 1129 1044 maiorum

126 1067 213 1126 etiam
237 1063 270 1125 0.
288 1063 371 1126 Cassi
389 1066 516 1142 striglem
533 1065 687 1142 coluisset,
708 1067 746 1126 ita
767 1068 935 1145 inscriptam
957 1068 1039 1126 ‘duci
1063 1083 1167 1148 par-tq

126 1151 232 1209 tintu':
263 1150 370 1230 quippe
392 1150 501 1212 semina
521 1149 593 1210 belli
618 1150 711 1216 civilis
732 1159 762 1210 et
783 1150 978 1213 deiectionem
1002 1169 1018 1210 a
1043 1151 1128 1210 domo

129 1231 289 1293 Caesarum
306 1236 476 1310 quaesitam.
506 1251 542 1294 ae
556 1235 745 1296 cementaria
764 1242 870 1294 tantuna
886 1235 990 1304 indensi
1005 1237 1129 1304 nonninis

129 1317 164 1376 ad
182 1316 343 1381 discordias
356 1326 497 1396 uteretur,
511 1317 708 1399 adsumpsisse
723 1317 754 1378 t.
770 1319 908 1394 Silanum,
926 1320 1058 1378 iuvenem
1077 1337 1128 1397 ge·

130 1418 201 1460 nere
212 1400 348 1478 nobilem,
361 1402 455 1463 animo
467 1411 664 1481 praeruptum,
675 1403 851 1480 quemuovis
864 1401 952 1462 rebus
960 1402 1128 1464 ostentaret.

190 1482 220 1544 8.
240 1483 338 1565 Ipsum
355 1484 460 1552 dehinc
474 1486 601 1547 Silanum
617 1485 761 1565 increpuit
776 1485 866 1555 isdem
881 1485 984 1564 quibus
999 1495 1130 1565 patruum

127 1568 190 1629 eius
206 1568 397 1647 Torquatum,
413 1578 556 1650 tamquam
570 1569 741 1650 disponeret
754 1571 808 1632 iam
824 1570 937 1648 imperii
949 1587 1033 1632 curas
1046 1583 1127 1648 prae'·

127 1653 289 1732 liceretque
309 1653 468 1716 rationibus
490 1665 519 1716 et
539 1655 648 1722 libellis
674 1663 703 1715 et
724 1655 855 1734 epistulis
875 1653 1012 1732 libertos,
1036 1656 1129 1724 inania

128 1737 211 1799 simul
231 1747 261 1797 ei
280 1738 369 1800 lalsa:
400 1758 464 1800 nam
487 1739 600 1804 Silanus
621 1740 757 1800 intentior
779 1748 856 1798 metu
878 1745 907 1798 et
926 1739 1015 1799 e'xitio
1034 1740 1128 1816 patrui

125 1822 163 1884 ad
179 1822 411 1902 praecavendum
431 1825 584 1884 exterritus
604 1833 675 1884 erat.
707 1823 816 1885 inducti
839 1821 962 1901 postbac
982 1821 1154 1882 vocabulon

127 1905 262 1984 indicum,
279 1907 369 1985 quiin
386 1905 536 1987 Lepidam,
560 1906 654 1967 Cassii
671 1924 810 1984 uxorem,
831 1906 1063 1982 silandensium,
1089 1907 1128 1964 in·
1197 1981 1204 1990 .
1287 1961 1288 1970 ,

128 1998 239 2050 oestum
254 2005 318 2049 cunr
332 1990 430 2050 iratris
446 1991 506 2050 lilio
523 2000 552 2050 et
565 1991 646 2053 diros
662 2009 810 2052 sacrorum
825 1991 896 2050 ritus
917 1991 1128 2068 contingerent.

127 2071 314 2132 trahebantur
338 2083 367 2132 ut
392 2076 502 2134 conscii
517 2074 667 2136 V'oloatius
683 2073 813 2134 Tullinus
837 2090 872 2134 ae
885 2071 1041 2134 Marcellus
1058 2073 1128 2132 Cor·

127 2153 222 2216 nelius
242 2165 395 2216 senatores
413 2165 443 2216 et
457 2155 630 2236 Calpurnius
644 2155 769 2218 Fabatus
790 2174 881 2234 eques
896 2157 1057 2224 Romanus;
1082 2157 1129 2234 qui

125 2239 278 2318 appellato
293 2239 427 2320 principe
441 2241 593 2302 metantem
608 2239 817 2304 damnationem
834 2240 971 2318 frustrati,
985 2257 1054 2300 mox
1071 2239 1128 2318 Ne·
1140 2255 1167 2296 rc

126 2341 228 2398 ronern
246 2325 324 2383 circa
338 2325 575 2386 summaseelera
591 2323 742 2407 distentum
760 2327 841 2403 quasi
854 2325 982 2384 minores
993 2341 1128 2386 evasere.

192 2407 222 2467 9.
246 2407 327 2468 'l'uue
350 2407 482 2470 consulto
505 2417 621 2468 senatus
637 2405 740 2468 Cassio
756 2417 786 2468 et
800 2408 900 2470 Silano
918 2407 1006 2469 exalia
1028 2407 1129 2468 decer·

126 2499 246 2552 nuntur:
269 2490 306 2551 de
321 2491 430 2571 lepida
445 2490 557 2570 Caesar
578 2501 727 2552 statueret.
758 2493 983 2572 deportatusque
1005 2493 1033 2552 in
1053 2494 1129 2554 iusu-
1153 2487 1155 2492 ’

126 2576 184 2636 lam
204 2575 362 2637 Sardiniam
377 2574 512 2655 Caesius,
535 2585 566 2642 et
585 2584 720 2639 senectus
737 2577 799 2636 eius
820 2576 1053 2655 exspectabatur.
1085 2575 1129 2635 Si·

125 2658 224 2735 lanus,
252 2667 395 2738 tamquam
415 2659 528 2726 Naxum
547 2659 757 2734 deveheretur,
782 2658 891 2731 Ostiam
913 2668 1039 2730 amotus;
1062 2669 1129 2738 post

125 2742 284 2822 municipio
299 2743 436 2822 Apuliae,
454 2745 499 2806 oui
513 2762 620 2807 nomen
635 2743 749 2804 Barium
760 2752 814 2821 est,
830 2742 980 2804 clauditur.
1011 2745 1072 2803 illie
1086 2746 1156 2806 int-a

126 2825 325 2903 dignissimum
342 2847 440 2892 casum
455 2831 602 2909 sapienter
619 2828 764 2902 tolerans,
787 2845 806 2887 a
827 2828 996 2887 centurione
1008 2827 1046 2898 ad
1065 2845 1128 2888 oae-

125 2910 194 2972 dem
207 2912 295 2971 misso
313 2915 482 2992 corripitur;
498 2911 687 2989 suadentique
705 2927 792 2977 repas
804 2909 991 2989 abrumpere,
1007 2913 1129 2986 apiarum

131 2991 242 3067 aeden
261 2997 347 3068 morti
367 2995 538 3057 destinatum
558 2997 614 3068 ait,
634 2992 689 3060 aad
712 3011 770 3062 nott
791 2994 939 3064 remittere
956 2995 1129 3074 perqqssori

134 3067 250 3150 sslfflec
273 3080 432 3140 ministerii.
463 3087 492 3142 at
508 3079 638 3144 centurio
657 3079 792 3156 ,quamuis
813 3080 969 3154 inermem,
985 3078 1127 3166 praevali-

137 3153 204 3216 dum
222 3155 308 3280 issep
332 3173 361 3223 et
382 3163 443 3224 irae
459 3180 544 3244 qrapr
560 3161 655 3230 timori
667 3160 845 3240 'predonem
863 3180 987 3234 amsans
1003 3163 1094 3242 praui
1112 3173 1165 3221 arc
1251 3217 1255 3224 .

138 3229 277 3298 militibus
307 3239 371 3320 aar.
406 3265 462 3309 nee
483 3245 707 3314 amarescens
723 3245 813 3316 uinta
830 3255 859 3308 a
873 3243 1024 3317 araneae
1043 3247 1128 3320 reus,

143 3323 280 3399 quantum
294 3318 391 3400 mim*
422 3331 505 3396 nudis
522 3329 655 3408 natabat,
674 3329 771 3398 donee
789 3349 805 3402 a
821 3328 989 3398 centurione
1003 3328 1129 3394 volueri-

145 3405 202 3466 bus
217 3383 390 3597 amaad
446 3433 490 3486 apr
506 3416 534 3478 in
551 3431 647 3494 pugna
664 3414 791 3474 caderet.
