2510 3864
195 137 257 200 266
431 149 549 200 rsorrr
564 151 660 198 nunu.
677 149 724 196 nn
742 148 960 198 onnronrnos

196 305 313 379 lebant,
330 303 383 364 bos
400 313 429 363 et
445 313 600 382 praeturae
612 311 642 362 et
658 301 824 362 consulatus
840 319 948 362 vocare
966 301 1046 364 ultro
1063 304 1219 368 videban-

196 397 252 460 tur,
273 387 302 448 lui
320 405 358 447 ne
371 388 474 464 privati
491 386 604 466 quidem
621 387 687 446 sine
699 393 850 464 potestate
867 393 967 462 eraut,
983 403 1050 446 cum
1064 396 1100 448 et
1117 407 1217 468 popu·

158 472 253 534 aslum
268 478 299 532 et
318 477 447 532 senatum
464 469 589 530 consilio
608 476 639 530 et
656 469 830 530 auctoritate
846 476 995 546 regerent.
1023 473 1102 549 quin
1125 474 1217 534 immo

189 559 318 637 sibiipsi
340 564 547 636 persuaserant
570 559 715 617 neminem
733 558 797 618 sine
819 558 987 634 eloquentia
1010 569 1063 618 aut
1086 561 1222 642 adsequi

189 659 281 720 posse
290 643 445 702 incivitate
453 649 502 701 aut
514 641 589 701 tueri
601 641 789 718 conspicuum
802 651 832 702 et
846 644 1020 702 eminentem
1028 640 1151 706 locum.
1170 667 1222 708 nee

188 727 307 802 mirum,
336 743 400 786 cnm
429 725 517 784 etiam
538 725 622 784 inriti
644 724 680 784 ad
699 726 838 803 populum
859 726 1125 805 producerentur,
1160 750 1221 792 cun

188 827 288 888 parurn
308 816 390 870 esset
408 810 436 867 in
452 816 555 868 senatu
571 807 703 868 breviter
718 825 860 887 censere,
882 811 938 869 nisi
954 809 1019 887 quis
1037 812 1177 888 ingenio
1195 824 1222 875 et

151 903 178 944 ⁸⁰
193 893 361 972 eloquentia
384 893 558 952 sententiam
579 909 659 952 snam
679 898 836 970 tueretur,¹
855 911 919 954 cum
938 894 967 953 in
988 893 1128 972 aliquam
1150 898 1222 958 invi·

190 976 264 1037 diam
288 985 336 1037 ant
360 978 471 1036 crimen
489 976 586 1036 vocati
610 993 661 1036 sna
681 993 756 1036 voce
780 977 1016 1057 respondendum
1049 978 1218 1058 haberent,

189 1078 253 1120 cum
280 1061 445 1119 testimonia
472 1076 589 1138 quoque
617 1061 646 1119 in
671 1059 784 1120 indiciis
810 1078 869 1120 nou
894 1062 1035 1121 absentes
1067 1082 1131 1124 nec
1165 1084 1239 1144 per,

190 1142 325 1202 tabellam
351 1141 439 1219 dare,
469 1141 522 1203 sed
548 1160 647 1203 corarn
672 1152 702 1203 et
728 1153 902 1222 praesentes
928 1138 1029 1205 dicere
1063 1165 1212 1225 cogerer·

191 1233 247 1284 tnr.
283 1227 322 1285 ita
340 1225 375 1285 ad
394 1243 501 1285 summa
523 1225 712 1306 eloquentiae
733 1230 862 1304 praemia
878 1245 979 1303 magna
997 1229 1095 1290 etiam
1110 1251 1203 1290 neces·

156 1343 184 1382 25
193 1316 264 1375 sitas
289 1313 463 1391 resedebat,
486 1322 517 1374 et
537 1330 595 1392 quo
615 1313 703 1374 modo
720 1312 860 1373 disertum
879 1309 981 1370 baberi
998 1311 1187 1389 pulcbrnnet

193 1398 371 1476 gloriosum,
387 1398 430 1456 sic
444 1406 545 1458 contra
558 1403 664 1456 mutum
681 1404 711 1456 et
728 1395 873 1472 elinguem
890 1393 982 1454 videri
999 1395 1141 1458 deforme
1152 1396 1184 1456 ln

194 1482 324 1542 bebatur.

259 1568 308 1626 37.
332 1563 413 1641 Ergo
436 1581 495 1622 uon
513 1565 605 1622 minus
622 1562 732 1622 rubore
749 1578 831 1639 quam
850 1561 986 1639 praemiis
1010 1562 1195 1624 stimulaban-

194 1658 256 1725 tur‚
273 1666 310 1708 ne
328 1645 530 1707 clientulorum
552 1645 619 1706 loco
636 1646 734 1722 potius
752 1659 835 1723 quarn
853 1652 1043 1723 patronorum
1066 1665 1197 1707 numera·

193 1740 311 1807 rentur,
327 1749 364 1790 ne
375 1730 497 1790 traditae
512 1728 700 1790 amarioribus
715 1727 948 1789 necessitudines
964 1727 999 1788 ad
1014 1728 1093 1788 alios
1107 1739 1196 1790 treus·

193 1815 287 1890 irent,
309 1831 346 1872 ne
369 1821 510 1891 tamquam
527 1815 638 1873 inertes
661 1821 691 1871 et
710 1829 767 1871 non
789 1811 939 1872 suffecturi
961 1811 1128 1872 bonoribus
1153 1823 1200 1873 aut
1238 1815 1239 1896 l

170 1915 251 1960 enon
270 1897 460 1974 impetrarent
479 1903 528 1955 ant
548 1897 718 1974 impetratos
738 1893 813 1954 male
834 1902 993 1956 tuerentur.
1033 1897 1142 1956 nescio
1167 1936 1205 1958 a„
1238 1899 1239 1912 ¹

193 1980 328 2040 venerint
344 1980 373 2038 in
387 1996 485 2039 manus
502 1987 616 2040 vestras
630 1978 704 2039 haec
718 1985 837 2055 vetera,
865 1993 939 2054 quae
965 1986 994 2036 et
1013 1979 1043 2037 in
1066 1981 1205 2058 antiqua-

192 2065 302 2123 riorum
311 2061 509 2139 bybliothecis
523 2061 616 2122 adbuc
635 2069 751 2122 manent
767 2068 875 2150 etcum
890 2061 1013 2121 manime
1029 2077 1045 2120 a
1060 2060 1199 2124 blociano

192 2145 416 2222 contrabuntur,
433 2162 467 2204 ac
482 2147 537 2205 iam
552 2144 701 2222 undecim,
718 2152 749 2203 ut
767 2145 889 2222 opinor,
905 2145 1044 2205 Actorum
1062 2144 1148 2206 libris
1166 2159 1197 2207 et
1237 2171 1238 2202 r

194 2230 286 2290 tribus
301 2227 496 2307 Epistularum
514 2229 675 2305 composita
697 2236 727 2288 et
744 2229 822 2288 edita
839 2235 912 2288 sunt.
944 2245 983 2287 ex
997 2226 1042 2288 luis
1058 2228 1195 2306 intellegi
1237 2231 1238 2304 i

157 2334 184 2373 10
195 2321 295 2392 potest
311 2309 361 2372 Gn.
378 2311 546 2390 Pompeium
559 2310 636 2371 etbl.
650 2309 785 2371 Crassum
800 2327 858 2370 non
872 2311 984 2371 viribus
998 2311 1086 2372 modo
1101 2321 1135 2371 et
1150 2331 1194 2372 ar·

192 2397 245 2456 mis
266 2396 320 2456 sed
343 2396 461 2472 ingenio
484 2412 600 2473 quoque
625 2403 655 2454 et
682 2395 816 2455 oratione
839 2393 981 2462 valuisse:
1002 2392 1144 2456 beatulos
1163 2405 1191 2456 et

192 2479 329 2540 bletellos
352 2487 382 2538 et
401 2476 536 2538 Lucullos
561 2485 591 2538 et
607 2475 750 2538 Curiones
771 2486 801 2538 et
820 2486 946 2538 ceteram
964 2494 1121 2556 procerum
1137 2497 1186 2538 na-

171 2571 257 2623 ‘num
280 2561 396 2621 multum
419 2563 447 2621 in
469 2560 514 2621 his
535 2561 638 2621 studiis
660 2578 770 2640 operae
789 2579 935 2639 curaeque
958 2562 1116 2640 posuisse,
1137 2579 1181 2622 ner

192 2663 361 2725 quemqnam
381 2644 439 2704 illis
460 2644 642 2723 temporibus
668 2651 797 2722 magnam
825 2647 984 2723 potentiam
1005 2646 1072 2706 sine
1099 2645 1176 2722 aliqua
1216 2684 1221 2692 .

158 2749 183 2788 ss
194 2729 361 2808 eloquentia
385 2736 580 2788 consecutum.
615 2728 660 2788 bis
681 2728 841 2789 accedebat
862 2728 1001 2807 splendor
1022 2746 1139 2790 reorum
1156 2735 1183 2788 et
1236 2795 1237 2804 χ

192 2812 357 2890 magnitudo
386 2829 553 2889 causarum,
582 2829 656 2891 quae
684 2819 714 2872 et
739 2814 803 2890 ipsa
827 2811 978 2894 plurimum
1005 2811 1187 2891 eloquentiae
1236 2805 1237 2889 i

192 2903 348 2978 praestant.
375 2913 439 2954 nam
449 2893 566 2955 multum
577 2897 720 2972 interest,
733 2895 865 2956 utrumne
877 2895 916 2976 de
928 2896 1006 2958 furto
1023 2905 1073 2956 aut
1086 2897 1186 2956 iormu·

192 2979 220 3042 la
235 2986 266 3040 et
281 2978 436 3040 interdicto
451 2978 602 3040 dicendum
622 2978 748 3057 habeas,
769 2997 804 3040 an
821 2980 858 3041 de
875 2979 982 3039 ambitu
998 2981 1187 3056 comitiorum,
1235 2991 1236 3036 l

193 3064 331 3144 expilatis
354 3063 443 3123 sociis
466 3070 496 3122 et
517 3063 629 3122 civibus
656 3063 813 3124 trucidatis.
851 3081 924 3142 quae
947 3063 1020 3123 mela
1041 3065 1115 3124 sicut
1130 3081 1187 3122 non

158 3170 183 3210 ro
193 3149 327 3209 accidere
348 3144 452 3206 melius
474 3154 520 3206 est
539 3147 624 3225 isque
641 3148 768 3225 optimus
789 3148 915 3206 civitatis
930 3153 1022 3208 status
1041 3145 1187 3206 habendus

194 3241 257 3309 est,
274 3232 303 3290 in
317 3247 375 3308 quo
396 3228 466 3290 nibil
482 3229 540 3289 tale
557 3231 695 3308 patimur,
711 3233 750 3291 ita
766 3247 829 3291 cum
844 3230 1026 3308 acciderent,
1042 3231 1188 3306 ingentem

193 3314 381 3394 eloquentiae
407 3314 553 3374 materiam
582 3313 844 3376 subministrabant.
886 3315 994 3376 crescit
1021 3313 1096 3373 enirn
1124 3330 1186 3372 cum

192 3397 378 3476 amplitudine
399 3413 497 3457 rerum
517 3396 562 3456 nis
584 3397 712 3476 ingenii,
730 3417 786 3460 uec
807 3399 956 3478 quisquam
976 3396 1080 3457 claram
1101 3403 1131 3456 et
1145 3398 1187 3457 in·
