2540 3874
412 210 516 258 neuun
534 209 570 264 Π.
593 207 671 259 one.
694 207 843 270 22-26„
1073 199 1111 260 51

105 364 228 426 intentis
248 359 393 441 vestibus,
416 373 445 422 et
465 363 606 441 quaedam
626 363 844 425 evalidioribus
863 373 989 441 tructus,
1014 381 1111 424 rerer·

107 457 185 518 tere;
203 463 278 526 quus
295 448 398 526 raptim
412 447 540 508 relectas
554 449 630 508 misit
645 457 675 508 ut
690 455 887 508 scrutarentur
901 447 1018 509 insulus.
1050 448 1110 509 col·

108 530 178 592 lecti
200 547 236 591 eu
258 547 327 590 curu
349 530 494 609 plerique:
524 531 629 592 multos
653 531 819 609 Angrivarii
849 549 941 611 nuper
968 531 996 592 in
1028 531 1147 591 iidemu

108 615 224 692 accepti
245 612 415 693 redemptos
436 612 472 673 ab
488 613 672 675 interioribus
687 614 855 685 reddidere;
877 614 989 694 quidem
1006 615 1034 674 in
1051 615 1112 674 Rri-

108 697 232 757 tennium
260 699 336 776 rapti
364 706 393 756 et
418 697 533 757 remissi
561 715 577 758 u
603 697 722 776 regulis.
755 707 786 758 ut
807 700 870 776 quis
891 717 928 758 en
952 698 1110 777 longinquo

107 788 282 860 revenerut,
307 777 443 842 miracula
471 781 641 858 narrabunt,
666 781 723 841 vim
751 781 892 850 turbinum
921 790 950 841 et
972 782 1112 842 inauditus

106 864 261 943 uolucres,
291 871 417 924 monstro
443 865 545 943 muris,
573 863 721 943 ambiguas
739 863 882 924 hominum
913 873 941 925 et
964 864 1111 928 beluarum

105 949 233 1025 lormss,
250 949 311 1007 viso
326 949 391 1006 sive
408 965 445 1006 ex
459 956 535 1007 metu
551 949 669 1009 credite.
1116 965 1144 1006 ns

170 1031 222 1091 25.
238 1030 298 1091 Sed
312 1029 387 1090 ieme
403 1031 506 1091 classis
522 1032 644 1092 emissae
659 1041 690 1092 ut
707 1033 866 1094 Germanos
882 1033 917 1093 ad
934 1051 1016 1112 spem
1029 1031 1109 1110 belli,

105 1117 144 1175 itu
167 1113 325 1176 Gaesarem
343 1111 378 1175 ud
400 1113 592 1175 coercendum
614 1118 716 1176 erexit.
760 1115 793 1177 (i.
816 1117 888 1177 Silio
910 1133 972 1176 eum
994 1117 1110 1193 triginta

106 1196 251 1278 peditum,
267 1197 358 1258 tribus
374 1199 500 1276 equitum
513 1197 627 1259 milibus
643 1200 689 1260 ire·
701 1200 729 1259 in
748 1199 869 1261 Chattos
884 1201 921 1260 im
944 1205 1021 1268 e‘rut3
1045 1201 1109 1278 ipse

104 1280 264 1342 maioribus
279 1281 374 1360 copiis
388 1279 501 1342 blursos
518 1283 669 1361 inrumpit,
694 1300 814 1362 quorum
835 1217 1109 1346 dunlfullovendus

104 1383 200 1444 nuper
234 1365 262 1424 in
295 1363 467 1425 deditionem
500 1375 639 1444 aceeptus
668 1367 833 1446 propinquo
864 1367 930 1428 luco
963 1365 1130 1439 delossumu

103 1449 253 1509 Varianus
274 1447 400 1525 legionis
421 1447 543 1528 equilum
557 1448 671 1510 modico
692 1448 838 1528 praesidio
861 1451 971 1511 serrari
994 1448 1108 1510 indicet.

104 1534 191 1592 misse
220 1531 367 1611 extemplo
395 1549 493 1592 munus
514 1550 588 1611 quoe
608 1533 722 1594 bostem
743 1552 760 1594 a
779 1533 875 1593 ironte
896 1533 1031 1594 eliceret.
1062 1532 1109 1592 ulii

106 1617 154 1696 qui
177 1624 263 1693 terge
289 1615 493 1692 circumgressi
513 1615 699 1678 recluderent
719 1617 848 1686 lrumum;
872 1626 900 1677 et
913 1618 1043 1696 utrisque
1060 1616 1108 1676 ud·

104 1701 158 1760 luit
170 1700 296 1760 fortune.
312 1715 349 1758 ec
363 1699 525 1778 promptior
535 1698 644 1762 Caesar
659 1701 758 1780 pergit
772 1701 928 1777 introrsus,
944 1699 1107 1780 populetur,

105 1782 234 1844 excindit
253 1799 311 1843 uon
332 1799 431 1843 ausum
453 1782 593 1862 congredi
615 1784 729 1845 hostem
750 1794 814 1862 eut,
835 1784 927 1844 sicubi
952 1785 1142 1860 restiteruenr

104 1867 200 1928 stetim
223 1866 340 1944 pulsum·
359 1883 415 1926 nec
435 1883 566 1946 umquem
591 1869 699 1946 magis,
721 1876 751 1928 ut
769 1885 806 1927 ex
822 1869 945 1948 captivis
963 1868 1107 1947 cognitum

103 1960 167 2028 cst,
185 1957 349 2028 parentem.
381 1949 488 2030 quippe
504 1951 628 2012 invictos
643 1961 672 2012 et
694 1951 780 2011 nullis
795 1950 911 2012 casibus
927 1950 1108 2030 superabiles

103 2035 253 2096 Romanos
275 2032 495 2113 praedicebant,
525 2036 574 2114 qui
595 2034 708 2114 perdita
733 2035 845 2112 classe,
858 2064 861 2068 ·
876 2035 989 2095 omissis
1009 2035 1106 2110 ermis,

104 2126 174 2198 post
190 2125 337 2176 constratu
355 2133 493 2197 equomm
508 2118 694 2198 virorumque
710 2118 883 2198 corporibus
899 2119 983 2179 litore
1006 2117 1106 2178 eudem

105 2201 226 2278 simule,
243 2200 305 2279 puri
321 2199 432 2261 ferocia
449 2208 479 2260 et
493 2201 574 2262 uelut
590 2203 665 2262 uncti
680 2219 799 2262 numero
814 2203 1001 2280 inrupissent.
1115 2221 1139 2264 rs

166 2279 389 2346 265ll'eductus
405 2283 472 2344 iude
494 2284 523 2343 in
543 2284 664 2346 lribernu
687 2285 786 2362 miles,
809 2284 901 2345 laetus
925 2284 1010 2346 enimi
1029 2284 1106 2364 quod

101 2367 227 2429 adverse
259 2366 347 2427 muris
376 2366 563 2446 expeditione
589 2383 732 2449 prospers
762 2370 954 2448 pensavissct.
1000 2367 1130 2432 addidit.

100 2450 324 2514 munificentiam
347 2448 471 2528 Gsesur,
500 2459 633 2530 quantum
655 2453 718 2532 quis
743 2451 835 2512 domni
858 2451 1010 2530 professus
1033 2461 1105 2529 erut,

102 2533 305 2595 exsolvendo.'
336 2551 393 2594 nec
407 2532 520 2594 dubium
543 2529 701 2596 habebatur
715 2533 816 2596 lubere
829 2535 930 2596 hostes
948 2535 1104 2615 petendae-

101 2635 159 2698 que
180 2618 265 2698 pacis
287 2616 407 2678 consiliu
426 2635 558 2696 sumere,
579 2627 608 2678 et
629 2619 654 2678 si
669 2621 799 2698 proxima
818 2627 914 2680 aestus
931 2618 1129 2696 ediceremus

101 2717 194 2781 posse
205 2699 313 2760 bellum
330 2703 447 2779 petrori.
481 2700 533 2760 sed
549 2701 660 2762 crebris
676 2702 806 2780 epistulis
824 2701 955 2763 Tiberius
969 2701 1110 2763 monebat

100 2785 211 2845 rediret
231 2783 268 2844 sd
291 2783 439 2844 decretum
452 2784 646 2864 triumphum:
671 2785 741 2846 setis
762 2788 817 2847 iem
842 2795 1010 2864 eventuum,
1034 2786 1104 2846 sutis

100 2885 229 2930 cescum.
259 2884 401 2947 prospere
413 2867 454 2928 illi
466 2877 495 2928 et
506 2885 610 2946 megnu
622 2868 752 2948 proelia:
772 2885 871 2930 eorum
881 2887 997 2949 quoque
1006 2872 1102 2931 memi-

100 2954 192 3013 uisset
208 2951 285 3030 quiue
302 2952 380 3011 renti
397 2951 427 3012 et
443 2951 561 3029 ductus,
584 2952 661 3013 nullu
676 2951 756 3012 ducis
774 2953 874 3032 culpo,
892 2955 993 3031 grauia
1009 2963 1103 3014 tamen

103 3045 129 3094 et
142 3051 234 3096 sueva
246 3033 345 3094 dumne
359 3035 530 3096 intulissent.
557 3053 589 3096 se
605 3037 755 3096 noviense
768 3035 834 3096 divo
847 3037 979 3114 rlugusto
991 3039 1019 3098 in
1031 3037 1100 3100 Ger·
1113 3057 1136 3098 tt

101 3120 223 3180 muniens
244 3118 360 3178 missum
383 3119 465 3198 plura
487 3118 609 3180 consilio
632 3137 715 3198 quum
738 3119 767 3179 vi
781 3120 953 3200 perfecisse.
989 3123 1032 3182 sie
1050 3122 1101 3180 Su-

101 3201 240 3280 gambros
260 3202 289 3261 in
311 3200 485 3263 deditionem
500 3212 660 3283 acceptos,
682 3203 725 3264 sic
738 3203 852 3265 Suebos
866 3222 1025 3284 regemque
1039 3204 1100 3264 blu-

102 3285 263 3348 roboduum
281 3303 356 3364 puce
379 3286 555 3347 obstrictum.
596 3303 685 3366 posse
705 3295 734 3347 et
750 3283 916 3349 Gberuscos
931 3296 1101 3366 ceterosque

101 3368 255 3429 rebellium
277 3378 394 3447 gentes,
419 3371 552 3450 quonium
573 3372 719 3432 Romanae
728 3371 832 3430 ultioni
840 3375 1002 3430 consultum
1010 3377 1104 3446 esset,

102 3451 221 3513 internis
244 3449 396 3514 discordiis
408 3453 540 3533 relinqui.
576 3462 714 3534 precante
730 3452 900 3515 Germanico
921 3469 1023 3596 'gneum
1039 3450 1099 3510 elli-
1111 3476 1136 3514 us
