2570 3878
159 150 221 210 tat
409 159 576 207 conunnrr
595 157 712 206 raom
733 157 918 207 suasurum

155 315 241 392 citus,
258 314 425 396 Aegyptum
440 323 488 376 aut
504 315 617 376 Suriam
632 315 812 393 inuasurum,
831 314 979 393 fingebant
995 317 1079 378 simul
1097 337 1160 380 cra·

156 399 331 478 debentque.
369 401 423 458 iam
451 401 604 460 iuventutis
634 417 795 477 concursu,
827 401 882 460 ianr
907 399 1032 479 publicis
1059 403 1160 464 studiis

117 510 146 551 aa
156 483 402 564 frequentabatur,
422 484 515 544 laetus
529 483 734 563 praesentibus
750 493 778 545 et
790 485 913 544 inanium
924 503 988 564 spe,
1009 505 1072 560 cnm
1082 489 1160 548 audi·

155 578 213 629 tum
228 567 257 628 id
270 567 410 648 Poppaeo
426 569 551 630 Sabino:
567 570 592 628 is
605 569 796 630 Macedoniae
811 578 869 631 tum
882 569 1006 629 intentus
1017 570 1161 634 Achaiam

154 670 273 733 qnoque
289 652 417 712 curabat.
447 654 533 731 igitur
545 671 602 734 quo
614 670 685 714 vera
698 671 751 714 seu
763 653 837 716 ialsa
848 654 960 731 antiret,
977 653 1160 732 Toronaeum

154 736 403 816 Thermaeumque
418 739 509 798 sinum
530 737 760 816 praefestinare,
781 755 850 798 mox
873 737 1024 800 Euboeam
1045 739 1160 818 Aegaei

154 821 241 881 maris
264 821 386 882 insulam
409 831 439 882 et
460 821 592 882 Piraeum
614 821 730 883 Atticae
752 839 837 899 orae,
868 822 935 884 dein
956 821 1158 884 Corinthiense

101 906 222 966 'salitus
239 907 447 985 angustiasque
464 905 564 966 lsthmi
580 906 1157 987 evadit;mariquaJonioNicopolimRo·

153 1007 266 1051 mamam
281 989 426 1058 coloniam
446 992 614 1068 ingressus,
635 990 676 1050 ibi
696 990 809 1052 demum
833 993 986 1069 cognoscit
1010 993 1160 1054 sollertius

153 1076 377 1152 interrogatam,
402 1075 533 1156 quisnam
550 1074 642 1151 ioret,
669 1074 778 1136 dixisse
792 1074 830 1136 ll.
847 1075 946 1136 Silano
965 1077 1108 1155 genitum,
1130 1087 1161 1138 et

152 1157 249 1218 multis
264 1165 442 1218 sectatorum
456 1157 576 1238 dilapsis
590 1159 759 1220 ascendisse
772 1177 875 1220 narem
890 1168 1033 1241 tamquam
1048 1161 1161 1222 ltaliam

62 1305 66 1312 ,
154 1250 279 1322 peteret.
305 1242 481 1322 scripsitque
497 1241 572 1302 haec
585 1241 714 1321 liberio,
730 1261 826 1324 neque
838 1261 892 1305 nos
904 1245 1048 1322 originem
1060 1247 1159 1308 linem-

113 1348 143 1390 ao
153 1345 190 1386 ve
205 1327 267 1386 eius
282 1327 325 1386 rei
340 1325 414 1390 ultra
431 1327 635 1406 comperimus.
1120 1383 1125 1394 ,

162 1406 194 1482 V,
213 1405 358 1472 aaaron
380 1411 446 1472 anni
468 1409 515 1470 diu
538 1419 621 1471 aucta
639 1410 785 1472 discordia
800 1411 950 1474 consulum
967 1413 1070 1494 erupit.
1094 1433 1160 1476 nam

151 1493 233 1571 l'rio,
245 1495 341 1556 iacilis
351 1494 540 1573 capessendis
552 1495 705 1556 inimicitiis
713 1506 742 1556 et
752 1496 818 1557 ioro
831 1499 985 1575 exercitus,
995 1506 1026 1558 ut
1037 1515 1160 1575 segnem

151 1579 295 1657 Regulum
307 1578 343 1639 ad
354 1578 561 1660 opprimendos
574 1580 671 1640 Seiani
684 1581 830 1640 ministros
847 1579 966 1660 oblique
980 1583 1160 1661 perstrinxe-

152 1671 212 1724 rat:
223 1663 285 1740 ille,
299 1664 354 1723 uisi
365 1663 573 1741 lacesseretur,
585 1664 747 1726 modestiae
757 1666 898 1742 retinens,
910 1666 1160 1730 nonmodorettu·

126 1746 193 1807 adit
205 1746 363 1826 collegam,
375 1747 427 1810 sed
438 1757 470 1808 ut
480 1748 595 1808 noxium
607 1749 812 1810 coniurationis
824 1748 1094 1829 addisquisitionem
1102 1760 1159 1814 tra·

151 1829 249 1892 habat.
269 1832 425 1912 multisque
441 1840 553 1910 patrum
565 1832 713 1893 orantibus
725 1842 869 1912 ponerent
880 1832 946 1894 odia
958 1834 987 1894 in
999 1837 1160 1914 perniciem
1212 1837 1215 1844 '

146 1921 235 1990 itura,
250 1933 383 1976 mansere
399 1915 504 1977 iniensi
518 1935 553 1977 ac
564 1917 736 1995 minitantes,
749 1917 843 1978 donec
853 1918 1024 1996 magistratu
1035 1917 1159 1982 abirent.

177 1997 227 2072 Vl,
244 1995 271 2056 1.
283 1996 336 2058 Cn.
365 1997 505 2061 Domitius
543 2010 573 2060 et
606 1999 743 2062 Camillus
780 2001 987 2064 Scribonianus
1024 2004 1159 2066 consola-

149 2093 209 2144 tum
234 2083 371 2161 inierant,
404 2102 469 2146 cum
483 2082 600 2146 ¹Caesar
621 2087 754 2146 tramisso
777 2086 854 2166 quod
876 2085 1006 2166 Capreas
1034 2096 1063 2148 et
1089 2090 1159 2149 Sur·

148 2176 263 2229 rentum
277 2167 404 2232 interluit
418 2169 495 2230 ireto
512 2167 697 2250 Campaniam
718 2169 927 2250 praelegebat,
950 2170 1101 2251 ambiguus
1121 2191 1159 2234 an

150 2251 252 2313 urbem
270 2252 403 2330 intraret,
419 2271 489 2330 seu,
506 2254 572 2334 quia
590 2262 690 2314 contra
707 2255 918 2333 destinaverat,
941 2258 1072 2337 speciem
1088 2275 1158 2320 ren·

121 2339 206 2397 atari
220 2335 368 2399 simulans.
398 2345 428 2398 et
445 2354 536 2418 saepe
553 2338 582 2397 in
597 2340 761 2417 propinqua
776 2337 955 2418 degressus,
975 2339 1060 2401 aditis
1078 2342 1159 2404 iuxta

150 2420 278 2482 Tiberim
298 2420 406 2499 hortis,
428 2437 499 2482 saxa
521 2439 634 2483 rursum
660 2431 689 2482 et
712 2421 901 2484 solitudinem·
916 2425 1003 2486 maris
1027 2427 1159 2506 repetiit,

146 2504 262 2586 :pudore
283 2503 429 2566 scelerum
449 2513 479 2566 et
500 2505 660 2584 libidinum,
682 2505 785 2586 quibus
805 2507 881 2568 adeo
906 2508 1052 2570 indomitis
1071 2527 1158 2570 exar-

149 2596 238 2664 serat,
255 2597 284 2648 ut
297 2605 381 2650 mora
395 2590 481 2667 regio
496 2590 604 2670 pubem
619 2592 774 2670 ingenuam
790 2594 898 2672 stupris
914 2593 1070 2672 pollueret.
1099 2611 1160 2654 neo

148 2673 271 2733 formam
285 2681 392 2734 tanturn
407 2683 437 2734 et
451 2674 560 2738 decora
576 2692 719 2756 corpora,
742 2683 788 2737 set
801 2677 830 2737 in
843 2676 891 2738 his
905 2678 1066 2740 modestam
1085 2696 1158 2758 pne·
1183 2661 1189 2675 ⁹
1270 2735 1277 2747 .

102 2757 259 2834 ¹ueritiam,
288 2758 317 2816 in
344 2757 407 2818 aliis
434 2758 575 2837 imagines
604 2760 745 2821 maiorum
772 2761 985 2830 incitamentum
1013 2762 1159 2844 cupidinis

147 2839 284 2901 habebat.
320 2849 448 2921 tuncque
467 2844 589 2922 primum
619 2844 719 2922 ignota
747 2853 834 2906 antea
861 2846 1005 2908 uocabula
1037 2856 1158 2928 reperta

148 2933 215 2986 sunt
229 2923 412 2986 sellariorum
429 2934 459 2988 et
472 2929 658 3006 spintriarum
674 2947 713 2993 ex
727 2929 868 2992 foeditate
883 2930 943 2992 loci
955 2948 993 2994 ac
1004 2931 1156 3012 multiplici

146 3010 304 3088 patientia3
323 3011 544 3090 praepositique
555 3013 644 3092 servi,
658 3014 706 3092 qui
719 3013 928 3094 conquirerent
939 3015 1155 3096 pertraherent,

148 3093 225 3153 dona
240 3093 269 3153 in
286 3102 453 3174 promptos,
469 3098 560 3158 minas
578 3096 733 3160 adversum
746 3097 924 3177 abnuentes,
946 3109 976 3165 ct
999 3100 1025 3163 si
1047 3100 1157 3170 retine·

109 3185 212 3240 aurant
234 3178 414 3258 propinquus
434 3189 483 3240 aut
504 3198 627 3260 parens,
653 3183 711 3243 rim
729 3190 833 3262 raptus
856 3201 967 3264 suaque
993 3185 1050 3266 ipsi
1074 3184 1159 3258 libita

148 3260 271 3322 velutin
289 3271 392 3341 captos
406 3264 595 3328 exercebant.
903 3306 906 3312 ·

208 3345 238 3405 2.
261 3344 300 3405 At
319 3347 432 3408 Romae
454 3349 598 3429 principio
616 3353 699 3430 anui,
719 3353 803 3433 quasi
822 3371 930 3419 recens
959 3333 1084 3432 cognitis
1109 3351 1157 3414 bi·

144 3426 215 3487 siae
230 3427 345 3505 flagitiis
360 3449 395 3494 ac
411 3448 470 3493 non
486 3433 599 3514 pridem
617 3437 702 3498 etiam
718 3437 839 3518 punitis,
862 3445 978 3507 atroces
990 3437 1159 3526 sententiaa
