2536 3870
357 145 359 147 >
461 137 574 187 ¹tatur.
590 90 677 188 Η.
805 93 815 112 ⁴
1012 128 1074 192 tta

88 298 184 364 algui.
206 294 329 346 Aviones.
358 293 456 360 Anglii.
483 293 583 346 Varini.
611 294 736 345 Eudoses.
758 293 913 344 Suardones.
939 295 1073 348 Nuitones.

19 413 22 420 .
92 365 191 418 Nerthi
207 364 289 414 nultus
303 363 452 412 eommunis.
469 363 512 415 41.
530 359 709 414 Hermunduri.
726 363 770 412 42.
789 363 892 413 Naristi.
909 363 1073 416 Marcomani.

91 434 195 494 Quadi.
220 430 263 482 43.
277 430 411 496 Marsigni.
430 429 519 481 Cotini.
536 428 588 480 Osi.
605 431 676 492 Buri.
690 431 831 498 Lugiorum
845 432 973 492 civitates,
994 431 1073 495 ilarii,

93 503 272 561 Helveoones,
296 498 413 560 Manimi,
436 498 524 560 Elisii,
550 497 737 561 Nahadarvali;
761 498 852 549 borum
879 513 974 550 numen
993 501 1073 550 Aleis.

93 569 223 621 Gotones.
238 568 324 633 Rugii.
337 567 460 620 Lemovii.
477 568 521 618 44.
538 565 660 629 Suiones,
675 567 800 618 elassibus
809 566 930 618 valentes.
945 569 990 620 45.
1003 583 1074 618 mare

94 642 213 706 pigrum.
232 635 333 697 Aestii,
346 635 437 687 matris
452 635 529 686 deum
547 635 671 694 emtores,
688 637 819 688 suooinunr
829 637 925 704 legunt.
943 635 1073 688 Sitonibns

96 707 198 758 femina
206 705 323 769 Ruperat.
350 703 394 754 46.
406 702 520 764 Peuoiui,
533 703 640 766 Venedi,
651 703 739 766 Penni,
753 704 872 754 Germani
881 719 914 754 an
925 703 1075 756 Sarmatae?

95 789 191 825 eorum
205 771 308 832 feritas,
323 778 469 838 paupertas.
487 769 619 822 hominum
631 779 762 835 monstra,
772 771 894 833 Hellusii,
911 772 1031 824 Oxiones.

131 903 159 953 1.
184 891 337 953 Germania
373 893 464 952 omnis
479 905 514 952 'a
545 892 637 954 Gallis
669 893 829 972 Raetisque
858 904 888 955 et
918 895 1075 964 Pannoniis

59 981 174 1040 Rheno
191 985 220 1036 et
240 975 372 1036 Danuvio
399 975 579 1052 huminibus,
607 996 624 1038 a
649 977 789 1038 Sarmatis
812 977 961 1058 Daoisque
976 980 1075 1042 mutuo

61 1071 146 1121 metu
162 1068 211 1119 aut
232 1058 377 1118 montibus
391 1070 559 1140 separatur:
587 1069 688 1121 uetera
710 1061 845 1122 Oceanus
868 1063 971 1140 ambit,
998 1063 1076 1124 latos

63 1148 149 1206 sinus
173 1151 202 1202 et
222 1141 378 1202 insularum
399 1143 527 1206 inmensa
549 1146 643 1224 spatia
669 1144 887 1225 eompleotens,
911 1164 1005 1227 nuper
1025 1165 1074 1208 oo·

62 1229 157 1308 guitis
173 1225 346 1306 quibusdam
368 1228 503 1304 gentibus
517 1246 554 1288 ao
570 1228 710 1307 regibus,
726 1247 801 1310 quos
817 1229 925 1290 bellum
949 1233 1095 1312 aperuita

62 1313 209 1388 Rhenus,
222 1310 405 1372 Raeticarum
422 1310 540 1389 Alpium
554 1313 710 1373 inaccesso
731 1331 766 1374 ao
787 1315 941 1393 praecipiti
963 1316 1076 1374 vertice

64 1407 170 1472 ortus,
199 1394 316 1455 modioo
343 1393 422 1454 flexu
446 1395 475 1454 in
507 1394 691 1457 oooideutem
718 1414 823 1458 versus
853 1397 1076 1476 septentrionali

67 1479 189 1540 Ooeano
205 1479 352 1539 miscetur.
389 1477 538 1540 Danuvius
552 1479 635 1540 molli
656 1488 685 1540 et
700 1479 859 1541 elementer
876 1481 953 1540 edito
968 1483 1076 1540 montis

65 1563 214 1624 Abnobae
229 1563 299 1640 iugo
323 1561 432 1622 suasus
452 1561 544 1642 pluris
569 1562 698 1643 populos
719 1563 792 1639 adit,
815 1565 913 1624 dohee
934 1567 963 1625 in
979 1563 1078 1624 Ponti.

69 1665 135 1708 eum
153 1663 233 1706 mare
259 1663 313 1706 sex
333 1644 476 1707 meatibus
501 1656 648 1727 erumpat:
679 1649 830 1727 septimum
856 1666 890 1708 os
919 1646 1104 1728 paludibusto

69 1729 206 1792 hauritur.

132 1813 273 1895 2.1psos
305 1813 466 1877 Germanos
499 1814 652 1892 indigenas
695 1815 868 1874 erediderim
901 1817 1074 1894 minimeque

68 1899 188 1962 aliarum
214 1899 342 1976 gentium
366 1897 537 1960 adventibus
563 1907 593 1958 et
614 1897 748 1978 hospitiis
769 1899 891 1975 mixtos,
926 1899 992 1978 quia
1019 1917 1076 1959 neo

68 1995 146 2044 terra
162 1980 230 2042 olim
242 1981 296 2042 aed
312 1981 456 2043 elassibus
469 1980 688 2043 advehebantur
700 1985 748 2062 qui
758 1992 869 2053 mutare
883 1983 972 2044 sedes
987 2000 1073 2061 quae·

14 2063 15 2136 J
70 2065 186 2143 rebant,
209 2075 238 2125 et
253 2067 399 2126 inmensus
414 2067 491 2126 ultra
514 2075 603 2144 utque
619 2067 662 2126 sie
678 2065 800 2125 dixerim
823 2065 966 2126 adversus
982 2065 1074 2125 Oeen·

14 2219 15 2226 p
71 2167 124 2209 nus
138 2151 212 2210 raris
228 2149 264 2208 ab
283 2148 356 2209 orbe
376 2157 479 2209 nostro
497 2149 620 2209 navibus
634 2149 743 2210 aditur,
775 2150 839 2228 quis
857 2167 966 2229 porro,
988 2167 1096 2228 prae-s

71 2243 116 2293 ter
133 2231 292 2312 periculum
304 2231 414 2296 horridi
430 2240 461 2293 et
471 2233 563 2310 ignoti
577 2233 681 2310 maris,
693 2231 765 2292 Asia
782 2241 829 2292 aut
840 2232 943 2296 Antea
956 2239 1004 2292 aut
1018 2232 1073 2292 Ita·

14 2341 15 2352 ¹
72 2319 110 2378 lia
134 2316 237 2376 reliota
265 2315 446 2378 Germaniam
471 2325 599 2394 peteret,
628 2315 781 2377 informem
807 2317 895 2378 terris
939 2333 1076 2396 asperam

14 2409 15 2412 ’
32 2420 39 2428 ·
74 2399 172 2476 caelo,
188 2400 301 2460 tristem
320 2400 398 2461 cultu
413 2410 609 2479 aspectuque,
625 2401 681 2460 uisi
697 2403 721 2460 si
738 2401 831 2479 patria
845 2397 904 2459 siti
1090 2395 1092 2400 ’

14 2483 15 2492 ’
154 2479 313 2545 celebrant
335 2483 508 2544 torminibus
529 2484 670 2562 antiquis,
700 2484 779 2562 quod
799 2501 886 2544 unum
908 2483 985 2564 apud
1006 2483 1075 2544 illos

72 2569 227 2629 memoriae
242 2577 272 2628 et
283 2569 426 2630 annalium
439 2585 533 2646 genus
549 2574 611 2644 est,
626 2567 795 2628 Tuistonem
810 2567 895 2629 deum
916 2577 995 2628 terra
1014 2567 1072 2628 edi·
1083 2585 1109 2626 1o

74 2664 129 2713 turn
158 2660 187 2712 et
216 2651 305 2712 lilium
340 2650 491 2730 blannum,
529 2651 671 2730 originem
704 2653 801 2730 gentis
835 2650 1073 2730 conditoresque.

73 2735 175 2798 Ranuo
195 2737 249 2795 tris
270 2735 346 2796 lilios
374 2735 543 2814 adsignant,
572 2753 589 2796 e
618 2751 741 2814 quorum
760 2734 923 2796 nominibus
950 2737 1075 2815 proximi

76 2819 190 2881 Oceano
211 2818 413 2898 Ingaevones,
441 2819 528 2880 medii
547 2818 757 2896 Herminones,
790 2819 882 2880 oeteri
902 2819 1075 2882 Istaevones

75 2913 220 2965 vocentur.
256 2903 387 2982 quidam,
400 2912 431 2963 ut
445 2905 473 2963 in
488 2903 606 2965 lieentia
624 2904 792 2982 vetustatis,
813 2903 905 2982 pluris
920 2905 977 2964 deo
993 2913 1075 2965 ortos

73 2988 219 3068 plurisque
239 2988 337 3066 gentis
359 2986 592 3066 appellationes,
615 2987 730 3050 Earsos
751 2985 934 3049 Gambrivios
957 2987 1072 3048 Suebos
1083 3004 1108 3044 15

77 3067 227 3128 Vandilios
248 3069 411 3148 adlirmant,
427 3087 521 3150 eaque
536 3088 609 3133 vera
625 3080 655 3133 et
666 3073 783 3150 antiqua
794 3073 918 3132 nomina.
945 3082 1073 3132 aeterum
1178 3141 1179 3144 Ἴ

78 3151 242 3214 Germaniae
256 3153 430 3214 rotabulum
442 3171 548 3216 reeens
563 3163 593 3216 st
607 3172 701 3235 nuper
714 3154 840 3216 additum
851 3200 860 3232 ,
870 3147 1009 3234 'moniam
1027 3155 1075 3233 qui

77 3237 157 3316 primi
176 3236 309 3298 Rhenum
330 3239 507 3315 transgressi
531 3237 631 3300 Gallos
659 3237 826 3315 expulerint
845 3255 879 3296 aa
903 3257 978 3299 nuno
1000 3238 1074 3298 l'uu·

79 3320 136 3400 goi,
160 3327 228 3380 tuno
252 3319 387 3382 Germani
413 3322 512 3381 voeati
535 3324 606 3384 sint:
636 3323 676 3383 ita
707 3322 831 3384 nationis
882 3341 986 3383 nomeu
1043 3322 1074 3380 in

70 3405 169 3482 ‚genus
214 3404 361 3467 evaluisse
382 3405 534 3487 paulatim,
556 3416 588 3468 ut
602 3407 839 3486 omnesprimum
854 3408 1006 3546 p3rietora
1033 3404 1107 3464 obeo

56 3495 66 3516 ²
117 3510 200 3549 rnorrr
214 3509 285 3549 rans
300 3513 328 3550 11.
