2568 3870
190 194 230 254 52
413 205 962 254 conuenturacmrmsuouranuu

135 346 137 358 Α
190 364 267 438 iere,
295 360 399 440 quibus
420 359 553 420 adiuncta
570 360 704 438 Ligurum
720 361 844 437 cohors,
865 369 950 421 retus
966 359 1025 422 loci
1041 361 1189 439 auxilium,

157 456 182 498 ¹⁰
194 455 222 506 et
246 446 395 526 quingenti
415 444 570 520 Pannonii,
591 443 716 504 nondum
730 443 783 504 sub
801 445 902 521 siguis.
932 462 989 504 nec
1002 462 1084 506 mora
1101 463 1190 524 proe-

191 532 248 604 lio,
283 530 336 588 sed
356 528 435 588 acies
457 529 496 588 ito
512 528 665 606 instructo,
689 538 719 588 nt
734 545 801 608 pars
817 528 1006 590 classicorum
1022 529 1119 590 mixtis
1139 549 1191 610 pe·

190 614 273 692 garis
297 617 326 672 iu
346 612 440 672 colles
461 612 533 672 mori
555 613 734 690 propinquos
756 621 950 690 exsurgeret,
966 622 1101 691 quantum
1114 615 1193 674 inter

191 696 284 770 colles
297 714 332 757 ac
347 696 414 757 litus
430 696 516 774 aequi
530 695 589 756 loci
606 696 806 774 praetorianus
821 695 905 756 miles
921 696 1066 775 expleret,
1081 699 1192 777 inipso

191 781 263 841 mari
280 789 309 840 ut
326 781 439 841 adnexa
455 779 558 840 classis
583 789 612 840 et
630 797 745 858 pugnae
766 788 867 858 parata
883 795 1027 841 conversa
1043 790 1073 841 et
1086 783 1193 842 minaci

156 885 182 924 as
193 866 288 925 fronte
306 864 560 944 praetenderetur:
578 863 742 940 Vitelliani,
759 862 863 940 quibus
877 865 970 923 minor
993 863 1121 943 peditum
1136 867 1193 944 vis,

189 951 218 1006 in
238 950 337 1026 equite
353 947 460 1023 robur,
472 947 597 1026 Alpinos
612 948 752 1025 proximis
767 947 860 1024 iugis,
876 947 1015 1009 cohortes
1030 947 1130 1010 densis
1140 967 1191 1012 or·

190 1031 302 1091 dinibus
319 1040 386 1111 post
404 1033 528 1110 equitem
543 1030 649 1090 locant.
666 1031 861 1092 Treuerorum
874 1039 984 1092 turmae
1008 1031 1144 1094 obtulere
1159 1053 1193 1094 se

190 1115 267 1174 hosti
280 1117 412 1194 incaute,
428 1131 492 1174 cum
509 1115 661 1193 exciperet
677 1125 778 1175 contro
794 1124 949 1176 veteranus
963 1117 1058 1193 miles,
1075 1117 1192 1178 simula

190 1197 284 1258 latere
305 1200 385 1258 saxis
406 1206 546 1275 urgueret
566 1206 634 1277 apta
656 1199 691 1258 ad
714 1199 875 1260 iaciendum
901 1201 985 1260 etiam
1011 1208 1189 1279 paganorum

155 1295 306 1358 romanus,
326 1283 374 1362 qui
396 1283 490 1361 sparsi
511 1283 586 1342 inter
600 1281 724 1343 milites.
740 1284 848 1342 strenui
864 1283 1037 1363 ignavique,
1052 1285 1083 1344 in
1101 1287 1184 1346 ricto·

189 1367 232 1426 ria
246 1365 322 1426 idem
336 1365 488 1427 audebant.
519 1365 632 1428 additus
656 1366 802 1446 perculsis
821 1376 917 1427 terror
932 1368 1048 1428 invecta
1064 1369 1093 1426 in
1108 1377 1185 1444 terga

190 1453 375 1528 pugnantium
390 1450 502 1511 classe:
526 1452 566 1510 ita
580 1449 706 1529 undique
723 1455 814 1512 clnusr
831 1449 1007 1531 deletaeque
1022 1467 1126 1512 omnes
1141 1469 1187 1512 co·

188 1536 256 1611 piae
271 1534 386 1610 iurent,
412 1536 440 1594 ni
454 1533 597 1594 victorem
613 1536 772 1595 exercitum
787 1534 950 1595 attinuisset
965 1533 1123 1596 obscurum
1139 1552 1187 1594 no·

190 1619 260 1693 etis,
278 1618 408 1678 obtentui
422 1618 611 1695 fugientibus.

252 1703 300 1762 15.
323 1700 387 1761 Nec
402 1700 551 1763 Vitelliani
568 1718 739 1780 quemquam
752 1703 822 1762 uicti
843 1703 998 1781 quievere:
1022 1703 1125 1764 accitis
1143 1722 1191 1764 au·

189 1784 267 1844 xiliis
283 1802 417 1844 securum
431 1785 545 1844 hostem
561 1801 596 1845 ac
610 1803 751 1845 successu
770 1803 866 1846 rerum
888 1785 1041 1847 socordius
1055 1796 1191 1864 agentem

189 1867 334 1928 inuadunt.
372 1870 450 1928 caesi
472 1869 592 1945 vigiles,
614 1877 752 1947 perrupta
780 1878 891 1946 castra,
921 1870 1092 1949 trepidatum
1116 1871 1192 1950 apud

190 1951 286 2028 uaris,
314 1950 407 2012 donec
428 1950 541 2012 sidente
569 1953 703 2032 paulatim
725 1961 818 2028 metu,
841 1963 985 2032 occupato
1011 1955 1089 2014 iuxta
1112 1955 1193 2016 colle

167 2033 321 2111 odelensi,
337 2052 405 2096 mox
420 2036 566 2115 inrupere.
600 2045 684 2096 atrox
699 2036 738 2096 ibi
754 2037 880 2114 caedes,
900 2045 930 2096 et
943 2037 1124 2114 Tungrarum
1141 2055 1192 2098 co·
1266 2097 1267 2114 ,

191 2119 314 2179 hortium
326 2119 469 2198 praelecti
481 2128 640 2181 sustentata
653 2120 700 2180 diu
712 2119 776 2179 acie
788 2120 855 2180 telis
866 2121 1034 2186 obruuntur.
1057 2121 1192 2182 ueOtho·
1267 2142 1268 2157 ³

190 2203 282 2264 nianis
305 2203 420 2283 quidem
441 2204 591 2265 incruenta
606 2204 728 2264 victoria
743 2203 811 2279 luit,
838 2221 960 2284 quorum
975 2206 1128 2285 inprovide
1143 2225 1191 2268 ee·

191 2295 275 2347 cutos
289 2287 433 2347 'conversi
455 2288 571 2365 equites
590 2289 849 2348 circumvenerunt.
880 2305 916 2349 ao
933 2288 1014 2349 velut
1033 2289 1127 2367 pactis
1149 2290 1188 2350 in·

190 2369 296 2446 dariis,
313 2389 352 2430 ne
372 2371 439 2432 hinc
454 2371 557 2431 classis
579 2369 644 2431 inde
661 2389 753 2451 eques
768 2371 891 2432 subitam
905 2372 1085 2433 formidinem
1102 2371 1190 2434 inier-

46 2525 50 2533 ,.
157 2463 270 2533 rorent,
291 2455 436 2516 Vitelliani
457 2463 536 2515 retro
553 2454 710 2533 Antipolim
726 2453 925 2516 Narbonensis
945 2455 1056 2518 Galliae
1072 2457 1190 2517 munici-

192 2539 280 2616 pium,
296 2537 450 2599 Othoniani
466 2536 659 2616 Albigaunum
671 2539 817 2599 interioris
832 2537 966 2616 Liguriae
979 2549 1142 2602 revertere.

256 2622 306 2684 16.
334 2621 483 2683 Corsicam
506 2640 541 2682 ac
570 2623 727 2684 Sardiniam
750 2631 923 2702 ceterasque
952 2624 1078 2702 proximi
1104 2627 1192 2684 maris

190 2703 299 2765 insulas
317 2705 393 2766 lama
414 2705 542 2767 victricis
559 2706 662 2767 classis
678 2705 849 2786 inpartibus
864 2705 986 2767 Othonis
1002 2709 1103 2768 tenuit.
1137 2708 1192 2769 sed

192 2788 341 2848 corsicam
356 2806 450 2869 prope
463 2789 573 2851 addixit
586 2789 707 2850 Decumi
727 2789 838 2851 Pacarii
857 2793 1057 2868 procuratoris
1074 2793 1191 2852 temeri-

191 2884 247 2947 tas,
262 2879 338 2932 tanta
357 2871 432 2933 mole
449 2871 519 2934 belli
534 2873 602 2932 nihil
617 2875 646 2933 in
659 2875 795 2947 summam
807 2873 967 2952 profutura,
985 2875 1040 2954 ipsi
1055 2876 1191 2936 exitiosa.

169 2971 314 3035 tuamque
331 2956 452 3016 Othonis
468 2957 536 3018 odio
551 2958 652 3018 iuvare
665 2957 813 3018 Vitellium
830 2955 988 3018 Corsorum
1008 2958 1119 3020 uiribus
1134 2967 1192 3019 sta·

191 3041 262 3115 tuit,
284 3041 361 3101 inani
375 3040 493 3119 anxilio,
516 3040 600 3101 etiam
617 3043 642 3100 si
658 3043 852 3121 provenisset.
882 3042 993 3102 vocatis
1011 3041 1192 3122 principibus

192 3123 303 3183 insulae
317 3123 474 3184 consilium
494 3125 603 3202 aperit,
630 3135 660 3185 et
675 3133 775 3186 contra
791 3125 891 3186 dicere
907 3142 1010 3201 ausos,
1040 3125 1190 3187 Claudium

192 3206 360 3282 Pyrrhicam
377 3207 566 3269 trierarchum
586 3207 801 3269 Liburnicarum
821 3209 861 3269 ibi
886 3212 1013 3285 narium,
1044 3207 1190 3283 Quintium

193 3287 311 3349 Certum
329 3291 454 3367 equitem
471 3293 640 3368 Romanum,
657 3293 780 3353 interlici
791 3292 885 3355 iubet:
901 3309 1022 3372 quorum
1033 3304 1127 3353 morte
1140 3311 1189 3352 ex·

161 3381 184 3419 1⁰
195 3373 286 3432 territi
310 3375 356 3450 qni
371 3372 507 3450 aderant,
527 3376 609 3436 simul
624 3378 726 3454 ignaua
742 3385 771 3436 et
788 3375 874 3438 alieni
895 3386 988 3438 metus
1003 3376 1085 3438 socia
1099 3379 1189 3456 impe·

194 3454 312 3512 ritorum
336 3455 419 3517 turba
439 3459 467 3516 in
487 3457 577 3518 verba
601 3459 710 3520 Vitellii
731 3462 876 3522 iuravere.
908 3461 961 3520 sed
982 3460 1031 3522 ubi
1053 3461 1189 3522 dilectum
