2540 3874
404 131 508 225 nunna
528 175 565 225 ιι.
588 175 665 224 cnr.
685 174 818 230 st-ao.
1072 169 1114 232 ot

109 341 165 394 set:
182 329 239 392 bos
255 329 331 392 enim
347 346 414 390 esse
430 328 601 392 llitbridatis
619 331 758 393 adversus
775 331 903 410 Sullam,
923 333 1041 394 Antonii
1063 334 1118 396 ad·

108 432 206 476 versus
219 413 314 475 dirum
326 415 487 492 Augustum
499 415 609 476 socios.
633 416 717 477 etiarn
728 426 829 477 uetera
841 416 1023 496 obiectabat,
1036 436 1112 497 quae
1161 411 1165 420 ’

107 501 134 560 in
149 498 324 561 Macedones
340 500 532 580 inprospere,
556 499 700 561 uiolenter
713 501 742 560 in
757 519 826 561 suos
842 501 998 580 fecissent,
1020 503 1111 564 oileu-

108 603 153 644 sus
167 583 231 643 urbi
247 584 366 664 propria
385 601 501 664 quoquc
517 583 574 662 ira,
592 584 657 663 quia
670 584 861 666 Theophilum
875 584 1017 666 quendam
1028 586 1109 647 Areo

107 667 210 729 iudicio
224 666 291 729 lalsi
308 666 468 729 damnatum
483 668 621 748 precibus
638 669 696 728 suis
710 687 769 730 non
784 669 990 730 concederent.
1030 672 1105 731 exim
1119 691 1148 734 re

105 751 287 830 aurigatione
308 751 399 812 celeri
420 770 475 834 per
498 749 643 828 Cycladas
664 761 694 814 et
719 752 891 834 compendia
913 755 1000 816 maris
1026 753 1109 816 adse·

106 837 198 917 quitur
224 834 423 898 Germanicum
451 834 527 916 apud
553 837 674 897 insulam
702 836 850 917 Rbodum,
878 838 954 899 baud
981 839 1110 900 nescium

104 920 205 1001 quibus
226 918 466 981 insectationibus
489 920 595 1001 petitus
616 921 708 984 iuret:
732 922 784 983 sed
799 930 877 983 tauta
891 922 1110 984 mansuetudine

104 1003 225 1084 agebat,
239 1011 286 1084 nt,
302 1021 366 1065 curn
380 1013 445 1066 orta
459 1011 618 1084 tempestas
635 1014 754 1086 raperet
767 1007 797 1066 iu
812 1006 933 1087 abrupta
948 1017 1110 1086 possetque

103 1090 231 1152 interitus
254 1087 362 1149 inimici
384 1088 420 1150 ad
443 1105 540 1150 casuro
563 1089 688 1168 relerri,
711 1089 822 1151 miserit
841 1090 967 1150 triremis
989 1108 1109 1170 quarum
1123 1105 1149 1147 rs

102 1171 229 1234 subsidio
246 1170 402 1234 discrimini
419 1173 603 1234 eximeretur.
637 1191 734 1253 neque
750 1181 845 1236 tamen
865 1173 1011 1252 mitigatus
1025 1172 1107 1252 Piso,

102 1267 130 1318 et
148 1259 197 1318 vix
219 1253 278 1318 diei
298 1273 417 1319 moram.
429 1273 591 1340 perpessus
608 1257 710 1338 linquit
728 1257 928 1321 Germanicum
943 1261 1107 1338 praevenit·

101 1361 167 1422 que.
196 1348 226 1403 et
241 1349 396 1423 postquam
410 1342 521 1403 Suriam
538 1359 573 1402 ac
587 1341 723 1422 legiones
739 1342 848 1421 attigit,
862 1341 1032 1421 largitione,
1050 1361 1110 1404 aru·

101 1428 184 1504 bitu,
196 1425 311 1488 iullmos
330 1424 549 1506 manipularium
569 1425 710 1506 iurando,
740 1443 803 1487 curu
825 1434 943 1487 veteres
965 1427 1110 1487 centurio·

99 1528 210 1596 nes,s
195 1526 320 1572 severos
345 1509 476 1571 tribunos
498 1509 668 1571 demoveret
688 1511 812 1592 locaque
834 1527 934 1572 eorum
955 1509 1111 1570 clientibus
1121 1520 1148 1564 au

100 1595 159 1656 suis
174 1592 223 1655 rel
239 1593 396 1656 deterrimo
413 1596 517 1675 cuique
535 1593 721 1672 attribueret,
739 1593 901 1656 desidiam
892 1612 921 1654 ιιι
936 1594 1054 1673 castris,
1078 1594 1112 1654 li·

99 1681 223 1741 centiam
238 1678 268 1740 ln
281 1677 402 1739 urbibus
409 1695 541 1758 ,vagum
556 1696 591 1740 ac
605 1679 806 1740 lascivientem
819 1695 873 1759 per
887 1695 977 1758 agros
990 1677 1113 1739 militem

98 1765 224 1841 sineret,
252 1778 288 1823 eo
309 1779 402 1844 usque
425 1763 622 1842 corruptionis
648 1772 806 1844 provectus
826 1771 887 1842 est,
920 1771 950 1822 ut
974 1779 1112 1824 sermone

96 1847 179 1925 vulgi
196 1863 303 1927 parens
317 1845 466 1926 legionum
481 1844 648 1909 baberetur.
685 1866 741 1908 nec
755 1847 893 1908 Plancina
915 1864 947 1907 sc
968 1847 1045 1907 intra
1061 1847 1111 1908 de·

22 1987 23 2004 2
101 1949 173 1993 cora
186 1929 301 1992 leminis
316 1930 448 2012 tenebat,
470 1929 524 1992 sed
539 1931 680 1993 exercitio
703 1933 844 2011 equiturn,
868 1929 1041 1992 decursibus
1062 1946 1150 1992 coss

94 2016 222 2077 bortiurn
242 2015 404 2094 interesse,
425 2017 455 2076 iu
470 2016 676 2116 Agrippinam,
699 2016 728 2076 in
746 2015 945 2079 Germanicum
961 2024 1113 2078 contume

94 2100 180 2161 lias·
172 2116 288 2178 tacere,
308 2098 477 2181 quibusdam
500 2101 587 2161 etiarn
607 2100 749 2161 bonorum
770 2099 888 2160 militum
910 2099 945 2160 ad
966 2098 1044 2161 mala
1059 2097 1112 2161 ob·

94 2183 486 2330 {lllidddillulld
507 2182 1111 2348 ittilttttttttttttztt,litut

91 2351 300 2416 sdArmenios
313 2352 464 2414 instantior
480 2370 549 2414 cura
565 2352 627 2413 tuit.
1036 2395 1041 2402 -
1120 2369 1148 2412 ao

22 2481 24 2520 3
151 2437 214 2499 56.
240 2435 384 2515 Ambigua
414 2455 488 2517 gens
517 2453 551 2497 ca
581 2437 735 2518 antiquitus
763 2435 941 2498 bominum
932 2431 1058 2514 rng'cniis
1082 2445 1139 2496 et
1188 2491 1202 2498 ..

22 2521 24 2566 t
92 2523 150 2582 situ
175 2529 331 2601 terrarum,
352 2523 485 2602 qnoniam
508 2522 615 2581 nostris
639 2521 797 2602 provinciis
811 2521 869 2582 late
888 2527 1041 2600 praetenta
1060 2536 1111 2600 pe·

92 2607 172 2668 nitus
188 2604 225 2666 ad
239 2604 343 2667 bledos
364 2603 539 2686 porrigitur;
563 2603 752 2685 maximisque
772 2605 902 2685 imperiis
917 2604 1064 2664 interiecti
1082 2612 1112 2665 et

94 2687 217 2769 saepius
239 2689 392 2751 discordes
419 2697 502 2766 sunt,
525 2687 666 2750 adsersus
686 2687 835 2750 Romanos
853 2689 921 2750 odio
944 2697 974 2749 et
998 2689 1027 2748 in
1042 2688 1110 2750 Par·

94 2775 176 2835 tbum
197 2773 314 2834 invidia.
352 2791 455 2852 regem
476 2773 528 2834 illa
550 2781 723 2853 tempestate
742 2789 803 2834 non·
821 2771 990 2852 habebant,
1012 2782 1136 2838 amotos

91 2858 239 2920 Vonone:
262 2857 314 2918 sed
331 2857 417 2918 lavor
431 2857 556 2919 nationis
572 2856 751 2919 inclinabat
742 2875 771 2917 ιιι
787 2854 952 2934 Zenonem,
975 2817 1110 2919 dolemu-

91 2943 136 3004 nis
159 2942 245 3021 regis
267 2941 379 3003 Pontici
403 2940 505 3020 fllium,
532 2939 642 3020 quod
632 2959 658 3002 ιι
679 2943 770 3021 prima
792 2941 828 3002 ab
845 2941 991 3002 infantia
981 2942 1110 3003 instituta

91 3034 120 3087 et
139 3026 252 3088 cultum
267 3017 472 3088 Armeniorum
483 3026 656 3103 aemulatus,
680 3033 788 3086 venatu
801 3025 898 3104 epulis
915 3034 946 3085 et
963 3043 1037 3107 qnae
1053 3027 1110 3088 alia

90 3109 215 3174 barbari
226 3108 377 3172 celebrant
384 3127 552 3191 proceres
564 3109 760 3190 plebemque
750 3117 830 3172 iuxta
842 3109 1025 3173 devinxerat
1055 3112 1110 3188 igi·

91 3204 137 3256 tur
160 3192 382 3257 Germanicus
372 3211 402 3254 un
421 3193 494 3255 urbe
514 3193 670 3272 Artaxata,
698 3191 926 3273 adprobantibus
952 3193 1148 3272 nobilibunro

91 3277 272 3342 circumfusa
292 3276 486 3357 multitudine,
509 3279 624 3357 insigne
646 3278 759 3356 regium
774 3280 864 3358 capiti
883 3279 946 3338 elus
963 3278 1110 3358 imposuit.

92 3363 190 3426 ceteri
211 3372 386 3425 venerantes
405 3381 506 3442 regem
531 3361 680 3424 Artaxiam
704 3362 942 3438 consalutavere,
968 3359 1047 3439 quod
1068 3358 1113 3418 illi

94 3447 272 3510 uocabulum
284 3446 445 3510 indiderant
460 3465 497 3508 err
508 3447 625 3508 nomine
638 3446 727 3506 urbis.
758 3455 786 3506 at
798 3443 993 3524 Cappadoces
1009 3444 1038 3501 iu
1050 3441 1112 3499 ior·

132 3553 228 3594 nom
250 3553 321 3594 PARS
343 3553 360 3592 l
