2546 3872
186 167 227 232 38
407 174 963 230 oouuunrrurcrumreronnuun

245 334 297 399 80.
329 335 423 396 l’ervo
446 334 559 394 interim
583 332 686 409 initio,
720 328 797 390 uude
820 329 891 390 nihil
915 327 1087 407 timebatur,
1118 340 1183 390 ortu
1251 345 1252 386 l

184 417 291 481 seditio
305 435 401 500 prope
414 416 478 478 urbi
490 415 676 477 exoidieinlt.
696 423 857 494 septumum
868 413 1017 474 deuunnrn
1030 412 1184 474 eolrortenr

141 524 143 532 ’
186 503 333 565 eoolonlu
350 501 476 563 Ostiensi
496 503 526 561 in
546 498 647 559 urben
667 498 756 559 ueniri
770 496 846 558 Otho
860 498 1002 566 inruerat:
1025 497 1182 558 ermeudue

186 589 251 648 eins
265 605 334 648 nuru
348 587 440 648 Venio
453 583 589 666 drieplnu
603 581 718 642 tribuno
733 599 751 641 e
765 581 957 660 prretorlunls
974 580 1050 641 dete.
1082 582 1108 640 is
1125 598 1184 660 quo

164 671 280 748 smngis
299 687 408 730 munus
427 668 533 748 quietis
559 667 662 728 oestrlu
686 667 765 726 lutee
790 671 1017 743 exsequeretu,
1047 663 1185 726 vehiculu
1252 721 1253 750 p

186 754 316 815 eelsortis
337 753 493 831 inoiplente
507 759 595 812 noete
610 748 726 810 uueruri
740 755 843 828 epertu
860 749 1078 808 armamentario
1092 748 1185 810 iubet.
1252 751 1253 826 f

184 847 299 917 ternpus
321 837 351 896 iu
371 836 577 914 suspieiosenr,
598 850 687 894 oense
707 833 736 892 iu
757 831 882 910 eristen,
902 831 1061 893 adsentatio
1077 834 1187 912 quietis
1252 829 1253 872 Τ

185 923 215 980 iu
229 919 378 981 tumultum
391 919 515 995 evaluit,
531 927 560 978 et
574 919 637 978 vise
651 917 725 976 iuter
739 914 914 976 temulentos
928 931 1007 976 eume
1020 917 1186 996 cupidinem

186 1005 231 1064 sni
255 1019 387 1063 mouere.
420 1002 517 1062 irernlt
537 1001 622 1061 miles
642 1009 672 1060 et
693 999 824 1059 tribunos
848 1000 1093 1079 centurionesque
1115 1017 1186 1080 pro·

153 1087 303 1148 reditionis
329 1087 440 1163 unguit,
467 1093 609 1164 nunqnam
633 1082 758 1145 lumiliue
782 1091 947 1144 senatorum
969 1083 1004 1144 ud
1024 1084 1186 1164 perniciem

187 1168 310 1230 Othonis
328 1176 521 1244 numerentur,
549 1185 617 1246 pers
638 1167 732 1244 ipnuri
755 1175 786 1227 et
804 1169 871 1228 rino
891 1183 1014 1246 graves,
1041 1169 1185 1247 pessimus
1253 1199 1254 1230 1

187 1253 310 1333 quisque
332 1253 362 1314 in
389 1252 574 1312 ueeeuionern
599 1250 791 1330 praedurum,
823 1250 951 1328 vulgus,
984 1259 1014 1311 ut
1038 1267 1105 1312 mue
1128 1261 1180 1327 eet,

187 1337 394 1416 euinsounrqne
408 1343 502 1396 motus
518 1335 587 1396 novi
603 1334 750 1414 eupidurm
768 1343 797 1394 et
809 1333 950 1414 obsequie
961 1335 1115 1396 meliorum
1122 1351 1178 1394 nox

187 1420 372 1495 abstulerat„
392 1420 576 1492 retinentem
596 1419 732 1480 seditioni
757 1417 899 1479 tribunum
925 1427 955 1478 et
980 1420 1181 1480 severissimus

153 1515 180 1560 1⁸
189 1506 388 1568 uenturiounru
405 1503 588 1584 obtrnueuut3
611 1511 694 1584 rupte
708 1517 803 1578 urmu,
820 1501 917 1562 nudntl
931 1502 1034 1581 gledii;
1058 1501 1181 1563 ineideu·

186 1599 234 1651 tes
247 1590 330 1669 equi·
348 1587 448 1648 urbem
463 1603 499 1647 ee
513 1587 651 1648 l’ulutinm
666 1594 774 1665 petunt.
1254 1623 1255 1650 l

248 1673 299 1735 81.
327 1670 399 1732 lirul
422 1671 527 1732 (ttlroui
548 1669 668 1730 celebre
692 1669 855 1730 eonviriuru
874 1669 1050 1749 primoribus
1070 1669 1185 1730 feminis

186 1755 333 1834 uirisquee
364 1755 412 1833 qni
432 1753 555 1833 trepidi,
583 1753 756 1814 fortuitusne
779 1753 903 1815 rnilitum
928 1753 1010 1814 furor
1034 1770 1072 1812 en
1101 1753 1186 1814 dolus

186 1839 385 1916 imperaturis,
409 1853 526 1897 munere
547 1853 583 1896 ue
602 1836 783 1915 deprehendi
808 1854 845 1899 en
870 1836 976 1914 lugere
999 1845 1028 1896 et
1054 1835 1186 1916 dispergi

186 1919 381 2001 periculosius
394 1920 489 1996 foret,
506 1919 594 1979 modo
609 1921 801 1981 ounotuutiem
816 1920 967 1997 simulare,
984 1920 1070 1981 medo
1086 1919 1186 1981 formi-

164 2004 254 2065 tdine
276 2004 393 2082 detegi,
414 2003 497 2064 simul
509 2003 633 2064 Othonis
651 2001 760 2064 vulturu
781 2005 899 2073 intueri;
920 2013 1010 2084 utque
1030 2004 1131 2064 evenit
1143 2005 1187 2063 iu·

187 2089 300 2150 elinutis
313 2088 348 2149 ud
356 2086 550 2165 euspiuluneer
561 2087 714 2164 urentibus,
727 2089 913 2148 eumtirueret
920 2086 1007 2164 Otho,
1017 2086 1185 2150 timebatur.

185 2173 239 2232 sed
267 2171 343 2232 lund
367 2187 455 2232 senus
480 2170 647 2232 dieurinrine
675 2180 792 2232 mne
819 2187 903 2250 quern
929 2175 983 2231 suu
1008 2171 1127 2231 territus
1158 2181 1188 2230 et
1253 2129 1256 2236 d

187 2255 356 2336 preeleetoe
372 2254 511 2333 praetorii
526 2253 563 2314 ud
576 2254 747 2332 mitigandus
762 2255 880 2315 rnilitum
892 2253 1188 2316 irasutotlrnruiserut

187 2348 218 2399 et
239 2337 319 2400 ulrire
341 2353 469 2417 propere
492 2355 593 2400 omnes
612 2339 779 2399 euonvivio
795 2339 888 2399 iussit.
916 2345 974 2398 turn
986 2354 1060 2398 vero
1077 2339 1186 2416 puseiro

152 2423 371 2499 ronngistrrtus
386 2423 526 2500 protectis
542 2421 718 2500 insignibus,
733 2423 821 2484 vitute
838 2422 972 2482 eumdum
985 2431 1018 2482 et
1032 2438 1185 2482 serrorum

185 2505 370 2584 frequentin,
400 2521 488 2566 senes
510 2505 775 2588 lemiunequelper
799 2504 937 2566 tenebras
962 2505 1078 2566 diversa
1105 2504 1186 2566 uultis

185 2591 305 2664 itinere,
332 2587 532 2668 reddemus,
562 2589 678 2673 plurimi
698 2590 856 2650 norinorum
876 2597 954 2651 teoto
974 2597 1004 2649 et
1025 2598 1056 2648 ut
1075 2589 1187 2668 eoique

185 2671 358 2732 lrurnllliuuns
371 2671 480 2750 dieue,
495 2673 621 2734 lueertus
636 2672 764 2734 latebrae
779 2674 922 2752 petivere.

251 2755 302 2817 82.
324 2755 444 2816 llillturu
459 2758 584 2834 impetus
600 2753 766 2817 peioribus
782 2757 898 2836 qnideru
916 2755 1008 2816 Puluti
1034 2755 1186 2816 eoereitur

186 2855 244 2918 quo
271 2839 364 2898 mins
383 2839 550 2898 eonviriunr
575 2841 787 2918 inrumperent,
819 2839 934 2900 ostendi
959 2838 1016 2899 sibi
1037 2838 1186 2900 ‘Othonem

187 2922 423 3002 expostulentur,
450 2921 602 2982 voluereto
623 2921 698 2983 lulio
719 2922 851 2984 llurtiule
874 2921 990 2984 tribuum
1012 2931 1043 2984 et
1061 2923 1187 2986 Vitellio

187 3008 342 3068 werino
352 3005 507 3085 preeieuto
524 3006 668 3083 legionis,
688 3005 753 3067 duro
767 3006 917 3068 ruentibus
934 3006 1087 3068 obsistunt.
1104 3007 1186 3068 undi-

162 3108 245 3172 sque
258 3107 336 3151 erne
351 3097 384 3150 et
396 3089 504 3168 minue,
524 3089 614 3150 modo
630 3091 661 3148 in
674 3091 860 3150 eenturiunes
874 3090 1080 3172 tribunosque,
1094 3092 1187 3152 modo

185 3175 215 3235 in
235 3173 567 3250 manumiserunt,
589 3173 742 3252 lymphatis
764 3190 857 3236 eueeu
880 3192 991 3255 perure
1009 3177 1134 3253 uniruie,
1158 3184 1188 3236 et

187 3257 254 3338 quie
272 3258 413 3318 nemiuem
429 3275 519 3358 *puuru
544 3256 691 3318 dentium
714 3259 776 3320 irue
799 3266 957 3340 poterunt,
984 3258 1133 3358 lieentiprn
1156 3261 1187 3318 in

187 3340 965 3504 tttttttlltoltttllltttttlttf
978 3344 1187 3504 tlzlttt
