2568 3870
192 199 231 259 60
413 205 578 253 cornuum
594 202 712 252 ranum
727 201 970 251 marcumunes

171 363 286 438 unisse,
306 379 360 421 uec
374 359 490 420 multum
507 360 606 430 virium
622 376 638 418 a
653 366 754 436 tergo,
778 356 913 436 quoniam
931 353 1044 418 Gallias
1059 359 1193 421 tumeant

194 455 224 506 et
239 446 378 506 deserere
399 443 492 505 Rheni
515 444 606 522 ripam
624 441 780 522 inrupturis
806 449 863 502 tam
885 439 998 500 infestis
1023 434 1194 502 nationibus

193 547 252 590 non
272 527 429 596 conducat;
451 526 644 587 Britannicum
660 524 779 585 militem
798 524 884 585 hoste
905 532 935 583 et
956 521 1192 591 maridistineri;

194 613 344 692 llispanias
358 612 444 672 armis
459 628 516 672 uon
530 612 568 670 ita
583 610 758 679 redundare:
774 607 954 688 prouinciam
968 605 1194 668 Narbonensem

74 717 81 740 ⁶
194 699 309 757 incursu
324 693 427 756 classis
442 702 471 755 et
485 688 610 755 aduerso
627 693 740 774 proelio
754 693 977 762 contremuisse;
995 687 1123 751 clausam
1141 689 1193 750 Al·

161 805 185 845 ro
195 780 278 858 pibus
304 788 334 840 et
357 778 436 839 nullo
460 779 545 840 maris
570 777 699 838 subsidio
724 775 946 856 transpadanam
966 774 1077 835 ltaliam
1104 783 1195 853 atque

193 867 260 944 ipso
277 864 397 924 transitu
415 864 561 924 exercitus
577 871 697 926 vastam:
713 877 772 922 nou
786 861 957 921 frumentum
971 869 1091 938 usquam
1108 877 1195 918 exer·

195 947 279 1026 citui,
294 965 349 1008 nec
365 948 522 1007 exercitum
538 948 599 1006 sine
621 947 715 1026 copiis
729 945 847 1007 retineri
868 961 973 1024 posse:
1000 943 1056 1002 iam
1074 941 1195 1004 Germa-

194 1048 264 1108 nos,
281 1030 358 1109 quod
371 1045 464 1107 genus
478 1029 595 1089 mibtum
610 1028 686 1108 apud
699 1029 792 1090 hostis
803 1029 1015 1090 atrocissimum
1029 1028 1081 1103 sit,
1098 1036 1196 1087 tracto

195 1115 223 1174 in
239 1122 378 1174 aestatem
394 1111 489 1188 bello,
511 1112 595 1173 buxis
611 1114 802 1193 corporibus,
823 1113 1008 1173 mutationem
1029 1111 1086 1170 soli
1106 1111 1195 1172 caeli·

162 1216 185 1254 rs
198 1215 254 1278 que
268 1197 343 1258 haud
357 1196 541 1256 toleraturos.
570 1196 656 1257 multa
670 1196 749 1258 bella
760 1199 868 1277 impetu
879 1195 974 1257 ualida
985 1214 1040 1275 per
1054 1195 1150 1256 taedia
1166 1203 1195 1253 et

194 1299 292 1342 moras
316 1281 477 1342 evanuisse.
511 1288 611 1341 contra
630 1283 701 1360 ipsis
718 1281 811 1341 omnia
826 1280 963 1360 opulenta
979 1288 1009 1340 et
1024 1278 1100 1358 lida,
1120 1279 1189 1339 l'au·

195 1367 308 1426 uoniam
322 1365 462 1426 Moesiam
478 1363 648 1426 Delmatiam
663 1364 809 1426 Orientem
832 1383 895 1424 oum
916 1363 1038 1443 integris
1059 1360 1187 1424 exerciti·

195 1451 263 1528 bus,
279 1449 388 1509 ltaliam
406 1457 434 1510 et
450 1457 536 1528 caput
550 1466 645 1509 rerum
659 1450 770 1527 urbem,
796 1457 984 1528 senatumque
1004 1457 1035 1508 et
1056 1447 1192 1528 populum

196 1547 346 1614 numquam
369 1533 493 1593 obscura
513 1534 637 1614 nomina,
654 1535 739 1594 etiam
760 1534 785 1593 si
798 1531 951 1612 aliquando
971 1532 1192 1598 obumbreutur;

161 1614 328 1696 eopublicas
346 1619 530 1695 privatasque
551 1634 624 1696 opes
646 1625 675 1676 et
694 1619 851 1677 inmensam
871 1618 1041 1697 pecuniam,
1063 1617 1140 1675 inter
1158 1617 1195 1675 ci-

196 1700 270 1759 viles
286 1698 447 1759 discordias
463 1699 542 1758 ierro
559 1700 744 1769 ualidiorem;
762 1716 886 1778 corpora
899 1700 1015 1760 militum
1031 1707 1079 1760 aut
1092 1699 1196 1760 ltaliae

197 1791 278 1842 sueta
293 1790 341 1841 ant
356 1782 497 1852 aestibus;
514 1782 650 1843 obiacere
669 1783 771 1844 flumen
786 1783 903 1860 Padum,
920 1791 994 1844 tutas
1009 1783 1078 1843 viris
1093 1784 1195 1842 muris-

197 1883 253 1942 que
268 1864 370 1942 urbes,
386 1864 518 1942 equibus
532 1865 637 1925 nullam
652 1867 729 1926 hosti
746 1866 892 1928 cessuram
912 1866 1078 1927 Placentiae
1093 1863 1204 1926 deieuss

110 2013 112 2018 s
198 1949 281 2007 sione
305 1947 503 2026 exploratum:
529 1949 650 2028 proinde
673 1950 793 2011 duceret
812 1950 928 2011 bellum.
964 1951 1065 2030 paucis
1091 1947 1197 2010 diebus

162 2050 188 2090 ec
198 2041 327 2110 quartam
341 2031 488 2094 decumam
504 2033 666 2111 legionem,
682 2052 786 2112 magna
800 2037 892 2114 ipsam
914 2035 1004 2112 lama,
1027 2051 1090 2093 cum
1114 2033 1196 2120 liop-

198 2116 268 2175 sicis
283 2115 378 2195 copiis
390 2115 509 2178 adfore:
525 2125 583 2177 tum
595 2135 693 2178 rursus
708 2117 932 2179 deliberaturum
949 2126 988 2194 et,
1010 2119 1034 2177 si
1051 2116 1196 2196 proelium

198 2199 369 2278 placuisset,
384 2203 476 2260 auctis
490 2200 599 2261 viribus
615 2209 787 2262 certaturos.

261 2280 311 2343 33.
340 2282 512 2345 Accedebat
533 2285 694 2344 sententiae
716 2284 825 2345 Paulini
848 2285 955 2346 ilarius
970 2284 1089 2355 celsum
1120 2284 1195 2346 idem

198 2365 317 2445 placere
338 2367 433 2427 Annio
452 2364 551 2444 dallo,
574 2385 685 2446 paucos
706 2377 772 2428 ante
793 2369 855 2429 dies
878 2369 962 2449 lapsu
983 2370 1049 2447 equi
1065 2368 1194 2444 addicto,

197 2450 276 2509 missi
293 2451 339 2527 qui
356 2449 505 2528 consilium
520 2453 581 2511 eius
597 2454 813 2513 sciscitarentur
829 2453 1008 2513 rettulerant.
1032 2451 1110 2512 Otho
1127 2471 1194 2531 pro-

197 2551 250 2592 nus
267 2530 303 2592 ad
317 2532 536 2602 decertandum:
553 2535 645 2595 irater
659 2535 721 2594 eius
736 2535 863 2597 Titianus
878 2545 907 2596 et
922 2537 1090 2616 praelectus
1111 2555 1194 2616 prae·

175 2615 264 2676 storii
284 2614 439 2694 Proculus,
465 2617 607 2696 imperitia
628 2628 838 2698 properantes,
861 2620 1004 2681 iortuoam
1028 2628 1057 2681 et
1077 2619 1151 2681 deos
1167 2628 1196 2678 et

197 2717 302 2759 numen
323 2699 443 2760 Othonis
462 2699 568 2761 adesse
584 2701 730 2778 consiliis,
752 2703 854 2764 adiore
877 2702 1027 2765 conatibus
1048 2703 1195 2763 testaban-

197 2793 257 2846 tur:
280 2800 336 2842 neu
359 2785 423 2860 quis
445 2784 560 2844 obviam
573 2786 617 2844 ire
633 2787 791 2846 sententiae
810 2787 940 2864 auderet,
957 2789 985 2848 in
1001 2787 1196 2849 adulationem

199 2875 414 2926 concesserant.
445 2875 598 2946 postquam
614 2869 899 2949 pugnariplacitmu,
920 2873 1063 2932 interesse
1077 2889 1196 2951 pugnae

198 2949 403 3027 imperatorem
424 2969 460 3010 an
481 2952 585 3029 seponi
608 2953 710 3012 melius
725 2953 803 3013 ioret
823 2953 1001 3015 dubitavere.
1030 2954 1150 3015 Paulino
1167 2963 1196 3014 et

166 3048 189 3090 ro
200 3031 290 3094 Celso
307 3034 361 3092 iam
376 3051 433 3093 non
448 3034 684 3114 adversantibus,
701 3055 737 3096 ne
755 3037 916 3118 principem
932 3036 1087 3100 'obiectare
1119 3039 1194 3119 peri-

199 3115 271 3176 culis
284 3117 464 3195 riderentur,
479 3116 556 3178 idem
571 3119 613 3178 illi
635 3119 788 3181 deterioris
804 3122 917 3182 consilii
937 3130 1072 3183 auctores
1087 3140 1194 3201 perpu-

197 3200 261 3259 lere
276 3208 306 3259 ut
320 3199 476 3260 Brixellum
494 3202 672 3263 concederet
686 3222 721 3264 ac
737 3201 831 3266 dubiis
848 3205 1024 3285 proeliorum
1040 3215 1193 3286 exemptus

198 3300 323 3342 summae
348 3300 445 3341 rerum
469 3291 499 3342 et
520 3283 635 3361 imperii
660 3305 693 3344 se
714 3288 807 3366 ipsum
833 3299 1008 3351 reservaret.
1042 3292 1065 3351 is
1084 3290 1193 3370 primus

198 3365 260 3424 dies
281 3365 457 3427 Othonianas
478 3377 576 3445 partes
592 3367 714 3438 adflixit;
729 3387 858 3452 ‘namque
880 3383 909 3435 et
930 3393 997 3436 cum
1014 3373 1079 3455 ipso
1107 3390 1192 3454 prae·

167 3467 189 3506 rs
202 3447 338 3507 toriacum
354 3449 514 3509 cohortium
535 3459 564 3511 et
585 3453 798 3531 speculatorum
818 3457 1000 3538 equitumque
1023 3456 1117 3517 valida
1134 3473 1191 3516 ma-
