2510 3864
185 153 249 218 260
418 161 537 212 naemu
551 161 647 212 uren.
667 161 714 210 nn
735 157 956 210 cadcemnus

187 336 309 397 rumque
323 316 479 378 vilissimus
497 335 552 378 nec
567 313 697 394 cuiquam
712 315 792 376 serio
807 313 972 374 ministerio
988 313 1203 376 adcommoda·

187 410 242 462 tus.
272 401 376 462 luorum
389 399 496 462 fabulis
516 408 547 460 et
568 399 720 460 erroribus
741 398 837 458 teneri
859 397 957 456 statim
974 404 1006 458 et
1025 397 1120 458 rudes
1138 399 1204 460 ani·

163 486 226 550 ami
240 485 419 552 imbuuntur;
443 502 498 544 nec
519 485 667 562 quisquam
684 484 715 544 in
730 490 791 542 tota
805 481 891 542 domo
906 481 992 558 pensi
1009 479 1104 542 babet
1129 484 1205 561 quid

187 585 285 629 coram
306 569 416 629 infante
437 569 554 630 domino
574 575 622 627 aut
640 565 716 626 dieat
736 572 785 627 aut
805 565 900 625 iaciat.
930 565 999 642 quin
1020 566 1115 625 etiam
1141 567 1205 646 ipsi

188 659 327 733 parentes
343 670 399 713 nec
413 651 552 730 probitati
574 668 670 728 neque
689 648 852 711 modestiae
870 645 1008 727 parvulos
1029 647 1207 712 adsuefaci-

188 743 256 813 unt,
278 733 332 796 sed
348 735 485 796 lasciviae
502 742 534 796 et
549 733 710 810 dicacitati,
733 751 788 812 per
803 749 878 810 quae
891 730 1028 810 paulatim
1042 732 1206 810 impuden-

188 819 227 880 tia
239 819 350 896 inrepit
363 827 394 880 et
412 819 458 879 sui
477 817 624 896 alienique
641 824 832 895 contemptus.
862 815 919 876 iam
933 832 1007 874 uero
1022 817 1155 893 propria
1173 826 1205 878 et
1239 817 1241 866 ὲ

155 901 766 1047 ¹⁰tttltttdimittat-‘ittet
781 899 1204 1064 ttttttdiltttttli

412 1027 422 1062 t

189 1067 298 1128 studia:
322 1068 427 1146 quibus
443 1076 601 1148 occupatus
617 1076 648 1128 et
663 1067 804 1128 obsessus
821 1066 931 1126 animus
947 1065 1125 1144 quantulum
1140 1068 1200 1129 loci

189 1150 275 1211 bonis
290 1151 401 1212 artibus
419 1149 579 1231 relinquit?
601 1159 719 1231 quotum
733 1166 877 1227 quemque
891 1150 1026 1210 invenies
1050 1152 1105 1229 qui
1122 1152 1198 1212 dorni
1239 1179 1241 1182 ·

189 1237 340 1314 quicquam
358 1234 435 1297 aliud
456 1232 612 1315 loquuturi
634 1253 707 1314 quos
728 1233 801 1294 alios
825 1230 1112 1296 adulescentulorum
1127 1253 1189 1294 sar·

155 1335 291 1382 temones
305 1320 483 1398 excipimus,
508 1319 663 1398 siquando
683 1318 824 1379 auditoria
841 1313 1031 1378 intravimus?
1057 1337 1097 1378 ne
1112 1333 1179 1398 prae·

190 1411 329 1481 ceptorcs
345 1403 460 1482 quidem
477 1403 551 1464 ullas
567 1403 736 1464 crebriores
753 1418 818 1463 cnm
832 1399 1015 1460 auditoribus
1030 1403 1095 1462 suis
1116 1401 1181 1464 iebu-

189 1486 233 1547 las
257 1485 379 1557 babent;
402 1487 544 1566 colligunt
564 1488 640 1548 enim
661 1485 820 1565 discipulos
840 1499 899 1544 nou
919 1484 1085 1545 seueritate
1107 1485 1188 1546 disci-

189 1569 287 1649 plinae
302 1589 358 1632 nac
371 1571 480 1650 ingenii
497 1572 717 1651 experimento,
738 1568 792 1630 sed
810 1567 968 1635 ambitione
987 1566 1192 1630 salutationum

191 1661 221 1713 et
239 1654 396 1716 inlecebris
413 1655 595 1718 adulationis.

248 1739 297 1798 30.
325 1738 456 1800 Transeo
476 1741 569 1819 prima
594 1739 766 1802 discentium
788 1739 951 1818 elementa,
975 1741 1140 1819 inquibus
1168 1751 1197 1804 et

189 1822 263 1901 ipsis
282 1839 382 1901 parum
401 1822 570 1885 laboratur:
593 1825 695 1886 necin
716 1823 884 1885 unctoribus
901 1824 1122 1903 cognoscendis
1141 1819 1197 1887 nee

189 1906 219 1964 in
236 1905 399 1967 evolvenda
413 1909 586 1987 antiquitate
606 1927 662 1970 nec
679 1909 709 1967 in
723 1907 827 1966 notitia
848 1907 897 1967 vel
915 1926 1014 1968 rerum
1029 1907 1080 1968 vel
1101 1907 1198 1969 bomi-

189 2005 255 2048 num
274 1988 322 2049 vel
338 1997 501 2070 temporum
519 1994 591 2054 satis
613 2008 723 2071 operae
745 1991 905 2051 insumitur.
937 1990 991 2052 sad
1011 1999 1198 2070 expetuntur

163 2091 263 2152 equos
284 2073 418 2135 rhetoras
434 2084 554 2141 vocant:
573 2093 695 2154 quorum
713 2075 863 2153 professio
887 2073 1000 2153 quando
1019 2075 1148 2154 primum
1167 2079 1197 2138 in

188 2156 261 2218 hane
276 2157 379 2218 urbem
392 2158 556 2220 introducta
576 2162 614 2220 sit
629 2175 771 2238 quamque
785 2157 891 2217 nullam
906 2158 982 2236 apud
995 2159 1127 2220 maiores
1144 2178 1195 2221 no·

187 2247 268 2300 stros
280 2243 482 2303 auctoritatem
497 2243 642 2319 habuerit,
654 2243 751 2302 statim
765 2240 906 2319 dicturus,
921 2240 1049 2302 reieram
1064 2259 1194 2305 necessa
1236 2273 1237 2346 p

189 2333 237 2385 est
252 2325 375 2385 animum
392 2326 428 2386 ad
445 2344 508 2388 eam
524 2325 719 2404 disciplinam,
737 2341 793 2404 qua
807 2341 878 2386 usos
894 2343 964 2386 esse
981 2343 1034 2386 cos
1052 2335 1192 2388 oratores

188 2408 352 2486 accepimus
362 2454 371 2486 ,
393 2427 515 2489 quorum
534 2411 662 2469 infinitus
682 2408 767 2469 labor
783 2416 813 2468 et
829 2408 974 2469 cotidiana
990 2408 1144 2471 meditatio
1162 2420 1190 2471 at
1235 2405 1236 2450 t

155 2516 181 2560 ιο
190 2493 219 2551 in
241 2495 317 2551 omni
338 2511 451 2570 genere
473 2493 632 2554 studiorum
654 2491 788 2553 assiduae
807 2492 1035 2553 exercitationes
1061 2495 1185 2572 ipsorum
1234 2525 1235 2556 r

191 2576 276 2635 etiam
298 2579 482 2637 conducatur
499 2576 591 2638 librIs.
628 2584 715 2637 notus
737 2581 783 2636 est
807 2575 894 2636 vobis
915 2576 1017 2654 utique
1036 2574 1181 2638 Ciceronis
1233 2642 1234 2665 χ

190 2657 267 2718 liber
287 2660 336 2739 qui
358 2657 463 2719 Brutus
486 2660 672 2735 inscribitur,
694 2659 724 2718 in
746 2660 828 2720 cuius
851 2665 982 2720 extrema
1002 2668 1090 2738 parte
1113 2663 1179 2738 (nrm

191 2743 273 2820 p'rior
282 2747 585 2804 commemorationem
595 2751 729 2803 veterum
746 2751 893 2817 oratorum
906 2741 1011 2820 babet)
1029 2761 1082 2804 aua
1099 2744 1185 2819 initia,
1232 2750 1233 2771 ¹

192 2841 261 2885 suos
277 2825 403 2902 gradus,
428 2845 499 2888 suae
520 2827 708 2906 eloquentiae
730 2825 814 2886 velut
831 2824 971 2905 quandam
989 2826 1187 2888 educationem
1231 2837 1232 2878 l

157 2909 300 2970 urreiert:
323 2928 357 2970 se
372 2908 447 2988 apud
463 2907 498 2981 Q.
517 2909 642 2970 blucium
656 2910 701 2970 ius
720 2908 807 2970 civile
829 2908 984 2987 didicisse,
1001 2911 1078 2989 apud
1094 2909 1188 2972 Philo-

191 3011 256 3053 nem
279 2991 498 3071 Academicum,
519 2994 596 3072 apud
611 2992 770 3054 Diodotum
788 2991 917 3052 Stoicum
938 3010 1040 3056 omnes
1061 2994 1176 3074 plrilosa-

190 3075 277 3154 phiae
291 3083 392 3154 partes
407 3078 524 3156 penitus
540 3076 690 3145 hausisse;
711 3093 808 3154 neque
825 3077 862 3136 iis
883 3076 1054 3138 doctoribus
1070 3087 1190 3139 conten·

191 3168 267 3236 tum,
289 3175 412 3236 quorum
429 3160 458 3220 ei
473 3161 558 3238 copia
575 3162 605 3219 ln
621 3159 696 3220 urbe
716 3160 900 3237 contigerat,
922 3159 1059 3221 Achaiam
1072 3179 1188 3240 quoque

192 3249 223 3300 et
237 3241 337 3300 Asiam
356 3259 549 3320 peragrasse,
569 3252 601 3302 ut
618 3261 732 3304 omnem
753 3245 878 3303 omnium
899 3244 1002 3303 artium
1017 3246 1186 3307 varietatem

156 3324 448 3400 mcompleeteretur.
481 3328 579 3404 itaque
612 3324 714 3385 hercle
748 3328 778 3386 in
799 3326 883 3386 libris
909 3324 1061 3387 Ciceronis
1083 3327 1183 3407 dcpre

191 3403 320 3466 bendere
333 3406 421 3484 licet,
437 3425 496 3468 non
510 3411 710 3486 geometriae,
725 3427 784 3470 nun
795 3411 940 3486 musicae,
955 3427 1014 3470 non
1028 3413 1183 3488 grammati·
