2568 3870
161 148 202 209 96
387 155 554 204 connnnn
570 152 945 204 rnorrrmsnonnsnnn

129 316 132 322 '
160 312 373 395 Vespasianum
388 311 505 387 timens,
518 312 648 389 ipsorum
665 309 755 374 duces
768 311 954 392 contemptim
968 317 1115 390 nmquam
1129 311 1167 372 tn..

161 399 303 466 snltautes
322 396 443 466 vitellio
459 395 658 550 scripsissent.

227 490 275 554 10.
301 490 437 553 Adventu
453 485 520 551 dein

159 575 267 638 Dillius
277 575 465 656 Aponianus,
478 584 615 637 octavam¹
625 573 770 636 Numisius
782 574 880 655 Lupus
893 574 1054 651 ducebant,
1072 584 1173 635 osten·
1221 569 1233 614 t

541 485 695 550 eduorum
708 489 873 570 legionum,
898 488 1036 569 equibus
1055 489 1171 550 tertiam
1274 525 1275 552 ;

159 672 223 724 tare
238 661 317 722 vires
334 671 363 721 et
377 661 493 722 militari
507 659 583 726 vallo
597 660 744 722 Veronam
760 659 941 722 circumdare
957 660 1075 740 placuit.
1094 659 1175 720 forte
1265 715 1269 724 .

162 745 322 808 Galbianae
346 745 457 824 legioni
480 746 508 806 in
529 743 652 825 adversa
674 746 771 805 fronte
788 745 857 806 valli
877 739 952 824 opn's
976 752 1130 822 cesserat,
1147 753 1176 804 et
1274 809 1275 818 χ

139 832 216 894 crisi
239 829 343 910 procul
369 832 515 892 sociorum
542 830 658 908 equites
686 847 789 890 vanam
810 829 992 891 formidinem
1015 836 1045 888 ut
1069 828 1177 890 hostes
1268 829 1275 892 ἶ

160 915 273 976 fecere.
301 915 451 994 rapiuntur
466 932 544 976 arma
558 923 635 974 metn
647 914 829 993 proditionis.
849 915 893 974 ira
907 914 1025 974 militum
1043 915 1074 973 in
1089 911 1178 974 Tam·
1274 909 1275 926 ³

162 1001 239 1080 pium
253 999 421 1060 Flavianum
437 997 581 1076 incubuit,
597 998 677 1058 nullo
694 999 820 1060 criminis
840 1007 1028 1076 argumento,
1047 997 1103 1058 sed
1120 998 1176 1058 ianr

162 1083 274 1164 pridem
292 1083 402 1143 inrisus
424 1082 536 1143 turbine
553 1082 676 1161 quodam
698 1083 735 1144 ad
751 1084 870 1145 exitium
892 1082 1084 1164 poscebatur:
1106 1099 1174 1162 pro·
1274 1081 1275 1144 j

162 1169 297 1248 pinquum
310 1165 438 1245 Vitellii,
453 1165 632 1246 proditorem
647 1165 783 1246 Othonis,
798 1169 1027 1247 interceptorem
1043 1166 1174 1227 donativi

128 1273 152 1314 ro
163 1251 355 1313 clamitabant.
393 1271 449 1312 nec
461 1251 625 1313 defensioni
643 1253 741 1331 locus,
760 1271 932 1334 quamquam
949 1252 1101 1332 supplices
1111 1270 1169 1314 ma-

161 1355 214 1397 nus
228 1335 380 1414 tenderet,
405 1337 482 1398 bumi
498 1337 670 1416 plerumque
687 1347 809 1416 stratus,
827 1339 926 1399 lacera
943 1345 1045 1413 veste,
1068 1344 1167 1416 pectus

161 1433 248 1501 atque
271 1439 323 1482 ora
352 1423 478 1500 singultu
498 1423 641 1500 quatiens.
677 1423 706 1484 id
729 1425 824 1501 ipsum
846 1421 922 1502 apud
946 1422 1080 1483 infensos
1100 1420 1170 1480 inci·

160 1515 316 1567 lamentum
328 1513 406 1582 erat,
419 1515 564 1586 tamqnam
578 1508 680 1567 nimius
693 1526 785 1586 pavor
798 1507 1006 1568 conscientiam
1023 1512 1169 1584 argueret.

161 1589 372 1651 obturbabatur
388 1589 508 1649 militnm
520 1589 643 1649 vocibus
656 1589 800 1672 Aponius,
815 1610 878 1653 cum
895 1591 975 1670 loqui
998 1597 1169 1669 coeptaret3

127 1691 152 1734 rs
162 1675 275 1734 fremitu
291 1684 321 1734 et
337 1674 465 1735 clamore
481 1683 599 1735 ceteros
615 1685 816 1754 aspernantur.
849 1677 895 1735 nni
905 1674 1033 1735 Antonio
1049 1683 1173 1754 apertae

160 1758 279 1818 militnm
302 1775 406 1828 anres;
428 1757 551 1837 namque
568 1767 598 1818 et
612 1759 746 1833 facundia
767 1759 869 1820 aderat
889 1759 1093 1838 mulcendique
1111 1757 1174 1818 vol·

160 1860 230 1918 gum
245 1849 368 1914 artaret
379 1843 547 1903 auctoritas.
578 1841 627 1903 nbi
643 1844 821 1922 crudescere
833 1844 939 1904 seditio
955 1852 985 1903 et
1000 1860 1016 1903 a
1029 1844 1175 1902 conviciis

160 1943 196 1987 ac
207 1924 327 2004 probris
342 1925 378 1986 ad
394 1925 451 1986 telo
468 1935 497 1986 et
511 1943 611 1986 manns
623 1927 800 2004 transibant,
817 1929 886 1989 inici
900 1935 1019 1987 catenas
1028 1924 1175 1989 Flaviano
1274 1935 1275 1940 ’

161 2008 250 2068 iubet.
289 2009 382 2071 'sensit
403 2009 557 2070 ludibrium
577 2011 677 2087 miles,
696 2012 884 2092 disiectisque
903 2012 953 2090 qui
966 2009 1093 2072 tribunal
1110 2019 1174 2070 tne-

126 2093 265 2154 sobantnr
277 2096 461 2182 entremenis
474 2095 639 2175 parabatur.
659 2096 798 2176 opposuit
808 2097 900 2156 sinum
911 2094 1057 2155 Antonius
1069 2096 1174 2156 stricto

160 2180 256 2256 ferro,
279 2188 327 2239 aut
340 2180 460 2240 militnm
478 2197 511 2239 se
527 2179 658 2240 manibus
680 2189 729 2241 ant
750 2181 809 2240 suis
824 2181 992 2242 moriturum
1007 2179 1173 2254 obtestans,

160 2271 190 2322 nt
207 2280 351 2342 quemque
367 2273 465 2324 notum
481 2271 511 2322 et
528 2264 628 2342 aliquo
643 2264 759 2324 militari
776 2264 886 2326 decore
904 2265 1046 2341 insignem
1066 2263 1173 2342 adspe·
1274 2301 1275 2345 p

160 2355 260 2424 xerat,
283 2347 319 2407 ad
339 2346 489 2408 ferendam
510 2362 597 2425 oponr
612 2349 728 2408 nomine
745 2350 836 2409 ciens
868 2364 937 2408 mox
955 2364 1122 2407 conversos
1136 2345 1172 2408 ad
1274 2367 1275 2422 p

161 2432 245 2508 signa
264 2440 293 2491 et
309 2429 453 2491 bellorum
469 2430 558 2507 deos,
577 2431 702 2493 hostium
723 2435 821 2512 potins
839 2431 1018 2506 exercitibus
1033 2431 1114 2493 illum
1129 2432 1172 2492 fu·
1274 2427 1275 2454 ³

126 2532 275 2592 aurorem,
298 2515 376 2575 illam
396 2514 573 2578 discordiam
594 2516 737 2577 inicerent
758 2517 873 2595 orabat,
903 2517 999 2577 donoc
1019 2516 1174 2576 fatisceret

162 2599 265 2660 seditio
282 2608 311 2659 et
326 2607 457 2659 extremo
473 2600 528 2660 iam
547 2599 594 2660 die
612 2618 664 2660 sna
679 2602 803 2681 quisque
820 2604 848 2661 in
864 2603 988 2661 tentoria
1005 2599 1173 2661 dilaberen-

160 2693 215 2744 tnr.
250 2683 401 2762 profectus
416 2682 517 2744 eadem
533 2693 621 2745 nocte
636 2683 793 2746 flavianus
809 2685 905 2747 obviis
915 2686 1092 2764 Vespasiani
1106 2685 1171 2746 lite-
1274 2699 1275 2740 ι

93 2821 96 2829 ,
160 2769 200 2826 ris
216 2765 374 2828 discrimini
392 2777 545 2848 exemptus
560 2778 615 2829 est.
882 2790 884 2792 ·

226 2851 275 2910 td.
304 2848 449 2928 Legiones
470 2853 551 2912 velut
579 2852 646 2914 tabe
667 2854 794 2916 infectae
822 2854 967 2936 Aponium
988 2854 1172 2916 Saturninum

160 2933 283 2995 lloesici
306 2937 455 2996 exercitus
477 2936 605 3014 legatum
626 2956 662 2998 eo
691 2940 819 2999 atrocius
839 2939 1062 3018 adgrediuntur,
1092 2938 1172 3016 qnod

160 3035 235 3096 non,
251 3027 281 3079 nt
295 3021 390 3100 prins,
414 3019 517 3082 labore
533 3031 562 3082 et
581 3040 674 3101 opere
691 3023 807 3101 fessae,
831 3024 883 3084 sed
898 3024 995 3086 medio
1011 3024 1067 3084 diei
1085 3041 1171 3084 exar·
1260 3048 1275 3091 r

162 3112 278 3204 serant,
293 3105 422 3250 voligaptis
438 3105 670 3208 epistolisquas
694 3108 864 3208 Sptnminns
877 3109 917 3209 ad
933 3108 1083 3170 Vitellium
1098 3111 1169 3168 scri-

133 3191 998 3354 ⁵ditati⁰,tit„tlttttttlzttltttlttr
1015 3201 1169 3337 ‘ttttt

162 3353 307 3431 Aponium
320 3375 402 3434 quam
414 3357 631 3423 Flavianumad
642 3361 817 3440 supplicium
829 3362 1034 3443 deposcerent.
1057 3362 1167 3440 qnippe
1270 3365 1275 3386 ⁴

161 3431 312 3498 lfoesicae
334 3441 469 3516 legiones
490 3441 613 3504 adiutam
631 3463 646 3505 a
671 3464 705 3505 se
721 3445 953 3508 Pannonicorum
967 3446 1106 3508 ultionem
1122 3463 1167 3506 re·
1274 3501 1275 3506 ,
