2570 3878
446 143 611 210 11111111,
636 143 763 215 ro-vt,
786 145 814 197 1.
1066 135 1126 198 155

116 293 307 370 dicebantur,
331 293 361 355 iu
383 293 499 373 elligies
521 312 691 375 quoquere
711 298 876 360 memoriam
898 301 976 378 eius,
1000 308 1029 360 et
1049 299 1127 364 bona

12 379 13 382 ’
117 379 220 441 Seiani
236 379 331 441 ablata
346 380 459 440 aerario
475 389 505 440 ut
525 381 554 440 in
577 382 678 444 liscum
700 391 894 461 cogerentur,
916 393 1059 464 tamquam
1079 404 1126 446 re·

115 465 222 526 ferret.
260 463 417 542 ¹Scipiones
436 462 511 524 baec
534 473 563 524 et
577 464 666 527 Silani
694 475 724 526 et
740 464 834 540 Cassii
853 467 946 528 isdem
966 469 1058 528 ierme
1078 477 1150 544 aut,

116 547 238 628 paulum
269 547 412 608 inmutatis
438 546 554 626 verbis,
584 549 807 616 adseveratione
835 552 923 621 multa
954 553 1125 630 censebant,

117 650 186 692 11111
197 640 320 711 repente
331 631 482 708 Togonius
494 631 603 708 Gallus,
620 633 686 694 dum
698 633 911 712 ignobilitatem
922 654 1003 698 suam
1012 631 1125 715 magnis

116 717 282 778 numinibus
309 715 427 791 inserit,
448 733 503 794 per
517 716 705 780 deridiculum
723 718 845 780 auditur.
881 737 946 780 narn
963 721 1126 801 principem

13 823 14 830 ¹
116 800 223 862 orabat
239 799 372 878 deligere
387 807 553 883 senatores,
569 819 608 862 ex
623 803 686 882 quis
701 803 804 880 viginti
820 813 900 866 sorte
914 803 991 864 ducti
1004 813 1034 865 et
1045 803 1125 865 ierro

12 883 20 925 ¹¹
115 885 261 961 accincti,
277 884 412 964 quotiens
430 886 537 948 cutiam
556 885 673 964 inisset,
697 886 818 948 salutem
838 890 901 950 eins
923 887 1123 949 defenderent.
1136 919 1162 962 ω

16 998 19 1007 ·
116 968 285 1031 crediderat
298 967 428 1030 nimirum
443 968 586 1048 epistulae
602 969 732 1032 subsidio
746 971 801 1032 sibi
816 971 938 1032 alterum
959 990 997 1033 ex
1021 990 1124 1038 consu,-

116 1053 195 1114 libus
209 1053 376 1132 posueritis,
395 1061 427 1126 ut
448 1060 524 1116 totus
539 1069 556 1114 a
571 1052 694 1135 Capreis
714 1055 814 1116 urbem
836 1064 961 1135 peteret.
990 1055 1126 1118 Tiberius

116 1135 364 1214 tameo,.ludibria
378 1137 463 1197 seriis
477 1139 657 1216 permiscere
671 1138 792 1216 solitus,
814 1141 874 1216 egit
887 1141 980 1218 gratis
997 1141 1125 1201 benero-

116 1222 226 1284 lentiae
237 1229 367 1300 patrum:
384 1218 437 1280 sed
449 1237 524 1300 quos
536 1222 627 1282 omitti
639 1239 738 1302 posse,
755 1241 830 1302 quos
843 1221 956 1302 deligi?
970 1241 1126 1303 semperne

116 1305 240 1368 eosdem
257 1323 293 1366 an
310 1304 431 1367 subinde
446 1303 540 1368 aliosi
561 1314 591 1366 et
612 1305 770 1368 bonoribus
792 1308 962 1386 perfunctos
986 1327 1022 1369 an
1045 1310 1161 1384 inve-1,

117 1409 180 1469 nes,
197 1390 328 1469 privatos
342 1406 378 1449 an
393 1406 410 1449 e
424 1387 659 1467 magistratibus?
680 1409 765 1469 quarn
785 1390 890 1452 deinde
912 1393 1043 1471 speciem
1057 1393 1124 1452 iore

117 1473 289 1535 sumentium
303 1473 332 1533 in
346 1471 443 1534 limine
464 1474 563 1534 euriae
583 1473 719 1552 gladios?
742 1493 837 1554 neque
859 1475 914 1536 sibi
934 1477 1022 1536 vitam
1042 1477 1124 1553 tanti,

118 1559 143 1618 si
157 1557 245 1620 armis
261 1556 388 1635 tegenda
403 1557 492 1618 ioret.
522 1557 598 1641 baec
613 1558 755 1620 adversus
768 1557 931 1636 Togonium
950 1558 1050 1620 verbis
1064 1577 1124 1620 mo·

118 1642 233 1720 derans,
248 1658 345 1720 neque
360 1647 394 1719 pt
411 1639 486 1700 ultra
501 1640 693 1705 abolitionem
709 1645 874 1705 sententiae
889 1642 1037 1703 suaderet.

181 1721 604 1802 11111111111111111111,
633 1725 682 1803 qui
710 1735 864 1786 censuerat
889 1734 919 1787 nt
948 1722 1124 1805 praetoriani

119 1813 191 1875 actis
214 1807 365 1889 stipendiis
384 1809 429 1869 ius
450 1808 652 1887 apiscerentur
673 1809 701 1869 in
722 1810 951 1889 quattuordecim
974 1808 1124 1870 ordinibus

119 1892 249 1971 sedendi,
264 1892 410 1954 uiolenter
423 1893 584 1976 increpuit,
600 1892 681 1954 velut
697 1887 795 1954 c'oram
816 1895 967 1972 rogitans,
991 1892 1058 1972 quid
1082 1891 1125 1952 illi

119 1997 183 2042 cum
196 1976 343 2056 militibus,
359 1993 435 2057 quos
447 1992 543 2058 neque
561 1976 638 2038 dicta
654 1978 863 2058 [imperatoris]
880 1994 978 2058 neque
994 1977 1125 2056 praemia

118 2065 172 2126 nisi
193 2062 230 2124 ab
249 2064 426 2141 imperatore
447 2062 586 2142 accipere
610 2070 774 2140 parasset.
810 2063 980 2142 repperisse
1002 2075 1151 2140 prorsuss

119 2146 197 2228 quod
217 2146 300 2208 divus
320 2145 472 2224 Augustus
492 2163 550 2209 non
572 2145 747 2225 providerit:
770 2164 806 2206 111
827 2148 924 2226 potius
950 2143 1124 2216 discordiam

117 2242 152 2294 et.
161 2230 332 2292 seditionem
346 2248 363 2291 1
378 2229 507 2290 satellite
521 2229 619 2292 Seiani
635 2231 812 2310 quaesitam,
836 2247 893 2309 qua
907 2228 996 2290 rudes
1010 2229 1124 2288 animos

118 2317 234 2378 nornine
247 2313 419 2376 bonorisad
441 2312 681 2394 corrumpendum
702 2313 821 2382 militiae
841 2331 952 2374 morem
974 2310 1124 2392 propelle·

118 2398 183 2463 reat
207 2399 265 2460 boc
283 2399 407 2479 pretium
428 2397 522 2461 Gallio
542 2397 697 2461 meditatae
718 2397 890 2461 adulationis
919 2396 1000 2474 tulit,
1028 2395 1124 2457 statim

120 2485 208 2562 11111,
223 2482 327 2544 deinde
341 2482 425 2546 ltalia
440 2491 579 2553 mactus:
599 2490 629 2543 et
642 2483 709 2563 quia
732 2481 918 2546 incusabatur
938 2479 1027 2542 iacile
1049 2479 1159 2552 tole-10
1174 2543 1176 2548 ,

118 2579 232 2631 returns
247 2567 365 2630 'exilium
379 2565 495 2630 delecta
509 2566 627 2645 besbo,
642 2568 736 2630 insula
752 2565 843 2628 nobili
866 2575 896 2628 et
917 2582 1056 2646 amoena,
1077 2581 1123 2624 re·

118 2653 238 2716 trabitur
256 2652 285 2713 in
304 2651 406 2714 urbem
428 2653 648 2732 custoditurque
668 2651 800 2720 domibus
812 2651 1049 2730 magistratuum.
1086 2650 1124 2709 is·

118 2738 182 2799 dean
197 2736 289 2798 literis
311 2734 564 2799 caesareensium
583 2736 778 2799 Paconianum
799 2737 977 2816 praetorium
1000 2733 1125 2814 perculit

120 2838 222 2900 magno
237 2830 350 2902 patrum
364 2820 482 2901 gaudio,
499 2820 652 2901 audacem,
667 2821 844 2901 maleficum,
866 2821 992 2882 omnium
1007 2826 1124 2880 secreta

118 2909 266 2968 rimantem
281 2905 486 2986 delectumque
497 2905 534 2968 ab
551 2905 659 2968 Seiano
675 2907 756 2968 cuius
777 2923 835 2987 cpe
855 2905 941 2968 dolus
956 2903 1028 2967 (laio
1050 2901 1159 2974 (iae-15

118 2992 175 3052 sari
189 2997 350 3071 pararetur.
386 2990 463 3070 qnod
484 2998 637 3070 postquam
658 2989 852 3070 patefactum,
875 3005 1039 3070 prorupere
1055 3005 1124 3050 con·

119 3083 204 3154 cepta
219 3073 332 3155 pridem
346 3074 428 3153 odiu,
445 3082 476 3135 et
491 3091 629 3136 summum
648 3073 822 3155 supplicium
843 3073 1074 3150 decernebatur,
1094 3071 1125 3132 ni

24 3191 28 3202 ·
119 3159 271 3240 protessus
286 3157 420 3220 indicium
434 3159 522 3222 iorct.

184 3239 216 3306 4.
246 3243 287 3304 lJt
297 3259 373 3303 vero
380 3242 519 3304 Latinium
529 3242 672 3308 Latiarem
683 3244 836 3322 ingressus
849 3225 904 3318 est,
919 3247 1073 3303 accusator
1087 3241 1272 3299 acm-*¹*

119 3345 185 3390 rens
205 3329 284 3390 turm
304 3327 388 3388 invisi
408 3328 605 3407 gratissimum
624 3327 825 3408 spectaculum
848 3323 1039 3404 praebebant.
1069 3319 1123 3382 ba·

119 3413 214 3492 tiaris,
230 3419 262 3472 ut
274 3399 388 3492 rettbtt,
403 3412 580 3494 praecipuus
596 3413 665 3475 olim
682 3406 928 3476 circumveniendi
942 3405 1009 3468 Titii
1023 3401 1129 3484 Sabini
