2568 3870
177 165 218 228 48
398 175 950 226 conuuunracnrrmsuoeranuu

179 333 318 412 gregario
332 331 421 392 milite
437 331 623 412 discrepans;
640 347 772 408 prorsus,
789 331 813 390 si
826 331 945 392 avaritia
958 330 1087 408 abesset,
1103 332 1172 392 auti-

156 420 243 497 squis
258 416 379 477 ducibus
391 433 453 494 par.
473 414 633 475 bluciauum
646 432 663 473 e
676 415 821 474 contrario
834 413 1046 491 magnificentia
1061 424 1090 474 et
1101 432 1176 494 opes

180 513 208 562 et
232 510 334 561 cuncta
358 501 499 578 privatum
520 497 635 558 modum
652 515 846 576 supergressa
862 497 1055 564 extollebant:
1080 499 1178 576 aptior

180 602 329 660 sermone,
346 583 487 663 dispositu
503 583 679 663 provisuque
698 581 822 642 civilium
836 599 931 642 rerum
944 584 1073 660 peritus:
1091 595 1177 658 egne-

179 671 257 747 gium
272 629 452 747 principatus
464 675 735 766 temperamentum,
752 667 776 724 si
795 665 919 744 demptis
933 665 1083 742 utriusque
1098 665 1179 725 uitiis

181 753 262 813 solae
278 752 398 812 uirtutes
413 740 613 811 miscerentur.
637 759 763 810 ceterum
778 747 826 809 bic
841 750 962 826 Suriae,
983 748 1043 808 ille
1050 745 1179 809 Iudaeae

147 835 380 916 ropraepositus,
403 835 506 895 vicinis
528 833 739 912 provinciarum
759 831 1050 916 administrationibus
1072 831 1180 892 invidia

181 920 347 998 discordes,
377 921 455 979 exitu
481 917 592 984 demum
616 916 740 977 Neronis
768 913 880 994 positis
899 916 1005 977 odiis
996 911 1025 975 ιιι
1052 915 1180 976 medium
1262 921 1263 930 ’

181 1003 370 1080 consuluere,
395 1003 519 1082 primum
529 1017 584 1078 per
600 1001 724 1074 amicos,
741 999 806 1059 dein
823 1002 980 1098 praecipua
999 1001 1181 1060 concordiae

180 1086 253 1148 lidos
278 1083 359 1146 'litus
383 1103 474 1164 prava
500 1085 654 1144 certamina
672 1085 821 1143 communi
845 1077 966 1144 utilitate
993 1083 1179 1159 aboleverat,

180 1178 280 1230 natum
310 1177 397 1247 atque
428 1177 490 1229 arte
521 1169 701 1267 cornposit'ns
730 1163 900 1229 adliciendis
937 1169 1022 1228 eiiam
1052 1129 1179 1230 Muciani

147 1275 172 1316 rs
180 1252 317 1314 moribus
349 1251 453 1312 tribuni
459 1251 719 1330 centurionesque
740 1260 770 1311 et
789 1251 893 1328 volgus
907 1245 1026 1311 militum
1038 1251 1176 1311 industria

181 1338 314 1414 licentia,
340 1353 394 1416 per
413 1337 536 1396 uirtutes
557 1353 612 1414 per
632 1334 814 1414 voluptates,
839 1343 872 1393 ut
892 1336 996 1433 suique
1020 1336 1170 1462 ingenium,

182 1417 466 1482 admiscebantur.

243 1505 272 1566 6.
302 1505 465 1588 Antequam
493 1502 572 1564 Titus
599 1493 785 1577 adventaret,
821 1510 1028 1562 sacramentum
1056 1499 1177 1562 Othonis

181 1598 337 1668 acceperat
350 1598 472 1667 uterque
489 1587 653 1665 exercitus,
673 1584 899 1670 praecipitibus,
916 1595 946 1645 ut
963 1585 1093 1664 adsolet,
1111 1602 1178 1646 nun

180 1673 226 1732 tiis
242 1681 271 1732 et
285 1672 365 1733 tarda
382 1670 459 1731 mole
477 1670 570 1730 civilis
585 1668 673 1745 belli,
689 1662 775 1747 qu'od
780 1669 869 1748 longa
888 1668 1045 1736 concordia
1063 1631 1181 1748 qdietus

180 1757 279 1842 oriens
300 1765 368 1815 tunc
388 1755 507 1852 priunum
497 1753 656 1830 parabat.
687 1769 808 1832 namque
830 1755 897 1814 oliuu
913 1752 1090 1814 validissima
1106 1755 1181 1814 inter

158 1859 215 1900 sse
237 1833 339 1898 ciuium
359 1853 435 1898 ιιιιιιι
456 1839 484 1896 iu
502 1835 584 1896 ltalia
600 1835 730 1896 Galliave
751 1837 861 1898 viribus
876 1829 1035 1898 occidentis
1055 1835 1179 1916 ooe'pta;

181 1921 376 2000 etPompero
393 1919 513 1998 Cassio,
528 1918 793 2004 Bruto,Autouio,
810 1939 994 2001 quosomues
1007 1930 1180 1981 transmare

181 2015 312 2066 secutum
333 2007 378 2064 est
405 2004 491 2064 civile
505 1965 636 2080 ’zbcllum
662 2003 736 2064 haud
763 2007 898 2085 prosperi
927 2007 1021 2066 exitus
1046 2003 1179 2072 inei-aut:

180 2089 326 2172 auditique
342 2089 460 2167 saepius
477 2089 505 2147 in
517 2087 600 2147 Suria
611 2049 775 2165 Iudaeaque
789 2086 933 2150 Caesares
947 2107 1030 2166 quarn
1041 2089 1179 2166 inspecti.
1260 2121 1261 2124 =

181 2173 258 2233 nulla
289 2172 395 2233 seditio
420 2172 589 2270 legionum,
621 2179 728 2232 tanturn
752 2171 892 2233 adversus
917 2172 1041 2234 Parthos
1072 2174 1181 2247 minae,

147 2258 263 2317 lovanio
278 2264 399 2326 eventu3
416 2265 445 2316 et
460 2257 593 2334 proximo
610 2255 687 2314 civili
702 2247 782 2316 bello
794 2257 914 2317 turbatis
927 2257 1011 2316 aliis
1003 2272 1180 2316 ιιιιοιιιιιιιι

181 2340 220 2401 ιιι
235 2357 309 2418 pax,
326 2338 392 2400 dein
406 2338 478 2399 ildes
496 2356 567 2416 erga
583 2331 711 2398 Galbam.
732 2356 815 2416 mox,
834 2350 865 2400 ut
880 2341 1020 2401 Othonem
1036 2357 1071 2399 ac
1086 2340 1181 2400 Vitel-

180 2424 248 2487 lium
271 2423 407 2483 scelestis
428 2423 512 2484 anuis
534 2440 583 2482 res
597 2423 742 2484 Romanas
760 2433 871 2524 rapturn
892 2426 935 2484 ire
956 2413 1135 2502 volgatum
1116 2431 1180 2499 est,

180 2527 217 2569 ne
234 2525 329 2587 penes
345 2515 461 2568 ceteros
472 2506 585 2585 imperii
598 2508 737 2586 praemia,
753 2525 844 2586 penes
856 2511 955 2589 ipsos
948 2516 1053 2568 tautum
1067 2497 1180 2583 seruitii

180 2593 342 2654 necessitas
359 2598 454 2668 esset,
477 2589 603 2650 ueniere
619 2590 702 2650 miles
718 2600 747 2650 et
762 2592 841 2651 vires
858 2605 925 2652 suas
941 2593 1179 2670 circumspicere.

147 2691 172 2734 ιι
182 2682 294 2754 septem
321 2673 455 2752 legiones
487 2675 582 2734 statim
612 2683 641 2734 et
674 2692 737 2736 cum
763 2675 926 2754 ingentibus
953 2676 1066 2736 auxiliis
1094 2676 1181 2736 Suria

180 2758 361 2836 ludaeaque;
383 2756 449 2817 iude
468 2759 602 2818 continua
616 2757 769 2838 Aegyptus
789 2759 921 2838 duaeque
938 2759 1088 2838 legiones,
1101 2759 1181 2833 ,hinc

182 2840 368 2921 Cappadocia
384 2839 549 2919 Pontusque
565 2851 594 2901 et
610 2841 747 2920 quidquid
766 2852 926 2903 castrorum
936 2842 1080 2902 Armeniis
1093 2861 1180 2922 prae·

95 2992 97 2996 ,
180 2925 315 2987 tenditur.
347 2923 418 2984 Asia
440 2932 469 2983 et
489 2933 606 2985 ceterae
628 2927 796 3003 prouinciae
816 2945 872 2987 nec
886 2927 1013 3000 virorum
1021 2927 1134 3006 inopes
1150 2935 1181 2985 et

180 3009 303 3089 pecunia
327 3008 494 3108 opulentae.
529 3018 663 3087 quantum
685 3009 840 3086 insularum
860 3011 931 3084 mari
954 3010 1093 3104 cingitur,
1122 3010 1179 3089 [etl

42 3126 45 3130 ·
146 3091 311 3173 separando
326 3092 438 3151 interim
453 3090 532 3151 bello
548 3092 703 3153 secuudum
717 3095 970 3176 tutumqueipsum
985 3096 1073 3154 mare
1119 3125 1123 3131 ·

178 3230 184 3238 .
247 3178 277 3236 7.
304 3173 369 3235 Non
389 3174 510 3236 fallebat
529 3176 619 3236 duces
640 3179 766 3256 impetus
776 3179 911 3255 multtum
919 3177 986 3252 sed
1000 3169 1179 3250 bellantibus

180 3260 245 3321 aliis
266 3258 375 3340 placuit
400 3245 574 3338 expectari.
581 3260 676 3320 bello
692 3262 777 3321 cirili
773 3261 1082 3364 ιιιιοιιιιιιιοιιιιιι
1098 3279 1177 3320 num·

182 3360 265 3421 quam
281 3341 374 3404 solida
389 3342 445 3403 lide
459 3343 647 3414 coalescere;
664 3355 719 3421 neo
733 3330 863 3421 reiense,
879 3343 1039 3413 Vitelliubi
1038 3363 1073 3404 an
1086 3344 1176 3407 Otho·

129 3478 134 3490 ,
180 3441 246 3483 uem
262 3427 444 3504 superstitem
460 3427 575 3487 iortuua
590 3423 710 3489 iaceret.
740 3429 836 3490 'rebus-
844 3427 979 3488 secundis
991 3429 1074 3490 etiam
1084 3445 1175 3504 egre-
