2536 3870
409 177 513 224 monn
528 173 561 224 v.
585 173 748 232 oms-a
837 131 841 136 ι
1019 167 1083 232 183

39 345 99 398 tes
126 333 278 395 bitumine
297 329 391 392 moles
413 330 485 410 pelli
505 348 647 411 manuque
668 331 743 393 trahi
762 329 798 391 ad
817 333 898 402 litus:
924 348 1008 410 mox,
1031 332 1118 396 ubire

42 435 185 497 vapore
207 426 321 493 terrae,
345 416 372 475 vi
393 415 464 476 solis
488 415 661 493 inaruerint,
686 414 838 477 securibus
867 419 1027 497 cuneisque
1049 425 1081 478 ut

44 501 170 564 trabes
191 509 241 562 aut
256 515 326 561 saxa
344 498 476 559 discindi.
862 567 863 570 Ἴ

140 587 175 646 7.
200 583 282 646 Haud
306 583 410 662 procul
431 581 498 642 inde
521 583 633 663 campi,
663 601 738 662 qnos
759 584 855 646 lerunt
883 584 952 645 olim
973 584 1098 645 uberes*

47 669 244 748 magnisque
268 666 386 727 urbibus
405 665 554 729 habitatos
574 667 722 729 fulminum
737 669 815 729 iactu
830 669 954 739 arsisse;
977 677 1007 729 et
1021 623 1186 731 ma&

48 771 137 816 uere
155 753 302 830 vestigia,
320 759 486 830 terramque
504 751 611 832 ipsam,
627 753 728 831 specie
744 751 900 829 torridam,
917 754 973 813 rim
988 751 1081 831 lrngi·

49 840 161 900 ieram
185 834 361 918 perdidisse.
400 852 466 896 nam
486 843 592 897 cuncta
610 843 715 914 sponte
735 835 811 897 edita
836 845 884 897 aut
903 855 988 898 manu
1005 845 1081 914 sata,

51 924 127 984 sive
144 919 244 981 herba
257 929 341 1000 tenus
358 928 405 980 aut
420 919 495 980 llore
509 937 561 982 seu
576 920 699 980 solidam
713 919 743 980 in
761 921 891 1000 speciem
906 921 1106 998 adolevere„

56 1012 133 1064 atra
180 1013 211 1064 et
225 1004 319 1065 inania
332 998 451 1064 velutin
465 1005 591 1064 cinerem
603 1013 772 1065 vanescunt.
800 1022 858 1082 ego
870 1005 947 1065 sicut
957 1004 1083 1085 inclutas

57 1085 218 1168 quondam
238 1083 326 1147 urbes
348 1089 416 1166 igne
440 1087 723 1166 caelesti-llagrasse
742 1089 959 1169 concesserim,
974 1089 1013 1150 ita
1029 1089 1083 1150 ha·

58 1173 119 1234 litu
136 1171 223 1232 lacus
237 1171 314 1232 inlici
330 1181 454 1251 terram,
468 1174 614 1250 corrumpi
626 1171 812 1253 superfusum
821 1173 968 1251 spiritum,
983 1187 1081 1252 eoque

59 1257 148 1317 letus
170 1264 307 1334 segetum
328 1264 357 1316 et
378 1257 504 1317 autumni
535 1265 708 1335 putrescere
728 1273 816 1332 reor,
845 1255 911 1316 solo
933 1255 1081 1336 caeloque

61 1342 150 1402 iuxta
165 1341 261 1419 gravi.
289 1347 321 1400 at
337 1338 427 1401 Belus
443 1340 533 1400 amnis
548 1337 668 1400 ludaico
683 1339 753 1400 mari
768 1338 919 1416 inlabitur,
935 1341 1014 1400 circa
1031 1357 1078 1400 cu·
1089 1359 1119 1404 rc

64 1425 114 1486 ius
137 1441 173 1484 cs
198 1424 295 1486 lectae
317 1423 446 1485 harenae
470 1421 596 1483 admixto
620 1422 696 1483 nitro
716 1423 745 1481 in
766 1423 870 1482 vitrum
890 1431 1081 1483 excocnutur.

66 1508 218 1570 modicum
234 1507 263 1569 id
278 1508 348 1569 litus
364 1516 394 1567 et
409 1505 600 1584 egerentibus
616 1505 829 1566 lnexhaustum.

93 1632 99 1648 .
136 1593 166 1656 8.
189 1591 297 1670 hlagna
313 1609 382 1671 pars
397 1589 524 1652 Iudaeae
543 1590 617 1650 vicis
638 1589 832 1667 dispergitur3
856 1587 965 1669 habent
983 1597 1012 1650 et
1027 1599 1081 1670 op·

70 1676 156 1757 pida;
186 1675 391 1752 Hierosolyma
415 1675 496 1752 genti
519 1683 614 1753 caput.
651 1672 714 1734 illic
735 1674 883 1735 inmensae
911 1673 1082 1753 opulentiae

68 1760 228 1840 templum,
250 1767 281 1820 et
304 1759 404 1839 primis
425 1759 607 1820 munimentis
630 1756 718 1836 urbs,
741 1757 808 1817 dein
824 1760 926 1836 regia,
941 1757 1081 1838 templum

66 1845 177 1906 intimis
194 1845 332 1906 clausum.
362 1842 398 1904 ad
411 1842 495 1905 iores
510 1850 618 1904 tantum
632 1840 741 1903 ludaeo
757 1840 865 1920 aditus,
881 1841 978 1902 limine
994 1859 1080 1921 prae·

69 1939 118 1992 ter
143 1928 314 1990 sacerdotes
337 1926 520 1990 arcebantur.
553 1925 618 1986 dum
639 1923 779 2002 Assyrios
805 1943 898 2006 penes
918 1923 1105 2007 Medosques

74 2024 105 2074 et
120 2013 225 2075 Persas
243 2013 342 2074 oriens
357 2011 426 2090 fuit,
443 2010 667 2090 despectissima
690 2011 759 2090 pars
773 2009 979 2070 servientium:
999 2019 1081 2090 post·

71 2113 160 2178 quam
178 2094 357 2159 Macedones
384 2093 611 2174 praepolluere‚
634 2111 690 2155 rex
709 2093 871 2154 Antiochus
893 2093 1011 2154 demere
1032 2112 1080 2154 sn·

78 2181 277 2262 perstitionem
297 2188 327 2241 et
349 2197 447 2240 mores
464 2177 641 2242 Graecorum
662 2177 732 2239 dare
754 2178 889 2255 adnisus,
912 2179 1082 2257 quominus

13 2285 14 2288 ¹
76 2266 268 2328 taeterrimam
283 2273 402 2343 gentem
416 2264 445 2323 in
460 2262 564 2324 melius
575 2269 714 2339 mutaret,
729 2261 900 2322 Parthorum
915 2260 995 2322 bello
1010 2278 1080 2342 pro·
1144 2267 1146 2272 “

78 2349 181 2412 bibitus
195 2358 254 2420 est;
278 2367 343 2410 nam
365 2365 400 2409 ea
415 2354 591 2426 tempestate
607 2345 736 2406 Arsaces
758 2343 931 2406 desciverat.
960 2345 1117 2414 muln-10

80 2433 161 2513 daei,
173 2433 381 2495 Macedonibus
400 2430 553 2510 invalidis,
568 2430 681 2492 Parthis
697 2428 822 2490 nondum
837 2429 942 2490 adultis
959 2429 1005 2508 (et
1019 2429 1080 2491 Ro·

80 2518 151 2578 mani
166 2513 268 2596 procul
284 2517 395 2597 erant),
414 2513 469 2576 sibi
484 2516 541 2594 ipsi
557 2533 648 2593 reges
665 2515 840 2591 inposuere;
858 2516 905 2591 qni
919 2513 1081 2575 mobilitate

82 2601 159 2680 volgi
172 2600 305 2681 expulsi,
321 2608 470 2680 resumpta
489 2616 543 2679 per
557 2616 635 2660 arma
651 2597 845 2659 dominatione
859 2598 945 2676 fugas
964 2598 1080 2674 civium,

85 2685 186 2746 urbium
201 2686 388 2762 eversiones,
410 2683 530 2744 fratrum
553 2683 709 2760 coniugum
733 2691 883 2761 parentum
903 2700 993 2742 neces
1010 2681 1081 2743 alia·

85 2787 136 2852 que
150 2770 231 2830 solita
252 2769 372 2848 regibus
393 2769 455 2830 ausi
476 2767 712 2847 superstitionem
732 2761 1117 2846 fovebant,quiahonor1s

85 2853 233 2916 sacerdotii
249 2855 458 2916 firmamentum
473 2852 623 2932 potentiae
637 2849 850 2913 adsumebatur.

145 2939 171 2998 9.
197 2939 393 3000 Romanorum
423 2937 533 3016 primus
558 2934 611 2997 Gn.
644 2935 801 3014 Pompeius
824 2934 949 2998 ludaeos
973 2935 1082 2996 domuit

88 3021 272 3100 templumque
283 3024 346 3081 iure
363 3021 504 3081 victoriae
517 3021 669 3098 ingressus
681 3028 742 3080 est:
763 3018 830 3081 iude
841 3020 992 3099 volgatum
1002 3018 1082 3079 nulla

90 3106 156 3164 intus
180 3103 264 3165 deum
292 3103 391 3181 efdgie
418 3121 539 3164 vacuam
562 3103 661 3164 sedem
687 3111 717 3163 et
739 3104 833 3165 inania
854 3122 970 3165 aroana.
1008 3103 1082 3162 mori

91 3185 347 3264 Hierosolymorum
367 3185 468 3264 diruti,
491 3184 640 3248 delubrum
662 3187 777 3248 mansit.
813 3205 883 3248 mcx
905 3187 982 3247 civili
1006 3188 1083 3247 iuter
1128 3231 1153 3259 ι.

92 3289 140 3332 nos
153 3271 246 3350 bello,
264 3278 418 3350 postquam
432 3270 461 3330 in
481 3268 627 3331 dicionem
641 3269 680 3332 ti.
694 3270 813 3332 Antonii
828 3271 999 3350 provinciae
1016 3287 1108 3332 ces-s

93 3365 191 3434 serant,
211 3374 266 3417 rex
292 3353 461 3416 Parthorum
486 3353 615 3416 Pacorus
640 3354 747 3416 Iudaea
769 3356 876 3434 potitus
896 3353 1083 3415 interiectus-

93 3457 144 3522 que
161 3459 175 3503 a
193 3441 223 3504 P.
247 3437 384 3505 Ventidio
407 3447 439 3502 et
458 3436 557 3501 Parthi
581 3446 659 3500 trans
680 3436 851 3515 Euphraten
871 3438 999 3498 redacti:
1035 3434 1083 3496 lu·
1165 3472 1166 3481 ι
