2568 3870
418 178 525 226 nrnnn
537 178 587 226 111.
605 178 681 228 cnr.
696 176 783 232 5-9.
1060 169 1101 233 95

6 265 8 304 t

5 343 7 396 t
95 339 220 422 pretium
244 337 310 397 luit:
333 332 470 412 exemplo
494 333 657 414 opibusque
678 342 776 414 partes
796 335 912 406 iuvere3
934 345 963 397 st
984 338 1100 398 interie-
1138 330 1141 336 ’

98 435 161 485 etus
189 423 337 481 exereitus
360 421 492 480 Raetiam
526 417 673 493 luliasque
694 416 808 496 Alpes,
838 437 872 479 ao
896 440 933 482 ne
969 422 1101 500 pervium

98 507 149 568 illa
165 505 343 566 Germanicis
361 500 540 563 exercitibus
561 501 651 577 ioret,
673 499 875 580 obsaepserat
908 521 984 582 quae
999 507 1136 583 ignaram

21 596 71 623 '⁸
98 593 282 666 Vespasiano
298 596 346 648 aut
360 587 461 647 vetita:
485 585 594 663 qnippe
609 583 765 662 Aquileiae
785 587 847 646 sisti
864 586 972 648 bellum
995 607 1101 668 exspe-

100 675 230 751 ctarique
245 671 405 733 biuoianum
422 668 558 745 iubebat,
580 667 783 748 adiciebatque
800 671 922 749 imperio
939 672 1099 748 eonsilium,

99 755 213 836 quando
229 755 399 834 Aegyptus,
422 754 549 814 claustra
569 768 717 830 annonae,
739 754 896 832 vectigalia
916 755 1101 834 opulentissi-

97 855 205 901 marum
225 839 440 919 provinciarum
464 835 677 912 obtinerentur,
704 853 795 917 posse
815 837 926 900 Vitellii
940 842 1100 901 exereitum

97 932 232 1001 egestate
255 921 392 1002 stipendii
412 920 604 1000 frumentique
619 919 655 981 ad
675 919 849 982 deditionem
865 922 970 1001 subigi.
999 923 1135 989 eademne

3 1003 4 1064 3
96 1007 247 1067 bluoianus
262 1005 375 1066 erebuis
389 1005 523 1084 epistulis
537 1004 689 1083 monebat,
705 1007 881 1068 incruentam
899 1015 928 1067 et
941 1008 1004 1068 sine
1022 1008 1102 1071 luctu

99 1090 250 1152 victorin
267 1099 297 1151 st
311 1090 367 1152 alia
380 1089 501 1150 buiusoe
516 1088 595 1148 modi
611 1090 828 1168 praeterendo,
845 1090 898 1152 sed
911 1091 1026 1170 gloriae
1041 1095 1099 1153 avi·

98 1176 151 1237 dns
168 1183 254 1254 atque
272 1192 355 1235 omne
371 1173 442 1234 belli
459 1174 550 1234 deous
561 1173 616 1234 ribi
631 1176 769 1238 retinens.
792 1185 921 1236 eeterum
938 1193 976 1236 err
993 1175 1099 1238 distan-

97 1260 174 1321 tibus
190 1268 331 1320 terrarnm
345 1255 447 1338 spatiis
464 1255 585 1318 consilia
604 1266 672 1336 post
685 1276 737 1320 res
752 1259 965 1322 adferebantur.

161 1344 191 1408 9.
211 1343 304 1421 Igitur
326 1343 480 1421 repentino
506 1343 623 1401 ineursn
643 1341 788 1404 Antonius
814 1345 954 1404 stationes
975 1344 1099 1406 bostium

97 1429 219 1506 inrupit,
237 1427 443 1506 temptatisque
455 1425 513 1485 levi
530 1425 644 1503 proelio
655 1427 757 1488 animis
769 1447 807 1488 ex
820 1445 914 1507 aequo
926 1427 1099 1490 discessum.

97 1529 167 1572 mor
181 1510 308 1573 Gaeoina
327 1513 402 1570 inter
414 1509 583 1585 Hostiliam,
607 1511 701 1570 vioum
720 1513 948 1590 veronensium,
974 1521 1004 1574 et
1019 1513 1099 1593 palu-

98 1596 151 1656 des
166 1596 278 1656 Tartari
293 1595 417 1656 fluminis
435 1601 528 1655 eastra
550 1595 717 1672 permuniit,
738 1605 815 1656 tutius
830 1597 915 1674 loco,
939 1615 1002 1658 erun
1016 1605 1100 1675 terga

98 1680 228 1756 flumine,
243 1680 336 1753 latera
351 1676 597 1756 obieotupaludis
613 1687 792 1755 tegerentur.
826 1680 904 1760 quod
918 1681 1121 1744 sindiuissets

98 1763 186 1841 tides,
204 1771 251 1826 aut
266 1763 391 1844 opprimi
405 1762 549 1823 universis
562 1761 782 1824 Vitellianorum
797 1764 907 1825 viribus
918 1765 993 1826 duae
1004 1765 1099 1844 legio·

97 1867 168 1925 nes,
185 1848 310 1909 nondum
326 1848 480 1908 noniunnto
494 1845 626 1906 bloesieo
643 1849 789 1924 exercitu,
806 1857 939 1928 potuere,
956 1857 1004 1911 aut
1019 1858 1099 1912 retro

98 1942 181 1994 antae
195 1932 313 1992 deserta
324 1931 407 1991 ltalia
422 1940 534 2009 turpem
547 1928 645 2008 iugum
658 1933 880 1993 consuluissent.
907 1933 959 1994 sed
974 1933 1100 1995 Caecina

98 2035 153 2097 per
170 2017 264 2077 varias
278 2033 375 2076 moras
392 2016 482 2094 prima
496 2013 628 2074 hostibus
643 2014 769 2093 prodidit
785 2025 916 2095 tempora
931 2016 1017 2095 belli,
1034 2018 1100 2078 dnm

98 2118 172 2181 quos
187 2102 273 2160 armis
289 2099 403 2180 pellere
419 2107 581 2179 promptum
598 2107 675 2176 erat,
692 2100 825 2179 epistulis
839 2101 988 2182 increpat,
1004 2102 1099 2163 donee
1110 2123 1135 2165 n

98 2203 153 2266 per
168 2187 282 2244 nuntios
300 2193 384 2264 panta
401 2182 541 2262 perfidias
556 2182 691 2244 brmaret.
723 2183 835 2244 interim
850 2185 983 2264 Aponius
1004 2186 1099 2247 Satur·

97 2272 181 2330 ninus
199 2287 263 2330 enm
277 2269 396 2346 logione
412 2267 535 2347 septima
550 2263 707 2328 claudiam
726 2267 851 2328 advenit.
887 2269 997 2347 legioni
1012 2269 1099 2330 tribu·

98 2373 151 2414 nus
167 2355 326 2432 Vipstanus
343 2351 482 2414 llessnlla
498 2359 648 2430 praeerat,
668 2351 756 2412 elaris
770 2352 942 2431 maioribus,
960 2355 1100 2432 egregius

97 2441 163 2516 ipse
182 2439 272 2516 etqui
288 2437 369 2498 sulus
384 2437 420 2497 ad
436 2436 465 2496 id
481 2434 589 2495 bellum
611 2445 690 2496 artes
707 2434 800 2496 bonas
816 2437 969 2498 attulisset.
996 2438 1049 2498 bas
1064 2437 1100 2498 ad

99 2523 201 2602 copias
216 2539 396 2600 naquaquam
410 2519 574 2583 Vitellianis
586 2537 672 2599 pares
688 2520 813 2600 (qnippe
827 2530 887 2581 tres
899 2521 992 2590 adhue
1006 2521 1099 2599 legio·
1112 2544 1135 2586 n

97 2626 151 2668 nes
168 2607 266 2684 erant)
286 2607 362 2665 misit
386 2604 527 2686 epistulas
548 2601 692 2681 Caenina,
714 2605 903 2667 temeritatem
924 2607 1001 2666 vieta
1023 2623 1100 2666 anna

96 2692 279 2754 tractantium
302 2693 448 2750 inensam.
484 2687 567 2749 simul
589 2691 679 2750 virtus
694 2687 857 2750 Germanioi
878 2690 1025 2750 exereitus
1040 2689 1099 2749 lau-

97 2777 181 2838 dibus
196 2773 399 2851 attollebatur,
415 2773 526 2836 Vitellii
541 2774 654 2835 modion
672 2782 702 2834 et
716 2773 829 2853 vulgari
844 2775 1004 2851 mentione,
1022 2773 1100 2834 nulla

96 2864 125 2922 in
141 2861 355 2939 Vespasianum
377 2858 564 2920 contumelia:
586 2859 655 2918 nibil
673 2875 792 2938 prorsus
815 2858 894 2939 quod
910 2867 958 2919 aut
972 2874 1099 2918 eorrum-

97 2955 182 3024 peret
194 2945 307 3006 bostem
323 2953 371 3005 aut
381 2951 516 3005 terreret.
541 2942 742 3004 Flavianarum
751 2945 874 3024 partium
886 2943 975 3008 (brues
992 2943 1099 3003 omissa
1109 2966 1135 3006 aa

96 3031 204 3107 prioris
225 3029 358 3089 fortunae
379 3028 550 3089 defensione
575 3045 629 3108 pro
652 3029 834 3107 Vespasiano
855 3029 1023 3106 magnifiee,
1046 3043 1099 3106 pro

99 3130 185 3173 nausa
202 3113 338 3190 tidenter,
356 3113 393 3175 de
410 3115 488 3173 exitu
512 3115 626 3190 securi,
644 3115 671 3171 in
687 3113 833 3173 Vitellium
849 3122 879 3174 ut
895 3113 1000 3174 inimici
1015 3127 1099 3190 prae·

98 3213 265 3274 sumpsere,
281 3197 358 3256 lanta
372 3197 493 3257 tribunis
510 3196 786 3341 centurionibusgue
800 3197 943 3258 retinendi
957 3213 1033 3276 quas
1048 3194 1099 3256 Vi·

97 3279 195 3342 tellius
216 3280 385 3341 indulsisset
407 3298 475 3360 spe;
498 3290 584 3360 atque
607 3283 699 3361 ipsum
748 3283 876 3356 aeeinam
899 3299 956 3342 non
971 3279 1099 3342 obseura

97 3365 132 3427 ad
148 3365 345 3426 transitionem
357 3363 555 3426 hortabantur.
581 3367 722 3427 recitatae
739 3367 941 3444 pronuntians
957 3362 1133 3441 epistulaeas

96 3450 235 3511 addidere
255 3450 403 3527 fiduciam,
429 3449 506 3528 quod
527 3449 669 3510 submisse
697 3447 839 3524 Gaeeina,
855 3449 934 3509 velut
950 3445 1099 3508 offendere
