2568 3870
334 133 337 140 ’
420 145 527 194 ursan
541 147 578 192 11.
600 145 677 194 css.
694 143 815 199 41—45.
1077 137 1120 198 65

175 299 228 362 44.
251 297 290 358 in
315 296 410 358 media
439 299 503 358 acie
523 310 662 379 perrupta
688 302 793 378 lugere
820 302 927 381 passim
956 301 1118 381 Othoniani,

115 383 287 446 Redriaeum
302 391 445 461 petentes.
463 383 622 442 inmensum
635 383 663 443 id
675 386 815 463 spatium,
838 385 1005 445 obstructae
1018 395 1119 464 strage

115 483 274 546 corporum
294 466 378 537 viae,
401 481 458 543 quo
479 465 545 544 plus
565 466 664 526 caedis
686 469 872 546 iuiteneque
894 470 968 528 enim
985 469 1119 529 ciuilibus

114 551 203 614 bellis
221 550 297 626 capti
314 549 343 606 in
360 548 497 626 praedam
511 559 671 610 uertuntur.
710 553 866 612 Suetonius
882 551 1015 612 Paulinus
1031 561 1060 612 et
1074 551 1118 612 Li·

116 635 209 695 cinius
227 629 369 693 Proculus
391 631 515 691 dirersis
539 631 689 693 itineribus
706 643 800 694 castra
824 637 963 695 vitavere·
995 635 1142 696 Vediumu

116 717 252 796 Aquilam
274 714 378 792 tertiae
402 713 541 774 decumae
562 716 687 792 legionis
710 716 837 794 legatum
860 720 919 778 irae
943 718 1059 778 militum
1079 719 1119 778 in·

116 800 267 862 consultus
283 813 377 878 pauor
401 798 513 858 obtulit.
547 799 636 858 molto
654 798 747 860 adbuc
769 801 816 861 die
838 800 945 861 uallum
969 802 1119 880 ingressus

116 885 245 945 clamore
261 879 466 942 seditiosorum
482 891 512 941 et
533 881 679 960 fugacium
695 885 957 963 circumstrepitur;
979 903 1037 945 non
1052 902 1119 966 pro·
1186 891 1194 898 '

115 967 198 1041 bris,
219 983 277 1025 non
292 963 423 1025 manibus
441 965 600 1034 abstinent;
625 967 806 1028 desertorem
822 968 1060 1047 proditoremque
1075 969 1117 1027 in·

120 1055 258 1126 crepant,
278 1048 359 1108 nullo
379 1049 501 1127 proprio
517 1051 636 1110 crimine
660 1053 737 1128 eius,
761 1051 812 1111 scd
833 1068 915 1111 more
935 1052 1016 1130 volgi
1038 1069 1156 1112 suumin

44 1177 48 1184 .
119 1132 243 1212 quisque
259 1130 395 1208 flagitium
411 1131 476 1192 aliis
498 1133 690 1193 obiectantes.
724 1132 865 1194 Titianum
881 1144 911 1194 ct
928 1133 1044 1196 Oolsum
1060 1153 1120 1194 nox

119 1217 204 1292 iuvit,
227 1212 379 1294 dispositis
397 1215 452 1274 iam
469 1215 601 1276 excubiis
625 1220 852 1297 conpressisque
867 1217 1020 1298 militibus,
1045 1237 1120 1299 quos

118 1298 230 1378 Annius
249 1296 351 1358 Gallus
373 1298 496 1358 consilio
517 1298 655 1379 precibus
670 1303 842 1361 auctoritate
860 1301 1000 1378 deserat,
1021 1320 1059 1362 nc
1075 1320 1120 1362 su·
1227 1303 1231 1310 '

117 1400 173 1464 per
194 1380 310 1442 cladem
329 1379 472 1444 adversae
493 1399 608 1462 pugnae
637 1385 756 1442 suismet
784 1384 841 1462 ipsi
867 1385 1006 1446 caedibus
1027 1386 1119 1444 saeri-

116 1474 200 1526 rent:
223 1465 289 1525 sive
313 1464 377 1524 linis
396 1463 477 1526 bello
496 1468 627 1525 uenisset
648 1484 701 1525 sen
720 1482 869 1527 resumere
888 1485 971 1528 arma
992 1468 1154 1545 mallentin

117 1550 232 1610 unicum
248 1548 334 1608 victis
349 1548 378 1607 in
400 1567 544 1610 consensu
564 1548 766 1609 levamentum.
805 1552 912 1611 ceteris
933 1552 1044 1612 fractus
1060 1553 1119 1611 ani·

118 1643 196 1692 mus:
228 1631 431 1712 praetorianus
451 1633 534 1692 miles
556 1650 613 1692 non
633 1633 738 1693 virtute
754 1651 800 1704 se,
814 1633 866 1694 sed
889 1635 1054 1713 proditione
1078 1635 1119 1694 vi·

11 1739 13 1746 ¹
121 1725 196 1777 ctum
213 1713 371 1777 iremebat:
408 1734 445 1776 ne
460 1715 624 1776 Vitellianis
645 1716 759 1794 quidem
775 1717 952 1778 incruentam
968 1717 1060 1777 luisse
1078 1717 1119 1776 vi·

11 1837 13 1890 5
120 1800 240 1861 storiam
253 1842 262 1876 ,
276 1797 361 1877 pulso
381 1800 494 1878 equite,
509 1808 592 1878 rapta
607 1799 733 1877 legionis
754 1799 864 1878 aquila;
882 1818 1040 1880 superesse
1056 1817 1120 1860 cum

12 1901 13 1924 ³
117 1886 185 1964 ipso
201 1881 317 1942 Othone
333 1883 451 1943 militum
468 1883 546 1962 quod
562 1891 639 1943 trans
655 1882 761 1943 l’adum
779 1883 880 1960 fuerit,
897 1885 997 1944 venire
1013 1881 1118 1944 lloesi·
1128 1907 1155 1948 so

119 1984 171 2028 cas
182 1965 333 2044 legiones,
350 1984 482 2044 magnam
495 1968 642 2026 exercitus
656 1975 767 2045 partem
781 1965 915 2027 Bedriaci
929 1968 1118 2027 remansisse:

118 2051 176 2112 hos
191 2057 274 2108 certe
289 2048 414 2110 nondum
438 2049 535 2110 victos
551 2057 594 2126 et,
615 2050 640 2109 si
659 2051 697 2108 ita
713 2048 821 2126 ferret,
844 2048 992 2109 honestius
1010 2049 1038 2108 in
1056 2051 1120 2109 acie

120 2135 277 2214 perituros.
317 2133 360 2192 his
383 2132 608 2211 cogitationibus
628 2141 727 2192 truces
748 2141 795 2192 aut
811 2131 908 2212 pavidi
926 2140 1053 2192 extrema
1069 2132 1119 2192 de·

120 2215 288 2297 speratione
317 2215 353 2276 ad
378 2217 449 2276 iram
476 2215 593 2295 saepius
622 2232 706 2294 quam
731 2215 760 2274 in
785 2215 966 2275 formidinem
994 2215 1119 2275 stimula·

119 2299 233 2362 bantur.
265 2305 269 2313 '
1128 2325 1155 2366 2⁵

12 2443 13 2450 ,
182 2384 234 2444 45.
254 2382 293 2443 At
308 2382 481 2445 Vitellianus
503 2385 651 2444 exercitus
671 2383 708 2444 ad
730 2383 857 2460 quintum
880 2399 896 2442 a
917 2380 1061 2442 Bedriaco
1078 2378 1119 2441 la·

12 2493 14 2536 t
120 2467 217 2546 pidem
234 2465 382 2545 consedit,
396 2484 455 2528 uon
470 2468 547 2528 ausis
558 2466 679 2527 ducibus
694 2465 795 2527 eadem
812 2465 858 2526 die
874 2466 1120 2545 obpugnationem

12 2559 13 2582 i
123 2559 299 2619 castrorum;
316 2550 400 2610 simul
418 2550 580 2612 voluntaria
598 2549 707 2612 deditio
722 2549 913 2629 sperabatur:
930 2549 982 2610 sed
1000 2548 1121 2628 expedi·

120 2634 157 2694 tis
180 2641 210 2692 et
228 2641 335 2694 tantum
356 2633 392 2694 ad
414 2634 557 2714 proelium
574 2635 704 2712 egressis
725 2635 926 2695 munimentum
943 2633 1025 2693 luere
1042 2650 1121 2693 arma

120 2725 151 2777 et
172 2717 305 2778 victoris.
341 2726 461 2798 postera
480 2718 542 2797 die,
558 2716 634 2779 baud
649 2718 783 2796 ambigua
798 2716 951 2778 Othoniani
972 2717 1143 2778 exercituss
1168 2780 1172 2788 ,

120 2798 270 2861 volontate
298 2807 327 2860 ct
354 2802 402 2880 qui
423 2800 587 2862 ferociores
614 2801 728 2862 inerant
747 2802 783 2863 ad
811 2802 1015 2881 paenitentiam
1037 2799 1119 2862 incli-

118 2883 269 2961 nantibus,
289 2884 377 2946 misss
398 2885 522 2963 legatio:
544 2903 600 2946 nec
614 2887 691 2965 apud
711 2886 801 2947 duces
819 2885 992 2947 Vitellianos
1008 2884 1119 2945 dubita·
1167 2919 1169 2924 ·

120 2973 179 3028 trtm
194 2966 358 3045 quominus
373 2986 476 3047 pacem
492 2968 697 3031 concederent.
729 2969 819 3047 legati
833 2969 984 3049 paulisper
997 2969 1118 3030 retenti:

120 3068 156 3112 ea
177 3067 226 3111 res
246 3049 465 3112 haesitationem
487 3051 581 3114 attulit
599 3053 708 3130 ignaris
731 3053 826 3114 adhuc
847 3070 882 3114 au
904 3054 1117 3134 impetrassent.

88 3183 92 3190 .
119 3152 189 3194 mox
208 3133 329 3196 remissa
343 3133 493 3214 legatione
509 3137 600 3215 patuit
614 3135 730 3216 uallum.
767 3145 826 3197 tum
839 3136 909 3198 uicti
929 3137 1117 3214 victoresque
1129 3151 1156 3194 rc

120 3219 149 3278 in
171 3216 306 3280 lacrimas
323 3219 422 3297 ellusi,
445 3229 554 3280 sortem
576 3220 703 3281 civilium
720 3237 863 3282 armorum
883 3221 988 3282 misera
1009 3219 1118 3282 laetitia

120 3300 315 3370 detestantem
336 3300 427 3364 isdem
449 3304 580 3364 tentoriis
603 3303 652 3364 alii
672 3303 806 3380 fratrum,
827 3302 875 3363 alii
889 3303 1119 3383 propinquorum

121 3383 244 3445 volnera
257 3383 411 3448 iovebant:
438 3405 508 3466 spes
525 3396 555 3448 et
569 3388 697 3467 praemia
708 3388 737 3447 in
753 3385 907 3464 ambiguo,
924 3395 1003 3447 certa
1017 3385 1120 3446 iuuere

163 3486 252 3528 rscrrr
265 3487 336 3532 rans
352 3491 379 3532 u.
