2596 3872
434 93 539 140 11010
553 93 835 164 11..011.67-71.
872 74 876 82 “
1072 84 1136 170 313

135 265 298 310 conversus
313 247 496 308 Gerellanum
519 247 662 308 tribunum
679 268 740 310 cum
762 249 883 311 cohorte
904 250 1022 311 militum
1042 252 1133 312 inmit-

135 335 169 394 tit
189 331 326 410 iubetque
352 333 523 411 praevenire
551 342 672 392 conatus
701 335 847 412 consulis,
881 351 1024 412 occupare
1054 337 1135 396 velut

134 433 234 478 arcem
248 416 328 492 eius,
347 417 513 494 opprimere
540 415 683 476 delectam
697 419 872 478 iuventutem
880 420 975 496 ,quia
991 419 1157 480 Vestinnso

134 501 307 562 inminentes
327 499 393 559 loro
414 499 503 559 aedes
520 499 688 578 decoraque
708 502 826 562 servitia
843 511 871 562 et
890 501 953 580 pari
972 511 1068 563 aetate
1083 503 1132 564 ha·

135 583 231 645 habat.
264 592 366 643 cuncta
388 601 423 644 eo
447 583 494 642 die
512 585 607 644 munia
625 585 753 645 consulis
770 586 942 664 impleuerat
958 579 1133 646 convivium-

137 687 191 748 que
207 666 387 744 celebrabat,
403 667 472 726 nihil
487 677 617 728 metuens
634 686 670 728 an
685 668 889 730 dissimulando
905 677 993 745 metu,
1011 687 1075 730 oum
1091 671 1132 729 in-

134 752 231 830 gressi
251 751 358 810 milites
373 751 474 811 vocari
496 748 559 810 eum
575 769 591 811 a
609 752 721 812 tribuno
737 753 848 813 dixere.
879 753 929 812 ille
950 752 1019 814 nihil
1035 753 1132 814 demo·

132 845 212 896 ratus
235 836 366 912 exsurgit
386 844 416 895 et
436 836 531 896 omuia
553 834 637 896 simul
659 845 867 914 properantur:
893 835 1033 897 clauditur
1054 835 1132 897 cubi·
1144 857 1167 898 ιι

134 919 218 997 culo,
236 927 355 999 praesto
372 926 418 978 est
429 918 566 997 medicus,
582 916 787 980 abscinduntur
799 938 900 998 venae,
920 922 1024 997 vigens
1039 919 1132 981 adhuc

131 1003 240 1064 balneo
256 1001 394 1102 infertor,
416 1002 508 1064 calida
528 1020 601 1083 aqua
621 1013 778 1094 mersatur,
797 1003 875 1065 nulla
893 1003 969 1064 edito
984 1022 1059 1065 voce
1076 1021 1133 1083 qna

132 1094 227 1148 semet
251 1085 447 1149 miseraretur.
487 1084 675 1148 circumdati
678 1088 791 1169 iuterim
816 1087 947 1149 custodia
974 1089 1023 1167 qui
1048 1086 1132 1149 simul

133 1169 347 1248 discubuerant,
362 1187 419 1230 uec
432 1171 487 1230 nisi
503 1180 644 1270 provecta
659 1181 748 1232 nocte
764 1170 863 1232 omissi
879 1181 959 1249 sunt,
976 1181 1132 1270 postquam

133 1271 273 1335 pauorem
290 1270 405 1331 eorum,
428 1272 466 1314 ex
479 1271 579 1315 mensa
595 1255 711 1316 esitium
731 1257 957 1354 opperiendum,
981 1263 1010 1316 et
1031 1257 1130 1332 imagi-
1142 1274 1168 1314 11

134 1346 216 1402 natus
238 1346 268 1397 et
291 1337 418 1398 inridens
435 1336 515 1398 Nero
537 1340 606 1399 satis
631 1339 767 1418 supplicii
786 1339 875 1402 luisse
895 1340 934 1399 ait
954 1357 1008 1419 pro
1037 1338 1132 1418 epulis
1157 1396 1158 1400 ,

136 1419 344 1482 consularibus.

195 1505 244 1566 70.
265 1503 350 1566 Exim
364 1505 476 1566 Annaei
490 1505 599 1566 Lucani
620 1505 739 1566 caedem
760 1507 891 1586 imperat.
922 1506 947 1566 is
968 1503 1131 1583 prolluente

133 1589 274 1666 sangnine
295 1589 344 1649 ubi
364 1588 528 1666 frigescere
550 1588 641 1667 pedes
657 1607 816 1668 manusque
830 1598 859 1650 et
874 1589 1011 1669 paulatim
1028 1588 1063 1648 ab
1081 1608 1131 1648 ex·

133 1674 233 1734 tremis
261 1673 368 1733 cedere
396 1673 526 1753 spiritum
545 1673 658 1734 iervido
686 1672 779 1734 adhoc
807 1683 837 1736 et
862 1683 998 1753 compote
1027 1674 1133 1732 mentis

132 1765 255 1836 pectore
270 1757 423 1833 intellegit,
439 1757 608 1818 recordatus
627 1775 742 1818 carmen
763 1775 826 1818 ase
842 1759 1049 1837 compositum,
1073 1773 1130 1835 quo

133 1840 313 1901 volneratum
337 1839 455 1902 militem
478 1859 531 1920 per
552 1843 613 1902 eius
635 1841 714 1902 modi
735 1842 835 1902 mortis
855 1841 1010 1918 imaginem
1032 1839 1158 1901 01111100

132 1922 298 2001 tradiderat,
315 1929 515 2003 versusipsos
532 1924 652 2000 rettulit,
672 1943 764 2004 eaque
782 1924 825 1986 illi
840 1942 974 2004 suprema
989 1942 1049 1984 vox
1068 1923 1131 1984 luit.
1182 1943 1184 1947 ·

135 2007 260 2068 Senecio
279 2007 402 2086 posthac
424 2017 453 2068 et
475 2008 643 2084 Quintianus
664 2017 693 2068 01
709 2007 869 2068 Scaevinus
891 2026 949 2068 nou
971 2027 1009 2068 ex
1033 2009 1133 2086 priore

136 2089 212 2149 vitae
225 2089 361 2167 mollitia,
375 2107 444 2149 mox
458 2090 562 2170 reliqui
578 2091 790 2152 coniuratorum
806 2091 939 2170 periere,
956 2090 1035 2149 nullo
1052 2090 1131 2150 iacto

135 2171 250 2235 dictove
264 2171 461 2236 memorando.
657 2219 659 2223 ψ

197 2257 246 2316 71.
279 2256 337 2318 Sed
359 2255 500 2334 compleri
527 2257 639 2318 iuterim
664 2256 733 2318 urbs
761 2256 925 2332 funeribus,
959 2218 1131 2335 Capitolium

132 2340 270 2410 victimis;
293 2340 366 2402 alius
382 2339 458 2418 filio,
479 2341 570 2401 tratre
586 2340 659 2402 alius
674 2349 721 2400 ant
736 2341 900 2420 propinquo
917 2348 966 2401 aut
980 2339 1073 2400 arnico
1089 2339 1131 2400 in·

132 2424 280 2502 terfectis,
307 2442 397 2502 agere
417 2433 520 2501 grates
538 2423 620 2501 deis,
645 2442 750 2484 ornare
774 2425 855 2485 lauru
876 2423 1009 2500 domum,
1036 2423 1132 2500 genua

45 2545 56 2560 ι
131 2508 232 2607 ipsios
243 2507 362 2569 advolvi
385 2517 414 2568 et
435 2508 565 2568 dextram
587 2507 695 2570 0100111
718 2507 852 2586 fatigare.
883 2517 967 2588 atque
990 2507 1040 2568 ille
1059 2525 1129 2584 gau

132 2591 208 2652 dium
223 2583 252 2652 id
268 2591 391 2654 credens
406 2591 526 2652 Antonii
540 2590 650 2653 Natalis
668 2601 697 2652 et
713 2590 843 2653 Cervarii
859 2592 976 2653 Proculi
995 2592 1157 2655 festinatas

130 2675 257 2736 iudicia
248 2677 406 2754 inpunitate
418 2684 625 2738 remuneratur.
652 2675 787 2738 Milichus
799 2676 934 2756 praemiis
946 2675 1050 2738 ditatus
1064 2691 1130 2734 cou-

131 2759 292 2821 servatoris
309 2758 362 2819 sibi
377 2775 499 2837 nomen,
522 2758 635 2820 Graeco
657 2761 720 2820 eius
734 2778 778 2819 rer
770 2759 948 2835 'vocabulo
963 2758 1131 2838 adsumpsit.

132 2861 150 2903 e
164 2843 285 2902 11110011
298 2842 404 2904 Gavius
419 2841 568 2919 Silvanus,
591 2845 719 2922 quamvis
733 2840 898 2918 absolutus,
916 2859 967 2902 soa
983 2859 1068 2904 mauu
1084 2860 1131 2903 ce·

132 2926 215 2996 011110
237 2927 343 2987 Statius
364 2925 515 2987 Proximus
537 2928 663 3004 veniam,
687 2943 771 3004 quam
790 2923 827 2986 ab
849 2928 1027 3004 imperatore
1045 2943 1130 2988 aoce-

132 3017 232 3088 perat,
258 3010 384 3070 vanitate
406 3009 499 3070 exitus
523 3010 661 3086 corrupit.
697 3009 775 3069 exuti
799 3009 903 3070 dehinc
924 3008 1067 3068 tribunatu
1079 3009 1097 3049 ·*
1113 3009 1166 3056 *¹⁶

129 3091 302 3192 Pompeius,
325 3089 479 3152 Cornelius
501 3091 655 3168 Martialis,
677 3091 793 3153 Flavius
808 3091 926 3172 Nepos,
949 3093 1056 3153 Statius
1071 3091 1130 3152 Do·

128 3177 243 3276 mitius,
259 3177 340 3257 quasi
355 3175 590 3320 principaturos
606 3176 720 3256 quidem
737 3176 878 3254 odissent,
893 3174 946 3237 sed
961 3185 1055 3236 tamen
1070 3175 1130 3234 exi·

129 3261 325 3322 stimarentur.
386 3275 455 3321 0110
471 3257 572 3320 Prisco
594 3279 648 3340 per
662 3261 814 3321 amicitiam
830 3261 978 3336 Senecae,
1001 3265 1029 3319 et
1043 3257 1130 3319 Glitio

129 3342 216 3406 Gallo
240 3351 332 3422 atque
346 3339 441 3404 Annio
461 3341 585 3404 Pollioni
608 3344 750 3406 infamatis
768 3342 861 3420 magis
884 3359 967 3421 onam
990 3341 1133 3402 convictis
