2536 3870
175 169 242 236 tlt
420 179 937 232 ooanmmmscmrsoaroousn

241 340 271 398 7.
295 337 428 416 Sequens
442 355 532 400 annos
549 336 633 414 graui
652 333 773 396 volnere
791 336 912 396 animum
929 334 1103 413 domumque
1122 336 1192 394 eius

177 420 299 486 addixit.
330 439 394 482 nam
416 421 521 482 classis
540 419 702 482 ΟιΙιοιιίιιοι
723 419 846 480 licenter
870 437 945 496 vaga
969 419 1035 478 dum
1056 416 1191 480 Inteme-

177 507 235 568 lios
251 504 401 584 (Liguriae
418 523 487 584 pars
501 507 562 584 eat)
579 503 723 566 hostiliter
737 503 909 583 populatur,
925 513 1044 564 matrem
1059 504 1189 582 Agrico·

178 590 225 652 lae
246 591 275 648 in
297 588 424 667 praediis
447 589 507 650 suia
528 588 689 664 interfecit,
713 587 892 666 praediaque
912 588 976 664 ipsa
997 595 1027 646 et
1047 597 1190 664 maguam

150 673 342 754 epatrimouii
358 680 469 751 partem
489 671 623 751 diripuit,
647 688 722 749 quae
739 689 826 732 causa
843 671 942 734 caedis
959 671 1063 731 iuerat.
1094 671 1190 748 igitur

178 757 215 820 ad
233 756 385 818 sollemnia
408 757 523 836 pietatis
540 755 690 835 proiectus
709 753 868 832 Agricola,
891 756 988 814 nuntio
1009 754 1154 817 adfectati
1173 773 1189 815 a

178 841 363 919 Vespasiano
384 841 498 918 imperii
519 837 719 918 deprehensus
741 855 776 900 ec
798 839 893 899 statim
915 841 943 897 in
968 846 1068 917 partes
1089 847 1188 900 tram-

178 941 299 1003 gressus
315 931 370 984 eat.
402 924 479 985 initia
494 925 672 1002 principatus
693 939 730 990 ao
746 929 850 984 statam
870 921 949 982 urbis
964 922 1117 985 bluciauus
1138 942 1188 983 re·

177 1007 286 1086 gebat,
310 1009 417 1068 invene
440 1007 590 1068 admodum
616 1007 779 1068 Domitiano
805 1016 835 1067 ct
860 1024 898 1066 ex
920 1014 1042 1084 paterna
1067 1007 1187 1068 fortuna

139 1106 169 1150 ao
181 1099 287 1152 tautum
304 1090 448 1150 licentiam
468 1099 635 1168 usurpante.
662 1093 687 1150 is
709 1090 825 1150 missurn
848 1089 884 1150 ad
905 1089 1030 1151 dilectus
1050 1089 1186 1170 agendos

178 1173 350 1252 Agricolam
372 1175 545 1254 integreque
571 1191 608 1234 ao
631 1184 747 1236 scenae
770 1184 915 1236 uersatum
938 1174 1119 1236 vicensimae
1143 1174 1183 1235 le·

178 1259 257 1337 gioni
276 1257 358 1319 tarde
373 1258 409 1319 ad
424 1267 635 1320 sacramentum
651 1268 854 1336 transgressae
868 1259 1048 1338 praeposuit,
1066 1257 1117 1318 ubi
1132 1257 1177 1318 de·

179 1360 283 1404 cessor
310 1342 451 1404 seditioso
477 1361 567 1421 agere
591 1341 776 1404 narrabatur:
805 1343 914 1423 quippe
936 1342 1041 1420 legatis
1065 1357 1178 1422 quoque

180 1426 382 1488 consularibus
396 1427 482 1488 nimia
503 1444 539 1488 ιο
556 1425 746 1488 formidolosa
764 1436 842 1504 erat,
863 1445 919 1487 aec
934 1427 1048 1504 legatus
1065 1434 1182 1505 praeto·

142 1512 238 1574 rarius
253 1510 289 1571 ad
306 1510 498 1572 cohibendum
512 1519 634 1590 potens,
649 1513 789 1572 incertum
801 1529 856 1572 suo
871 1529 906 1570 an
921 1511 1039 1570 militum
1054 1510 1184 1588 ingenio.

178 1598 218 1656 ita
237 1612 395 1656 successor
415 1595 499 1656 simul
524 1603 553 1654 et
578 1594 655 1659 ultor
676 1595 788 1656 electus
811 1596 956 1655 rarissima
983 1593 1186 1655 moderatione

177 1680 278 1739 maluit
293 1677 386 1738 rideri
401 1679 549 1738 inuenisse
564 1677 660 1739 bonos
676 1696 760 1758 quam
776 1679 895 1739 iecisse.

242 1760 272 1821 8.
302 1761 440 1823 Praeerat
461 1771 529 1823 tuuc
547 1761 712 1823 Britanniae
735 1763 850 1824 Vettius
870 1761 1016 1838 Bolanus,
1038 1762 1187 1840 placidius

179 1863 264 1924 quam
280 1845 374 1904 feroci
390 1845 540 1922 provincia
556 1845 673 1924 dignum
691 1855 745 1908 est.
780 1846 953 1926 temperavit
968 1846 1112 1924 Agricola
1129 1847 1186 1907 ιίιο
1252 1878 1253 1907 ι

99 1987 109 2008 ‚
179 1945 259 1988 suam
276 1926 468 2008 ardoremque
488 1932 683 2010 compescuit,
699 1949 736 1992 mo
753 1931 948 2005 incresceret,
970 1930 1080 2010 peritos
1097 1930 1186 1990 obse·

178 2013 238 2091 quii
252 2011 439 2090 eruditusque
462 2013 541 2075 utilia
562 2013 693 2076 honestis
716 2016 851 2075 miscere.
887 2013 970 2074 brevi
991 2013 1096 2074 deinde
1124 2013 1184 2076 Bri
1251 2083 1252 2086 Ἴ

153 2096 275 2157 stannia
292 2095 474 2158 consularem
488 2097 619 2157 Petilium
635 2096 778 2158 Cerialem
795 2099 919 2176 aceepit.
952 2097 1114 2158 babuerunt
1128 2098 1186 2158 uir·

178 2189 256 2240 tutes
275 2180 399 2259 spatium
414 2180 629 2261 exemplorum,
645 2180 698 2241 sed
711 2181 805 2260 primo
823 2179 946 2242 Cerialis
962 2181 1081 2244 labores
1096 2182 1184 2242 modo

179 2272 210 2323 et
227 2263 406 2342 discrimina,
433 2283 501 2326 mox
522 2274 551 2325 et
571 2264 697 2343 gloriam
718 2264 962 2327 communicabat:
992 2283 1083 2345 saepe
1109 2266 1185 2344 parti

180 2347 329 2408 exercitus
356 2349 384 2406 in
406 2348 652 2428 experimentum,
676 2347 831 2427 aliquando
852 2350 1009 2410 maioribus
1031 2349 1128 2429 copiis
1148 2369 1183 2410 ex

181 2439 286 2490 eventu
302 2430 454 2508 praefecit.
484 2450 541 2492 nso
560 2430 703 2509 Agricola
720 2450 851 2512 umquam
870 2433 899 2492 in
915 2451 995 2494 snam
1008 2433 1114 2495 famam
1133 2453 1182 2511 ge·

142 2515 233 2575 ⁸satis
249 2515 420 2576 exsultavit:
444 2516 480 2576 ad
502 2525 649 2577 auctorem
665 2534 701 2577 ac
721 2515 824 2578 dacem
845 2525 876 2576 ut
896 2519 1025 2578 minister
1040 2518 1182 2578 fortunam

178 2598 337 2660 referebat.
371 2601 409 2659 ita
430 2599 536 2660 uirtute
551 2602 579 2660 in
602 2598 809 2679 obsequendo,
832 2601 1008 2662 verecundia
1026 2602 1054 2661 in
1069 2603 1181 2680 praedi·

180 2682 273 2742 cando
293 2691 374 2743 extra
389 2683 524 2745 invidiam
540 2702 596 2744 nec
613 2691 695 2744 extra
711 2684 836 2761 gloriam
853 2693 924 2745 erat.
973 2731 977 2746 ,

241 2768 272 2828 9.
293 2766 501 2829 Revertentem
522 2767 558 2828 ab
576 2768 723 2847 legatione
738 2768 862 2846 legionis
884 2769 965 2830 divus
983 2770 1182 2848 Vespasianus

178 2851 254 2911 luter
266 2851 406 2929 patricios
418 2851 553 2923 adscirit;
568 2871 604 2913 sc
616 2851 721 2913 deinde
734 2853 903 2931 prouinciae
915 2853 1089 2932 Aquitaniae
1100 2873 1181 2933 prae·

177 2935 290 3014 posuit,
315 2934 485 3013 splendidae
506 2937 634 3014 inprimis
651 2935 799 3012 diguitatis
808 2936 1058 2998 administratione
1074 2955 1110 2998 ae
1131 2955 1182 3017 spe

180 3018 363 3094 consulatus,
386 3021 431 3080 coi
452 3021 617 3082 destinarat.
654 3019 773 3081 credunt
797 3021 931 3101 plerique
952 3021 1122 3084 militaribus
1144 3023 1180 3082 in-

153 3103 276 3180 sgeniis
292 3101 479 3167 subtilitatem
495 3105 618 3181 deesse,
641 3105 706 3184 quia
724 3107 879 3166 castrensis
897 3105 1057 3167 iurisrbotio
1080 3124 1180 3168 secura

180 3194 209 3245 et
227 3185 359 3247 obtusior
379 3204 415 3249 ac
435 3190 519 3268 plura
534 3205 620 3250 manu
635 3207 728 3266 agens
743 3189 929 3252 calliditatem
946 3191 1004 3251 lori
1026 3209 1087 3252 non,
1101 3210 1179 3252 exer·

179 3275 255 3330 ceat.
285 3269 426 3347 Agricola
441 3272 562 3335 naturali
579 3272 740 3353 prodentia,
756 3275 886 3353 quamue
902 3275 977 3335 inter
990 3284 1126 3352 togatos,
1142 3275 1176 3334 la·
1248 3333 1249 3358 ,

180 3352 235 3412 cite
252 3353 385 3430 iusteque
403 3356 519 3434 agebat.
552 3357 607 3418 iam
633 3374 705 3417 vero
727 3365 859 3436 tempora
883 3375 1013 3420 curarum
1033 3359 1176 3418 remissio·

176 3449 302 3512 urumque
318 3433 427 3500 divisa:
454 3439 503 3499 ubi
519 3449 678 3500 conventus
702 3458 737 3501 ac
753 3441 858 3501 indicia
876 3451 1048 3520 poscerent,
1081 3440 1174 3516 gravis
