2536 3870
432 153 560 201 annm.
580 153 656 202 oar.
671 149 792 206 to—m.
819 128 821 133 ’
1043 142 1108 209 155

101 311 227 374 nondum
242 307 384 369 bonorum
400 324 494 386 oapax
510 315 600 387 aetas,
615 308 684 369 nihil
698 309 776 387 quod
787 309 826 370 eir
837 318 866 371 te
880 311 1107 389 concupisceret

101 395 200 469 Nero,
225 390 295 451 nibil
317 391 394 469 quod
414 393 538 451 timeret.
570 391 688 452 libidine
708 395 856 471 sanguinis
877 402 907 453 et
925 393 1003 453 biatu
1019 411 1104 472 prae·

100 480 223 539 miorum
238 477 367 552 ignotum
382 473 476 535 adhue
489 477 636 552 ingenium
650 486 681 539 et
700 475 787 536 nullis
810 476 1029 538 defensionibus
1052 496 1102 536 ex·
1134 507 1135 512 1

100 569 216 643 partum
233 558 324 619 oaede
338 557 428 618 nobili
443 559 570 635 inbuisti,
591 578 654 620 oum
669 580 707 621 en
723 561 827 622 funere
844 562 888 622 rei
906 560 1041 641 publioae
1058 580 1101 622 ra·
1111 584 1139 624 ao
1178 613 1181 619 .

100 647 159 726 ptis
183 641 382 704 consularibus
405 642 525 720 spoliis,
550 645 739 722 septuagiens
754 646 891 705 sestertio
906 647 1056 722 saginatus
1072 653 1104 704 et

99 719 267 789 saoerdotid
291 724 408 802 lulgens
423 727 557 786 innoxios
572 745 694 807 pueros,
718 728 855 789 inlustres
870 747 969 805 senes,
986 729 1102 806 oonspi·

99 828 169 873 onas
184 811 306 871 laminas
323 808 425 869 eadem
440 811 519 870 mina
536 821 758 889 prosterneres,
779 830 845 872 oum
866 814 1019 889 segnitiam
1043 811 1101 872 Ne·

96 897 177 957 ronis
193 895 354 971 inousares,
371 893 449 972 quod
464 912 519 972 per
534 895 665 972 singulas
680 895 783 956 domos
799 913 890 974 seque
908 905 938 956 et
953 894 1102 957 delatores

97 981 250 1056 fatigaret:
272 994 362 1055 posse
380 979 544 1037 universum
560 989 691 1040 senatum
704 998 759 1041 una
777 997 852 1039 vooe
866 979 1004 1039 subverti.
1033 979 1137 1041 reti-an

98 1070 178 1138 nete,
200 1069 298 1139 patres
321 1062 497 1140 oonsoripti,
514 1070 544 1121 et
564 1072 714 1124 reservate
735 1063 879 1125 hominem
895 1072 952 1123 tam
974 1061 1104 1141 expediti

99 1144 224 1220 consilii,
240 1151 272 1203 ut
287 1146 379 1203 omnis
393 1154 475 1206 aetas
490 1145 629 1207 instruota
643 1149 690 1225 sit,
710 1156 740 1206 et
754 1165 812 1227 quo
828 1146 914 1207 modo
936 1164 1024 1206 senes
1049 1163 1102 1205 no-

97 1232 149 1289 stri
163 1226 342 1305 Marcellum,
359 1226 505 1308 Crispum,
522 1231 643 1290 iuvenes
657 1230 802 1308 Regulum
816 1232 970 1290 imitentur.
993 1230 1103 1289 invenit

97 1309 229 1372 aemulos
243 1311 330 1372 etiam
343 1310 445 1371 infelix
459 1315 603 1391 nequitia:
616 1314 684 1392 quid
700 1316 724 1373 si
739 1315 843 1374 dorent
864 1311 1042 1392 vigeatque?
1072 1321 1101 1372 et

98 1414 182 1474 quem
197 1393 290 1454 adhue
303 1397 499 1475 quaestorium
513 1397 664 1456 offendere
681 1413 738 1456 non
756 1397 903 1472 audemus,
923 1396 1099 1475 praetorium
1110 1417 1137 1458 so
1170 1415 1175 1424 ‘

97 1489 126 1540 et
142 1477 325 1539 oons'ularem
339 1479 431 1538 visuri
445 1477 563 1540 sumus?
579 1496 616 1539 an
632 1480 779 1541 Neronem
794 1489 952 1540 extremum
969 1479 1099 1538 domino·

94 1579 157 1624 rum
176 1558 302 1641 putatis?
319 1562 394 1621 idem
412 1562 596 1624 crediderant
611 1565 659 1641 qui
676 1562 810 1640 Tiberio,
832 1564 880 1642 qui
904 1562 976 1624 Gaio
998 1580 1099 1641 super-

95 1647 180 1706 stites
195 1645 318 1723 inerunt,
334 1663 398 1705 oum
414 1647 526 1706 interim
536 1646 728 1707 intestabilior
740 1656 770 1706 et
782 1647 898 1708 saevior
913 1654 1031 1706 exortus
1044 1653 1100 1705 est.

94 1746 155 1791 non
168 1730 300 1789 timemus
307 1730 534 1811 Vespasianum
553 1748 588 1790 ea
604 1730 745 1809 principis
762 1739 853 1807 aetas,
869 1748 905 1790 ea
922 1728 1099 1789 moderatio:

94 1813 147 1874 sod
166 1813 270 1874 diutius
289 1812 392 1874 durant
406 1813 540 1892 exempla
556 1832 639 1893 quarn
653 1831 762 1874 mores.
793 1813 982 1890 elanguimus,
998 1821 1098 1891 patres
1108 1833 1136 1875 ss

95 1898 270 1976 conscripti,
294 1914 350 1956 neo
370 1898 426 1958 iam
447 1898 498 1957 ille
520 1906 636 1958 senatus
655 1915 771 1974 sumus,
790 1898 838 1976 qui
861 1897 963 1956 oooiso
978 1896 1113 1957 Nerone‘

94 1981 243 2041 delatores
266 1989 295 2039 et
315 1981 462 2041 ministros
480 1999 564 2041 more
587 1982 727 2041 maiorum
753 1979 917 2059 puniendos
940 1979 1098 2056 flagitabat.

94 2066 220 2144 optimus
236 2071 281 2124 est
297 2073 365 2148 post
382 2066 487 2125 malum
503 2065 664 2145 prinoipem
679 2065 741 2125 dies
758 2065 888 2143 primus?

154 2149 206 2210 43.
230 2147 322 2208 'lanto
341 2166 405 2208 oum
421 2148 546 2210 adsensu
565 2157 683 2209 senatus
699 2147 812 2208 auditus
830 2155 875 2207 est
887 2146 1050 2223 Montanus,
1068 2153 1098 2205 nt

92 2250 175 2312 spem
192 2230 468 2310 caperetllelvidius
482 2250 573 2311 posse
588 2235 674 2293 etiam
684 2230 855 2293 blareellum
872 2230 1028 2309 prosterni.
1044 2230 1097 2306 igi·

91 2325 138 2378 tur
157 2334 174 2376 a
195 2313 281 2376 laude
298 2312 391 2378 Cluvii
408 2317 473 2376 Ruli
491 2333 592 2394 orsus,
609 2317 657 2394 qni
673 2314 795 2396 perinde
811 2314 893 2375 dives
912 2321 941 2374 et
957 2311 1096 2392 eloquen-

91 2402 130 2460 tia
151 2399 247 2460 olarus
269 2398 339 2459 nulli
363 2417 495 2478 umquam
515 2401 569 2460 sub
587 2398 875 2476 Neroneperionlnm
887 2397 1096 2474 iaoessivisset,

92 2484 211 2544 erimine
227 2483 311 2543 simul
330 2484 525 2564 exemploque
545 2483 666 2565 Eprium
688 2483 846 2561 urguebat,
863 2479 1030 2542 ardentibus
1044 2499 1095 2559 pa·
1109 2500 1123 2540 a

90 2578 165 2628 trum
180 2567 291 2626 animis.
320 2567 398 2646 quod
419 2567 468 2629 ubi
491 2569 582 2628 sensit
597 2566 771 2644 Marcellus,
786 2566 867 2627 velut
881 2563 1030 2626 exoedens
1046 2582 1095 2624 ou·

89 2654 133 2712 ria
149 2652 247 2710 ‘imus'
262 2651 363 2730 inquit,
381 2652 511 2730 Prisce,
534 2660 564 2712 et
582 2650 772 2730 relinquimus
787 2650 839 2710 tibi
856 2658 986 2711 senatum
1001 2657 1094 2709 tunm:
1140 2699 1142 2706 s

90 2753 182 2812 regna
204 2743 360 2814 praesente
377 2735 529 2797 Caesare?
544 2734 722 2814 sequebatur
737 2735 841 2795 Vibius
857 2731 993 2812 Crispus,
1009 2732 1094 2793 ambo
1149 2739 1151 2746 '

89 2820 205 2895 intensi,
221 2818 301 2878 vultu
320 2819 457 2898 diverso,
480 2818 637 2881 blaroellus
656 2818 816 2880 minacibus
837 2817 946 2894 oeulis,
974 2814 1095 2895 crispus

88 2901 239 2978 renidens,
252 2902 480 2965 doneoadoursu
496 2905 653 2964 amisorum
665 2903 890 2965 retraherentur.
908 2919 972 2962 enm
985 2900 1095 2977 glisoe-
1105 2919 1132 2960 so

89 2995 136 3046 ret
152 2995 312 3063 certamen,
330 2987 396 3048 hine
411 2987 492 3048 multi
506 2987 645 3066 bonique,
661 2986 728 3048 indo
751 2987 836 3066 pauoi
856 2995 886 3046 et
900 2984 989 3046 validi
1004 2985 1094 3063 perti·

90 3068 213 3128 nasibus
229 3067 304 3128 odiis
320 3071 482 3149 tenderent,
499 3080 686 3150 oonsumptus
704 3088 759 3150 per
772 3070 946 3131 discordiam
961 3068 1034 3129 dies.

152 3152 204 3212 44.
223 3151 360 3212 Proximo
377 3164 489 3230 senatu,
502 3154 658 3217 inoboante
674 3153 802 3216 Caesare
818 3154 855 3214 de
872 3151 1018 3214 abolendo
1041 3152 1096 3211 do-

91 3234 155 3294 lore
172 3233 274 3313 iraque
289 3245 318 3296 et
333 3238 461 3316 priorum
476 3247 637 3316 temporum
653 3238 889 3313 necessitatibus,
907 3236 1020 3296 censuit
1034 3235 1096 3296 Mu·

93 3319 193 3380 oianns
219 3318 335 3398 prolixe
362 3339 416 3401 pro
444 3323 677 3391 aoousatoribns;
703 3321 785 3382 simul
806 3338 859 3381 eos
883 3321 931 3398 qui
949 3328 1094 3406 coeptam,

91 3399 197 3463 deinde
213 3403 349 3468 omissam
369 3406 513 3468 actionem
532 3415 713 3487 repeterent,
738 3405 848 3464 monuit
862 3419 999 3464 sermone
1013 3399 1096 3461 molli
1112 3409 1115 3414 '
