2568 3870
418 223 523 272 unauna
537 223 575 271 11.
597 223 671 273 cae.
685 221 805 277 ao-ns.
941 209 946 219 '
1073 215 1113 277 69

110 385 256 444 socictate
269 377 374 455 culpae
390 378 486 436 tutior.
517 378 657 438 onerabat
673 380 838 456 paventium
852 397 937 440 curas
959 380 1031 440 ordo
1052 381 1112 442 hlu-

110 465 232 528 tinensis
254 479 331 524 mma
355 469 385 519 et
405 461 556 539 pecuniam
581 460 742 539 offerendo,
763 461 989 543 appellabatque
1015 473 1113 542 patres
1168 469 1170 474 “

111 548 298 626 conscriptos
313 545 516 623 intempestivo
531 543 653 604 bonore.

175 631 227 692 53.
248 627 386 688 Notabile
399 627 520 702 iurgium
539 627 606 704 init,
623 644 680 705 quo
695 627 820 688 Licinius
842 627 969 690 Caecina
988 630 1112 692 blancel-

111 718 167 778 lum
186 715 306 792 Eprium
321 719 351 770 nt
366 709 500 786 ambigna
516 710 706 771 disserentem
720 713 835 772 invasit.
868 729 923 772 nec
941 714 1033 782 ceteri
1047 732 1112 775 sen·

110 801 227 860 tentiam
235 794 423 873 aperiebant:
437 792 488 852 sed
503 793 624 854 inrisum
640 795 778 854 memoria
795 793 971 857 delationum
995 798 1112 875 exposi-

109 893 227 960 tumque
244 877 281 940 ad
298 875 431 937 invidiam
445 875 578 937 hlarcelli
591 894 696 938 uomen
711 877 880 938 inritaverat
896 877 1060 956 Caecinam,
1083 889 1113 941 ut

111 981 206 1024 novus
223 961 315 1022 adhuc
330 968 359 1018 et
374 959 401 1018 io
419 968 547 1020 senatum
569 978 661 1040 nuper
684 959 810 1021 adscitus
829 962 941 1039 magnis
955 962 1134 1024 iniroieitiisa

113 1048 299 1106 claresceret.
314 1041 513 1104 moderatione
525 1043 676 1104 meliorum
688 1042 831 1122 dirempti.
848 1052 878 1104 et
889 1045 1113 1107 rediereomncs

113 1129 288 1203 Bononiam,
313 1144 412 1196 rursus
432 1125 627 1196 consiliaturi;
650 1127 732 1189 simul
746 1127 842 1187 medio
857 1129 998 1207 temporis
1012 1129 1112 1208 plures

112 1213 201 1274 nundi
215 1210 414 1288 sperabantur.
444 1208 604 1288 Bononiae,
622 1211 722 1271 divisis
742 1228 797 1288 per
817 1211 920 1272 itinera
941 1213 990 1291 qui
1008 1230 1132 1286 recen-¹

110 1298 249 1356 tissimum
274 1311 418 1373 quemque
442 1302 700 1372 percontarentur,
719 1293 916 1373 interrogatus
937 1294 1058 1356 Othonis
1079 1296 1110 1356 li·

110 1381 210 1441 bertos
233 1394 346 1437 causam
369 1374 519 1452 digressos
541 1376 650 1437 habere
678 1394 711 1436 se
735 1395 871 1456 suprema
893 1378 956 1438 eius
979 1379 1146 1444 mandatam

112 1460 274 1540 respondit:
292 1462 385 1540 ipsum
404 1460 550 1520 virentem
564 1460 678 1538 quidem
697 1460 839 1537 relictum,
856 1459 908 1521 sed
930 1461 993 1522 sola
1007 1472 1110 1541 poste·

111 1549 201 1608 ritatis
219 1561 287 1604 cura
303 1553 332 1604 et
346 1541 478 1621 abruptis
491 1544 568 1604 vitae
585 1542 795 1604 blandimentis.
827 1542 895 1604 hinc
916 1543 1065 1605 admiratio
1083 1554 1113 1605 et

111 1631 192 1707 plora
211 1624 409 1704 interrogandi
425 1625 530 1705 pudor,
551 1634 637 1705 atque
653 1626 777 1688 omnium
801 1627 886 1687 animi
907 1629 937 1687 in
962 1628 1111 1689 Vitellium

110 1711 295 1773 inclinavere.

8 1835 9 1846 t
171 1798 222 1856 54.
245 1793 388 1855 Intererat
409 1793 538 1854 consiliis
551 1793 643 1854 irater
658 1794 721 1854 eius
733 1793 765 1856 h.
786 1794 924 1856 Vitellius
946 1811 1038 1873 seque
1055 1795 1111 1856 iam

8 1897 10 1920 ¹
107 1877 288 1941 adulantibus
312 1876 469 1956 offerebat,
494 1885 692 1956 cumrepentc
709 1876 826 1939 Coenos
847 1877 969 1939 libertus
985 1877 1111 1939 Neronis

107 1963 201 2025 atroci
227 1960 379 2022 mendacio
402 1962 557 2023 universos
582 1961 723 2043 perculit,
755 1960 909 2023 adlirmans
934 1971 1112 2041 supervento

65 2102 73 2113 ,
106 2054 228 2126 quartae
245 2045 385 2106 decumae
399 2044 542 2122 legionis,
557 2044 692 2105 iunctisa
710 2044 841 2104 Brixello
857 2044 988 2121 viribon,
1005 2061 1111 2105 caesos

106 2131 253 2204 victores,
274 2146 388 2189 versam
411 2129 531 2206 partium
551 2127 703 2188 loctunam.
737 2144 824 2189 cansa
850 2127 977 2206 fingendi
990 2126 1058 2203 luit,
1079 2135 1135 2190 ott

106 2212 264 2292 diplomata
281 2211 412 2286 Othonis,
430 2229 504 2291 qnae
519 2209 762 2289 neglegebantur,
777 2210 901 2271 laetiore
917 2211 1014 2269 nuntio
1028 2228 1111 2271 rera-

106 2299 264 2358 lescereot.
282 2303 312 2356 et
329 2293 446 2358 Coenus
467 2294 581 2372 qnidam
597 2295 701 2373 raptim
718 2296 747 2354 in
762 2292 865 2354 urbem
880 2301 984 2353 rectus
1001 2311 1111 2370 pancos

107 2388 176 2460 post
201 2378 264 2438 dies
285 2379 365 2439 iussu
385 2377 497 2448 Vitellii
518 2394 631 2456 poenas
656 2378 724 2438 luit:
755 2387 923 2439 aenatorum
950 2376 1111 2455 pericnlum

108 2472 221 2524 auctum
243 2461 429 2522 credentibus
452 2460 621 2521 Othonianis
649 2460 786 2522 militibus
801 2479 873 2523 vera
887 2478 956 2522 esse
972 2474 1047 2539 qaae
1062 2460 1111 2520 ad·
1191 2517 1206 2530 ,

107 2543 282 2610 ferebantur.
302 2543 471 2605 intendebat
488 2543 668 2604 formidinem
682 2544 760 2625 qnod
777 2544 887 2624 publici
903 2544 1017 2606 consilii
1032 2541 1109 2604 lacie
1122 2561 1146 2604 tc

105 2631 267 2690 discessum
283 2628 391 2689 hlotina
418 2627 610 2706 desertaeque
636 2636 735 2706 partes
760 2628 867 2689 forent.
899 2645 956 2688 uec
980 2626 1054 2688 ultra
1081 2627 1111 2707 in

104 2729 257 2773 commune
272 2713 426 2789 congressi
442 2709 497 2772 sibi
514 2711 637 2789 quisque
655 2710 840 2788 consuluere,
862 2709 956 2772 donec
966 2711 1075 2772 missae
1093 2728 1110 2770 a

102 2795 198 2857 Fabio
213 2795 339 2856 Valente
356 2793 501 2874 epistolae
520 2793 669 2854 demerent
691 2804 806 2855 metum.
836 2803 866 2855 et
886 2812 965 2856 mors
987 2793 1110 2854 Othonis

104 2896 164 2958 quo
180 2876 365 2952 laudabilior,
383 2894 420 2937 eo
435 2877 569 2938 velocius
584 2877 689 2938 audita.

168 2963 219 3022 55.
239 2962 279 3022 At
299 2961 411 3022 homae
426 2960 496 3021 nihil
512 2961 730 3040 trepidationis;
755 2960 887 3024 Ceriales
901 2961 960 3022 ludi
975 2980 1012 3022 ex
1027 2978 1110 3022 more

102 3045 322 3126 spectabantur.
366 3052 398 3104 nt
429 3043 574 3104 cecidisse
600 3042 744 3104 Othonem
768 3054 799 3106 et
829 3043 973 3106 aBlavio
999 3043 1108 3105 Sabino

103 3129 256 3208 praelecto
275 3126 356 3188 urbis
386 3127 464 3206 quod
491 3137 554 3188 erat
579 3127 608 3186 in
630 3125 703 3187 urbe
725 3128 843 3188 militum
863 3136 1044 3189 ‘sacramento
1059 3125 1109 3186 Vi-

103 3211 179 3272 tellii
194 3213 326 3273 adactum
342 3212 414 3271 certi
429 3215 565 3272 auctores
582 3211 611 3272 ln
628 3210 769 3271 theatrum
790 3211 965 3290 adtulerunt,
988 3209 1109 3273 Vitellio

13 3293 14 3296 ’
105 3294 258 3373 plausere3
292 3294 419 3374 populus
442 3311 507 3355 enm
527 3293 609 3356 lauro
631 3312 671 3360 ac,
687 3293 808 3356 floribus
835 3293 944 3356 Galbae
964 3295 1134 3372 imagineae

106 3379 214 3439 circum
229 3376 336 3458 templa
352 3378 426 3454 tulit,
444 3377 594 3454 congestis
610 3379 638 3436 in
653 3376 767 3439 modum
782 3378 882 3438 tumuli
897 3378 1014 3437 coronis
1030 3378 1108 3436 iuxta

104 3459 199 3521 lacum
213 3459 309 3540 Gorti,
328 3480 413 3543 quem
431 3460 527 3521 locum
544 3458 636 3522 Galba
652 3462 778 3521 moriens
800 3461 940 3537 sanguina
955 3457 1107 3543 iniecerat.
1140 3513 1150 3519 .
