<?xml version="1.0" encoding="UTF-8"?>
<!DOCTYPE html PUBLIC "-//W3C//DTD XHTML 1.0 Transitional//EN"
    "http://www.w3.org/TR/xhtml1/DTD/xhtml1-transitional.dtd">
<html xmlns="http://www.w3.org/1999/xhtml" xml:lang="en" lang="en">
 <head>
  <title>
</title>
<meta http-equiv="Content-Type" content="text/html;charset=utf-8" />
  <meta name='ocr-system' content='tesseract 3.04.00' />
  <meta name='ocr-capabilities' content='ocr_page ocr_carea ocr_par ocr_line ocrx_word'/>
</head>
<body>
  <div class='ocr_page' id='page_1' title='image "./libriquisupersu02tacigoog/libriquisupersu02tacigoog_0082.png"; bbox 0 0 2440 3886; ppageno 0'>
   <div class='ocr_carea' id='block_1_1' title="bbox 370 157 1057 222">
    <p class='ocr_par' dir='ltr' id='par_1_1' title="bbox 370 157 1057 222">
     <span class='ocr_line' id='line_1_1' title="bbox 370 157 1057 222; baseline 0.012 -10"><span class='ocrx_word' id='word_1_1' title='bbox 370 166 729 222; x_wconf 69' lang='lat' dir='ltr'>cruentorum—as.</span> <span class='ocrx_word' id='word_1_2' title='bbox 1016 157 1057 220; x_wconf 82' lang='grc'>23</span> 
     </span>
    </p>
   </div>
   <div class='ocr_carea' id='block_1_2' title="bbox 57 318 1126 3524">
    <p class='ocr_par' dir='ltr' id='par_1_2' title="bbox 70 318 1125 1069">
     <span class='ocr_line' id='line_1_2' title="bbox 77 318 1056 407; baseline 0.01 -29"><span class='ocrx_word' id='word_1_3' title='bbox 77 318 158 379; x_wconf 88' lang='lat' dir='ltr'>ritudo</span> <span class='ocrx_word' id='word_1_4' title='bbox 172 319 220 396; x_wconf 86' lang='lat' dir='ltr'>sit,</span> <span class='ocrx_word' id='word_1_5' title='bbox 236 319 405 382; x_wconf 79' lang='lat' dir='ltr'>subvenisse</span> <span class='ocrx_word' id='word_1_6' title='bbox 420 321 551 384; x_wconf 86' lang='lat' dir='ltr'>Romanu</span> <span class='ocrx_word' id='word_1_7' title='bbox 567 325 688 402; x_wconf 91' lang='lat' dir='ltr'>nomini,</span> <span class='ocrx_word' id='word_1_8' title='bbox 711 327 922 407; x_wconf 78' lang='lat' dir='ltr'>compressisse</span> <span class='ocrx_word' id='word_1_9' title='bbox 940 326 1056 388; x_wconf 85' lang='lat' dir='ltr'>Germa·</span> 
     </span>
     <span class='ocr_line' id='line_1_3' title="bbox 76 402 1056 490; baseline 0.01 -28"><span class='ocrx_word' id='word_1_10' title='bbox 76 402 131 463; x_wconf 87' lang='lat' dir='ltr'>uiae</span> <span class='ocrx_word' id='word_1_11' title='bbox 146 403 274 482; x_wconf 89' lang='lat' dir='ltr'>populos.</span> <span class='ocrx_word' id='word_1_12' title='bbox 305 414 368 483; x_wconf 89' lang='lat' dir='ltr'>tua,</span> <span class='ocrx_word' id='word_1_13' title='bbox 386 406 451 468; x_wconf 91' lang='lat' dir='ltr'>dive</span> <span class='ocrx_word' id='word_1_14' title='bbox 467 406 615 486; x_wconf 82' lang='lat' dir='ltr'>Auguste,</span> <span class='ocrx_word' id='word_1_15' title='bbox 637 409 720 470; x_wconf 90' lang='lat' dir='ltr'>caelo</span> <span class='ocrx_word' id='word_1_16' title='bbox 737 420 859 490; x_wconf 90' lang='lat' dir='ltr'>recepta</span> <span class='ocrx_word' id='word_1_17' title='bbox 877 429 975 487; x_wconf 89' lang='lat' dir='ltr'>mens,</span> <span class='ocrx_word' id='word_1_18' title='bbox 998 420 1056 486; x_wconf 88' lang='lat' dir='ltr'>tua,</span> 
     </span>
     <span class='ocr_line' id='line_1_4' title="bbox 76 487 1092 571; baseline 0.009 -24"><span class='ocrx_word' id='word_1_19' title='bbox 76 497 146 564; x_wconf 88' lang='lat' dir='ltr'>pater</span> <span class='ocrx_word' id='word_1_20' title='bbox 159 487 269 566; x_wconf 81' lang='lat' dir='ltr'>Druse,</span> <span class='ocrx_word' id='word_1_21' title='bbox 292 487 402 568; x_wconf 62' lang='lat' dir='ltr'>imago,</span> <span class='ocrx_word' id='word_1_22' title='bbox 429 493 468 552; x_wconf 88' lang='lat' dir='ltr'>tui</span> <span class='ocrx_word' id='word_1_23' title='bbox 484 494 622 554; x_wconf 88' lang='lat' dir='ltr'>memoria</span> <span class='ocrx_word' id='word_1_24' title='bbox 636 493 728 555; x_wconf 90' lang='lat' dir='ltr'>isdem</span> <span class='ocrx_word' id='word_1_25' title='bbox 751 495 814 556; x_wconf 89' lang='lat' dir='ltr'>istis</span> <span class='ocrx_word' id='word_1_26' title='bbox 831 514 893 556; x_wconf 93' lang='lat' dir='ltr'>cum</span> <span class='ocrx_word' id='word_1_27' title='bbox 907 495 1055 571; x_wconf 73' lang='lat' dir='ltr'>militibus,</span> <span class='ocrx_word' id='word_1_28' title='bbox 1069 519 1092 558; x_wconf 87' lang='grc' dir='ltr'>ιο</span> 
     </span>
     <span class='ocr_line' id='line_1_5' title="bbox 76 573 1056 653; baseline 0.01 -23"><span class='ocrx_word' id='word_1_29' title='bbox 76 581 136 650; x_wconf 81' lang='lat' dir='ltr'>ptos</span> <span class='ocrx_word' id='word_1_30' title='bbox 150 573 202 632; x_wconf 90' lang='lat' dir='ltr'>iam</span> <span class='ocrx_word' id='word_1_31' title='bbox 219 574 311 652; x_wconf 91' lang='lat' dir='ltr'>pudor</span> <span class='ocrx_word' id='word_1_32' title='bbox 327 584 356 634; x_wconf 92' lang='lat' dir='ltr'>et</span> <span class='ocrx_word' id='word_1_33' title='bbox 371 575 467 653; x_wconf 81' lang='lat' dir='ltr'>gloria</span> <span class='ocrx_word' id='word_1_34' title='bbox 482 577 583 653; x_wconf 91' lang='lat' dir='ltr'>intrat,</span> <span class='ocrx_word' id='word_1_35' title='bbox 606 578 702 639; x_wconf 86' lang='lat' dir='ltr'>eluant</span> <span class='ocrx_word' id='word_1_36' title='bbox 725 579 799 640; x_wconf 90' lang='lat' dir='ltr'>hauc</span> <span class='ocrx_word' id='word_1_37' title='bbox 825 580 967 641; x_wconf 86' lang='lat' dir='ltr'>maculam</span> <span class='ocrx_word' id='word_1_38' title='bbox 985 581 1056 640; x_wconf 88' lang='lat' dir='ltr'>iras·</span> 
     </span>
     <span class='ocr_line' id='line_1_6' title="bbox 77 657 1052 741; baseline 0.008 -27"><span class='ocrx_word' id='word_1_39' title='bbox 77 673 120 732; x_wconf 84' lang='lat' dir='ltr'>pue</span> <span class='ocrx_word' id='word_1_40' title='bbox 136 657 232 718; x_wconf 89' lang='lat' dir='ltr'>civiles</span> <span class='ocrx_word' id='word_1_41' title='bbox 248 658 277 718; x_wconf 92' lang='lat' dir='ltr'>iu</span> <span class='ocrx_word' id='word_1_42' title='bbox 294 659 411 721; x_wconf 86' lang='lat' dir='ltr'>exitium</span> <span class='ocrx_word' id='word_1_43' title='bbox 430 660 562 723; x_wconf 86' lang='lat' dir='ltr'>hostibus</span> <span class='ocrx_word' id='word_1_44' title='bbox 589 672 711 723; x_wconf 87' lang='lat' dir='ltr'>vertant.</span> <span class='ocrx_word' id='word_1_45' title='bbox 790 679 914 741; x_wconf 87' lang='lat' dir='ltr'>vosque,</span> <span class='ocrx_word' id='word_1_46' title='bbox 932 680 1052 741; x_wconf 88' lang='lat' dir='ltr'>quorum</span> 
     </span>
     <span class='ocr_line' id='line_1_7' title="bbox 73 737 1125 824; baseline 0.009 -27"><span class='ocrx_word' id='word_1_47' title='bbox 73 737 118 798; x_wconf 85' lang='lat' dir='ltr'>elia</span> <span class='ocrx_word' id='word_1_48' title='bbox 136 759 206 802; x_wconf 91' lang='lat' dir='ltr'>nnuc</span> <span class='ocrx_word' id='word_1_49' title='bbox 231 760 297 818; x_wconf 87' lang='lat' dir='ltr'>ora,</span> <span class='ocrx_word' id='word_1_50' title='bbox 330 743 386 805; x_wconf 89' lang='lat' dir='ltr'>alia</span> <span class='ocrx_word' id='word_1_51' title='bbox 413 750 535 818; x_wconf 88' lang='lat' dir='ltr'>pectora</span> <span class='ocrx_word' id='word_1_52' title='bbox 562 751 723 818; x_wconf 88' lang='lat' dir='ltr'>contueor,</span> <span class='ocrx_word' id='word_1_53' title='bbox 757 747 782 805; x_wconf 91' lang='lat' dir='ltr'>si</span> <span class='ocrx_word' id='word_1_54' title='bbox 801 746 916 824; x_wconf 85' lang='lat' dir='ltr'>legatos</span> <span class='ocrx_word' id='word_1_55' title='bbox 932 747 1054 823; x_wconf 87' lang='lat' dir='ltr'>senatui,</span> <span class='ocrx_word' id='word_1_56' title='bbox 1120 763 1125 772; x_wconf 93' lang='lat'>·</span> 
     </span>
     <span class='ocr_line' id='line_1_8' title="bbox 72 821 1054 907; baseline 0.009 -26"><span class='ocrx_word' id='word_1_57' title='bbox 72 821 221 904; x_wconf 75' lang='lat' dir='ltr'>obsequium</span> <span class='ocrx_word' id='word_1_58' title='bbox 235 823 419 904; x_wconf 88' lang='lat' dir='ltr'>imperatori,</span> <span class='ocrx_word' id='word_1_59' title='bbox 445 829 470 888; x_wconf 92' lang='lat' dir='ltr'>si</span> <span class='ocrx_word' id='word_1_60' title='bbox 494 828 561 888; x_wconf 92' lang='lat' dir='ltr'>mibi</span> <span class='ocrx_word' id='word_1_61' title='bbox 585 829 739 907; x_wconf 90' lang='lat' dir='ltr'>coniugem</span> <span class='ocrx_word' id='word_1_62' title='bbox 761 839 790 890; x_wconf 91' lang='lat' dir='ltr'>et</span> <span class='ocrx_word' id='word_1_63' title='bbox 814 831 901 891; x_wconf 88' lang='lat' dir='ltr'>lilium</span> <span class='ocrx_word' id='word_1_64' title='bbox 922 830 1054 906; x_wconf 86' lang='lat' dir='ltr'>redditis,</span> 
     </span>
     <span class='ocr_line' id='line_1_9' title="bbox 70 906 1090 993; baseline 0.008 -27"><span class='ocrx_word' id='word_1_65' title='bbox 70 906 225 970; x_wconf 88' lang='lat' dir='ltr'>disceditea</span> <span class='ocrx_word' id='word_1_66' title='bbox 244 918 380 970; x_wconf 87' lang='lat' dir='ltr'>contactu</span> <span class='ocrx_word' id='word_1_67' title='bbox 395 929 429 971; x_wconf 88' lang='lat' dir='ltr'>uc</span> <span class='ocrx_word' id='word_1_68' title='bbox 446 911 564 973; x_wconf 82' lang='lat' dir='ltr'>dividite</span> <span class='ocrx_word' id='word_1_69' title='bbox 580 913 725 986; x_wconf 74' lang='lat' dir='ltr'>rmntios:</span> <span class='ocrx_word' id='word_1_70' title='bbox 742 914 770 974; x_wconf 93' lang='lat' dir='ltr'>id</span> <span class='ocrx_word' id='word_1_71' title='bbox 787 913 891 975; x_wconf 89' lang='lat' dir='ltr'>stabile</span> <span class='ocrx_word' id='word_1_72' title='bbox 905 915 940 976; x_wconf 86' lang='lat' dir='ltr'>ad</span> <span class='ocrx_word' id='word_1_73' title='bbox 953 915 1051 993; x_wconf 85' lang='lat' dir='ltr'>pacui·</span> <span class='ocrx_word' id='word_1_74' title='bbox 1065 933 1090 974; x_wconf 87' lang='grc' dir='ltr'>ιι</span> 
     </span>
     <span class='ocr_line' id='line_1_10' title="bbox 70 991 564 1069; baseline 0.012 -19"><span class='ocrx_word' id='word_1_75' title='bbox 70 991 178 1069; x_wconf 90' lang='lat' dir='ltr'>tentiam,</span> <span class='ocrx_word' id='word_1_76' title='bbox 193 993 221 1054; x_wconf 93' lang='lat' dir='ltr'>id</span> <span class='ocrx_word' id='word_1_77' title='bbox 235 993 305 1056; x_wconf 90' lang='lat' dir='ltr'>lidei</span> <span class='ocrx_word' id='word_1_78' title='bbox 320 994 464 1056; x_wconf 90' lang='lat' dir='ltr'>vinculum</span> <span class='ocrx_word' id='word_1_79' title='bbox 483 997 564 1056; x_wconf 87' lang='lat' dir='ltr'>erit.&#39;</span> 
     </span>
    </p>

    <p class='ocr_par' dir='ltr' id='par_1_3' title="bbox 57 1078 1097 3008">
     <span class='ocr_line' id='line_1_11' title="bbox 118 1078 1053 1162; baseline 0.006 -24"><span class='ocrx_word' id='word_1_80' title='bbox 118 1078 163 1138; x_wconf 83' lang='grc'>44.</span> <span class='ocrx_word' id='word_1_81' title='bbox 185 1078 344 1158; x_wconf 82' lang='lat' dir='ltr'>Supplices</span> <span class='ocrx_word' id='word_1_82' title='bbox 361 1079 486 1141; x_wconf 87' lang='lat' dir='ltr'>adhaec</span> <span class='ocrx_word' id='word_1_83' title='bbox 506 1091 534 1140; x_wconf 92' lang='lat' dir='ltr'>et</span> <span class='ocrx_word' id='word_1_84' title='bbox 554 1099 625 1141; x_wconf 87' lang='lat' dir='ltr'>vera</span> <span class='ocrx_word' id='word_1_85' title='bbox 648 1083 820 1162; x_wconf 80' lang='lat' dir='ltr'>exprobrari</span> <span class='ocrx_word' id='word_1_86' title='bbox 840 1085 966 1146; x_wconf 90' lang='lat' dir='ltr'>latentes</span> <span class='ocrx_word' id='word_1_87' title='bbox 989 1101 1053 1144; x_wconf 84' lang='lat' dir='ltr'>cru·</span> 
     </span>
     <span class='ocr_line' id='line_1_12' title="bbox 65 1145 1053 1244; baseline 0.007 -25"><span class='ocrx_word' id='word_1_88' title='bbox 65 1145 123 1220; x_wconf 84' lang='lat' dir='ltr'>bant</span> <span class='ocrx_word' id='word_1_89' title='bbox 135 1163 243 1240; x_wconf 89' lang='lat' dir='ltr'>puniret</span> <span class='ocrx_word' id='word_1_90' title='bbox 258 1164 383 1239; x_wconf 88' lang='lat' dir='ltr'>noxios,</span> <span class='ocrx_word' id='word_1_91' title='bbox 402 1161 572 1242; x_wconf 75' lang='lat' dir='ltr'>ignosceret</span> <span class='ocrx_word' id='word_1_92' title='bbox 589 1165 679 1244; x_wconf 80' lang='lat' dir='ltr'>lapsis</span> <span class='ocrx_word' id='word_1_93' title='bbox 698 1176 727 1226; x_wconf 89' lang='lat' dir='ltr'>et</span> <span class='ocrx_word' id='word_1_94' title='bbox 742 1167 863 1228; x_wconf 90' lang='lat' dir='ltr'>duceret</span> <span class='ocrx_word' id='word_1_95' title='bbox 879 1167 907 1227; x_wconf 92' lang='lat' dir='ltr'>iu</span> <span class='ocrx_word' id='word_1_96' title='bbox 922 1166 1053 1228; x_wconf 89' lang='lat' dir='ltr'>hostem:</span> 
     </span>
     <span class='ocr_line' id='line_1_13' title="bbox 68 1247 1054 1330; baseline 0.008 -28"><span class='ocrx_word' id='word_1_97' title='bbox 68 1256 235 1307; x_wconf 86' lang='lat' dir='ltr'>revocaretur</span> <span class='ocrx_word' id='word_1_98' title='bbox 252 1247 396 1324; x_wconf 84' lang='lat' dir='ltr'>coniunx,</span> <span class='ocrx_word' id='word_1_99' title='bbox 419 1249 528 1310; x_wconf 85' lang='lat' dir='ltr'>rediret</span> <span class='ocrx_word' id='word_1_100' title='bbox 543 1248 690 1328; x_wconf 89' lang='lat' dir='ltr'>legionum</span> <span class='ocrx_word' id='word_1_101' title='bbox 712 1249 842 1312; x_wconf 86' lang='lat' dir='ltr'>alumnus</span> <span class='ocrx_word' id='word_1_102' title='bbox 865 1269 940 1310; x_wconf 91' lang='lat' dir='ltr'>neve</span> <span class='ocrx_word' id='word_1_103' title='bbox 964 1267 1054 1330; x_wconf 88' lang='lat' dir='ltr'>opses</span> 
     </span>
     <span class='ocr_line' id='line_1_14' title="bbox 70 1326 1052 1414; baseline 0.005 -25"><span class='ocrx_word' id='word_1_104' title='bbox 70 1326 141 1390; x_wconf 81' lang='lat' dir='ltr'>tultis</span> <span class='ocrx_word' id='word_1_105' title='bbox 154 1330 328 1392; x_wconf 88' lang='lat' dir='ltr'>traderetur.</span> <span class='ocrx_word' id='word_1_106' title='bbox 366 1332 488 1394; x_wconf 90' lang='lat' dir='ltr'>reditum</span> <span class='ocrx_word' id='word_1_107' title='bbox 503 1334 685 1414; x_wconf 79' lang='lat' dir='ltr'>Agrippinae</span> <span class='ocrx_word' id='word_1_108' title='bbox 700 1339 852 1397; x_wconf 81' lang='lat' dir='ltr'>excusavit</span> <span class='ocrx_word' id='word_1_109' title='bbox 865 1335 902 1395; x_wconf 91' lang='lat' dir='ltr'>ob</span> <span class='ocrx_word' id='word_1_110' title='bbox 915 1335 1052 1395; x_wconf 90' lang='lat' dir='ltr'>inminen-</span> 
     </span>
     <span class='ocr_line' id='line_1_15' title="bbox 70 1415 1075 1498; baseline 0.013 -27"><span class='ocrx_word' id='word_1_111' title='bbox 70 1421 113 1473; x_wconf 86' lang='lat' dir='ltr'>tem</span> <span class='ocrx_word' id='word_1_112' title='bbox 130 1424 236 1493; x_wconf 88' lang='lat' dir='ltr'>partum</span> <span class='ocrx_word' id='word_1_113' title='bbox 260 1424 291 1476; x_wconf 90' lang='lat' dir='ltr'>et</span> <span class='ocrx_word' id='word_1_114' title='bbox 312 1415 453 1488; x_wconf 66' lang='lat' dir='ltr'>hiemem</span> <span class='ocrx_word' id='word_1_115' title='bbox 470 1427 619 1478; x_wconf 90' lang='lat' dir='ltr'>venturum</span> <span class='ocrx_word' id='word_1_116' title='bbox 635 1419 740 1480; x_wconf 88' lang='lat' dir='ltr'>lilium:</span> <span class='ocrx_word' id='word_1_117' title='bbox 765 1429 864 1481; x_wconf 86' lang='lat' dir='ltr'>cetera</span> <span class='ocrx_word' id='word_1_118' title='bbox 886 1419 942 1498; x_wconf 93' lang='lat' dir='ltr'>ipsi</span> <span class='ocrx_word' id='word_1_119' title='bbox 964 1437 1075 1484; x_wconf 84' lang='lat' dir='ltr'>ense-s</span> 
     </span>
     <span class='ocr_line' id='line_1_16' title="bbox 74 1500 1054 1582; baseline 0.005 -26"><span class='ocrx_word' id='word_1_120' title='bbox 74 1510 211 1574; x_wconf 82' lang='lat' dir='ltr'>querentur.</span> <span class='ocrx_word' id='word_1_121' title='bbox 257 1500 422 1562; x_wconf 89' lang='lat' dir='ltr'>discurrunt</span> <span class='ocrx_word' id='word_1_122' title='bbox 443 1503 541 1563; x_wconf 88' lang='lat' dir='ltr'>mutati</span> <span class='ocrx_word' id='word_1_123' title='bbox 568 1512 597 1563; x_wconf 87' lang='lat' dir='ltr'>et</span> <span class='ocrx_word' id='word_1_124' title='bbox 623 1504 876 1568; x_wconf 83' lang='lat' dir='ltr'>seditiosissimum</span> <span class='ocrx_word' id='word_1_125' title='bbox 909 1521 1054 1582; x_wconf 83' lang='lat' dir='ltr'>quemque</span> 
     </span>
     <span class='ocr_line' id='line_1_17' title="bbox 73 1581 1052 1667; baseline 0.008 -29"><span class='ocrx_word' id='word_1_126' title='bbox 73 1581 157 1644; x_wconf 87' lang='lat' dir='ltr'>vinctos</span> <span class='ocrx_word' id='word_1_127' title='bbox 177 1584 296 1647; x_wconf 88' lang='lat' dir='ltr'>trabunt</span> <span class='ocrx_word' id='word_1_128' title='bbox 315 1584 350 1646; x_wconf 87' lang='lat' dir='ltr'>ad</span> <span class='ocrx_word' id='word_1_129' title='bbox 368 1585 494 1664; x_wconf 87' lang='lat' dir='ltr'>legatum</span> <span class='ocrx_word' id='word_1_130' title='bbox 520 1585 645 1665; x_wconf 84' lang='lat' dir='ltr'>legionis</span> <span class='ocrx_word' id='word_1_131' title='bbox 666 1589 777 1667; x_wconf 91' lang='lat' dir='ltr'>primae</span> <span class='ocrx_word' id='word_1_132' title='bbox 800 1586 833 1648; x_wconf 84' lang='lat' dir='ltr'>C.</span> <span class='ocrx_word' id='word_1_133' title='bbox 856 1585 1052 1662; x_wconf 81' lang='lat' dir='ltr'>Caetronium,</span> 
     </span>
     <span class='ocr_line' id='line_1_18' title="bbox 71 1668 1052 1749; baseline 0.005 -25"><span class='ocrx_word' id='word_1_134' title='bbox 71 1669 241 1742; x_wconf 80' lang='lat' dir='ltr'>pullulicium</span> <span class='ocrx_word' id='word_1_135' title='bbox 265 1677 296 1729; x_wconf 85' lang='lat' dir='ltr'>et</span> <span class='ocrx_word' id='word_1_136' title='bbox 321 1686 431 1748; x_wconf 93' lang='lat' dir='ltr'>poenas</span> <span class='ocrx_word' id='word_1_137' title='bbox 455 1670 491 1731; x_wconf 91' lang='lat' dir='ltr'>de</span> <span class='ocrx_word' id='word_1_138' title='bbox 509 1671 629 1749; x_wconf 91' lang='lat' dir='ltr'>siugulis</span> <span class='ocrx_word' id='word_1_139' title='bbox 644 1673 673 1731; x_wconf 91' lang='lat' dir='ltr'>in</span> <span class='ocrx_word' id='word_1_140' title='bbox 684 1668 764 1732; x_wconf 58' lang='lat' dir='ltr'>‘bunc</span> <span class='ocrx_word' id='word_1_141' title='bbox 778 1671 893 1733; x_wconf 92' lang='lat' dir='ltr'>modum</span> <span class='ocrx_word' id='word_1_142' title='bbox 910 1671 1052 1732; x_wconf 85' lang='lat' dir='ltr'>exercuit.</span> 
     </span>
     <span class='ocr_line' id='line_1_19' title="bbox 65 1749 1050 1834; baseline 0.007 -27"><span class='ocrx_word' id='word_1_143' title='bbox 65 1749 156 1814; x_wconf 85' lang='lat' dir='ltr'>stabant</span> <span class='ocrx_word' id='word_1_144' title='bbox 169 1772 223 1834; x_wconf 89' lang='lat' dir='ltr'>pro</span> <span class='ocrx_word' id='word_1_145' title='bbox 241 1755 380 1815; x_wconf 89' lang='lat' dir='ltr'>contione</span> <span class='ocrx_word' id='word_1_146' title='bbox 396 1755 530 1833; x_wconf 84' lang='lat' dir='ltr'>legiones</span> <span class='ocrx_word' id='word_1_147' title='bbox 546 1755 694 1816; x_wconf 88' lang='lat' dir='ltr'>destrictis</span> <span class='ocrx_word' id='word_1_148' title='bbox 708 1757 829 1833; x_wconf 86' lang='lat' dir='ltr'>gladiis;</span> <span class='ocrx_word' id='word_1_149' title='bbox 852 1775 921 1816; x_wconf 88' lang='lat' dir='ltr'>reus</span> <span class='ocrx_word' id='word_1_150' title='bbox 937 1756 966 1814; x_wconf 94' lang='lat' dir='ltr'>iu</span> <span class='ocrx_word' id='word_1_151' title='bbox 984 1771 1050 1832; x_wconf 88' lang='lat' dir='ltr'>sug·</span> 
     </span>
     <span class='ocr_line' id='line_1_20' title="bbox 63 1837 1088 1916; baseline 0.004 -22"><span class='ocrx_word' id='word_1_152' title='bbox 63 1846 132 1911; x_wconf 84' lang='lat' dir='ltr'>gesto</span> <span class='ocrx_word' id='word_1_153' title='bbox 149 1857 200 1916; x_wconf 88' lang='lat' dir='ltr'>per</span> <span class='ocrx_word' id='word_1_154' title='bbox 222 1837 370 1900; x_wconf 90' lang='lat' dir='ltr'>tribunum</span> <span class='ocrx_word' id='word_1_155' title='bbox 391 1839 615 1901; x_wconf 87' lang='lat' dir='ltr'>ostendebatur:</span> <span class='ocrx_word' id='word_1_156' title='bbox 644 1842 669 1900; x_wconf 88' lang='lat' dir='ltr'>si</span> <span class='ocrx_word' id='word_1_157' title='bbox 691 1850 846 1901; x_wconf 87' lang='lat' dir='ltr'>nocentem</span> <span class='ocrx_word' id='word_1_158' title='bbox 869 1838 1050 1901; x_wconf 87' lang='lat' dir='ltr'>adclamave-</span> <span class='ocrx_word' id='word_1_159' title='bbox 1063 1857 1088 1899; x_wconf 90' lang='lat' dir='ltr'>m</span> 
     </span>
     <span class='ocr_line' id='line_1_21' title="bbox 62 1922 1051 2004; baseline 0.001 -24"><span class='ocrx_word' id='word_1_160' title='bbox 62 1930 122 2000; x_wconf 87' lang='lat' dir='ltr'>rant,</span> <span class='ocrx_word' id='word_1_161' title='bbox 139 1941 286 2003; x_wconf 88' lang='lat' dir='ltr'>praeceps</span> <span class='ocrx_word' id='word_1_162' title='bbox 307 1922 611 1996; x_wconf 79' lang='lat' dir='ltr'>datustrncidabatur.</span> <span class='ocrx_word' id='word_1_163' title='bbox 643 1933 672 1985; x_wconf 89' lang='lat' dir='ltr'>et</span> <span class='ocrx_word' id='word_1_164' title='bbox 686 1925 832 2004; x_wconf 85' lang='lat' dir='ltr'>gaudebat</span> <span class='ocrx_word' id='word_1_165' title='bbox 850 1923 988 1986; x_wconf 84' lang='lat' dir='ltr'>caedibus</span> <span class='ocrx_word' id='word_1_166' title='bbox 1001 1922 1051 1982; x_wconf 92' lang='lat' dir='ltr'>mi·</span> 
     </span>
     <span class='ocr_line' id='line_1_22' title="bbox 60 2003 1091 2089; baseline 0.003 -26"><span class='ocrx_word' id='word_1_167' title='bbox 60 2003 104 2081; x_wconf 90' lang='lat' dir='ltr'>les,</span> <span class='ocrx_word' id='word_1_168' title='bbox 116 2015 261 2089; x_wconf 85' lang='lat' dir='ltr'>tamqnam</span> <span class='ocrx_word' id='word_1_169' title='bbox 276 2017 369 2069; x_wconf 93' lang='lat' dir='ltr'>semet</span> <span class='ocrx_word' id='word_1_170' title='bbox 387 2006 569 2078; x_wconf 86' lang='lat' dir='ltr'>absolveret;</span> <span class='ocrx_word' id='word_1_171' title='bbox 589 2026 644 2069; x_wconf 91' lang='lat' dir='ltr'>neo</span> <span class='ocrx_word' id='word_1_172' title='bbox 662 2007 773 2071; x_wconf 78' lang='lat' dir='ltr'>Caesar</span> <span class='ocrx_word' id='word_1_173' title='bbox 791 2007 920 2084; x_wconf 86' lang='lat' dir='ltr'>arcebat,</span> <span class='ocrx_word' id='word_1_174' title='bbox 937 2005 1051 2086; x_wconf 90' lang='lat' dir='ltr'>quaudo</span> <span class='ocrx_word' id='word_1_175' title='bbox 1089 2051 1091 2066; x_wconf 87' lang='grc'><strong>.</strong></span> 
     </span>
     <span class='ocr_line' id='line_1_23' title="bbox 60 2089 1096 2182; baseline 0.005 -36"><span class='ocrx_word' id='word_1_176' title='bbox 60 2089 125 2151; x_wconf 89' lang='lat' dir='ltr'>nullo</span> <span class='ocrx_word' id='word_1_177' title='bbox 138 2093 228 2171; x_wconf 90' lang='lat' dir='ltr'>ipsius</span> <span class='ocrx_word' id='word_1_178' title='bbox 244 2092 326 2153; x_wconf 88' lang='lat' dir='ltr'>iussu</span> <span class='ocrx_word' id='word_1_179' title='bbox 342 2109 434 2172; x_wconf 89' lang='lat' dir='ltr'>penes</span> <span class='ocrx_word' id='word_1_180' title='bbox 450 2092 572 2153; x_wconf 86' lang='lat' dir='ltr'>eosdem</span> <span class='ocrx_word' id='word_1_181' title='bbox 588 2095 709 2154; x_wconf 86' lang='lat' dir='ltr'>saevitia</span> <span class='ocrx_word' id='word_1_182' title='bbox 725 2095 793 2155; x_wconf 88' lang='lat' dir='ltr'>iacti</span> <span class='ocrx_word' id='word_1_183' title='bbox 811 2103 840 2152; x_wconf 91' lang='lat' dir='ltr'>et</span> <span class='ocrx_word' id='word_1_184' title='bbox 858 2091 964 2152; x_wconf 88' lang='lat' dir='ltr'>invidia</span> <span class='ocrx_word' id='word_1_185' title='bbox 979 2097 1051 2151; x_wconf 90' lang='lat' dir='ltr'>erat.</span> <span class='ocrx_word' id='word_1_186' title='bbox 1092 2176 1096 2182; x_wconf 21' lang='lat'>⁵</span> 
     </span>
     <span class='ocr_line' id='line_1_24' title="bbox 59 2176 1051 2258; baseline 0.001 -26"><span class='ocrx_word' id='word_1_187' title='bbox 59 2177 137 2236; x_wconf 85' lang='lat' dir='ltr'>secuti</span> <span class='ocrx_word' id='word_1_188' title='bbox 151 2176 319 2258; x_wconf 86' lang='lat' dir='ltr'>exemplum</span> <span class='ocrx_word' id='word_1_189' title='bbox 333 2178 465 2238; x_wconf 86' lang='lat' dir='ltr'>veterani</span> <span class='ocrx_word' id='word_1_190' title='bbox 480 2176 556 2238; x_wconf 88' lang='lat' dir='ltr'>baud</span> <span class='ocrx_word' id='word_1_191' title='bbox 569 2178 658 2240; x_wconf 88' lang='lat' dir='ltr'>multo</span> <span class='ocrx_word' id='word_1_192' title='bbox 671 2187 739 2258; x_wconf 87' lang='lat' dir='ltr'>post</span> <span class='ocrx_word' id='word_1_193' title='bbox 752 2179 781 2238; x_wconf 93' lang='lat' dir='ltr'>in</span> <span class='ocrx_word' id='word_1_194' title='bbox 793 2176 926 2238; x_wconf 83' lang='lat' dir='ltr'>Raetiam</span> <span class='ocrx_word' id='word_1_195' title='bbox 938 2177 1051 2235; x_wconf 89' lang='lat' dir='ltr'>mittun-</span> 
     </span>
     <span class='ocr_line' id='line_1_25' title="bbox 60 2258 1087 2341; baseline -0.002 -25"><span class='ocrx_word' id='word_1_196' title='bbox 60 2266 108 2338; x_wconf 92' lang='lat' dir='ltr'>tur,</span> <span class='ocrx_word' id='word_1_197' title='bbox 122 2263 222 2341; x_wconf 89' lang='lat' dir='ltr'>specie</span> <span class='ocrx_word' id='word_1_198' title='bbox 250 2261 453 2324; x_wconf 83' lang='lat' dir='ltr'>defendendae</span> <span class='ocrx_word' id='word_1_199' title='bbox 476 2263 644 2340; x_wconf 86' lang='lat' dir='ltr'>provinciae</span> <span class='ocrx_word' id='word_1_200' title='bbox 669 2263 706 2324; x_wconf 94' lang='lat' dir='ltr'>ob</span> <span class='ocrx_word' id='word_1_201' title='bbox 728 2261 899 2323; x_wconf 87' lang='lat' dir='ltr'>imminentis</span> <span class='ocrx_word' id='word_1_202' title='bbox 922 2258 1048 2335; x_wconf 88' lang='lat' dir='ltr'>Suebos,</span> <span class='ocrx_word' id='word_1_203' title='bbox 1061 2274 1087 2314; x_wconf 86' lang='grc' dir='ltr'>ιι</span> 
     </span>
     <span class='ocr_line' id='line_1_26' title="bbox 59 2343 1051 2408; baseline -0.004 -4"><span class='ocrx_word' id='word_1_204' title='bbox 59 2352 171 2408; x_wconf 87' lang='lat' dir='ltr'>ceterum</span> <span class='ocrx_word' id='word_1_205' title='bbox 194 2356 226 2407; x_wconf 85' lang='lat' dir='ltr'>nrt</span> <span class='ocrx_word' id='word_1_206' title='bbox 256 2346 454 2408; x_wconf 85' lang='lat' dir='ltr'>avellerentur</span> <span class='ocrx_word' id='word_1_207' title='bbox 476 2347 577 2408; x_wconf 89' lang='lat' dir='ltr'>castris</span> <span class='ocrx_word' id='word_1_208' title='bbox 599 2347 729 2408; x_wconf 91' lang='lat' dir='ltr'>trucibus</span> <span class='ocrx_word' id='word_1_209' title='bbox 757 2346 851 2407; x_wconf 91' lang='lat' dir='ltr'>adbuc</span> <span class='ocrx_word' id='word_1_210' title='bbox 879 2362 937 2405; x_wconf 92' lang='lat' dir='ltr'>nou</span> <span class='ocrx_word' id='word_1_211' title='bbox 958 2343 1051 2402; x_wconf 91' lang='lat' dir='ltr'>miuus</span> 
     </span>
     <span class='ocr_line' id='line_1_27' title="bbox 59 2429 1051 2511; baseline -0.001 -25"><span class='ocrx_word' id='word_1_212' title='bbox 59 2432 199 2508; x_wconf 85' lang='lat' dir='ltr'>asperitate</span> <span class='ocrx_word' id='word_1_213' title='bbox 223 2429 348 2493; x_wconf 88' lang='lat' dir='ltr'>remedii</span> <span class='ocrx_word' id='word_1_214' title='bbox 376 2449 461 2511; x_wconf 88' lang='lat' dir='ltr'>quarn</span> <span class='ocrx_word' id='word_1_215' title='bbox 484 2430 608 2492; x_wconf 90' lang='lat' dir='ltr'>sceleris</span> <span class='ocrx_word' id='word_1_216' title='bbox 629 2431 777 2492; x_wconf 88' lang='lat' dir='ltr'>memoria.</span> <span class='ocrx_word' id='word_1_217' title='bbox 823 2429 1051 2490; x_wconf 88' lang='lat' dir='ltr'>centurionatum</span> 
     </span>
     <span class='ocr_line' id='line_1_28' title="bbox 58 2509 1051 2595; baseline 0.002 -25"><span class='ocrx_word' id='word_1_218' title='bbox 58 2509 111 2574; x_wconf 90' lang='lat' dir='ltr'>iude</span> <span class='ocrx_word' id='word_1_219' title='bbox 125 2516 192 2595; x_wconf 85' lang='lat' dir='ltr'>egit.</span> <span class='ocrx_word' id='word_1_220' title='bbox 225 2517 331 2578; x_wconf 86' lang='lat' dir='ltr'>citatus</span> <span class='ocrx_word' id='word_1_221' title='bbox 345 2516 380 2575; x_wconf 85' lang='lat' dir='ltr'>ab</span> <span class='ocrx_word' id='word_1_222' title='bbox 401 2517 579 2595; x_wconf 89' lang='lat' dir='ltr'>imperatore</span> <span class='ocrx_word' id='word_1_223' title='bbox 599 2533 723 2593; x_wconf 87' lang='lat' dir='ltr'>nomen,</span> <span class='ocrx_word' id='word_1_224' title='bbox 751 2514 898 2591; x_wconf 88' lang='lat' dir='ltr'>ordinem,</span> <span class='ocrx_word' id='word_1_225' title='bbox 918 2510 1051 2593; x_wconf 82' lang='lat' dir='ltr'>patrima,</span> 
     </span>
     <span class='ocr_line' id='line_1_29' title="bbox 58 2598 1052 2680; baseline -0.004 -21"><span class='ocrx_word' id='word_1_226' title='bbox 58 2613 187 2670; x_wconf 82' lang='lat' dir='ltr'>numerum</span> <span class='ocrx_word' id='word_1_227' title='bbox 203 2600 430 2680; x_wconf 84' lang='lat' dir='ltr'>stipendiorum,</span> <span class='ocrx_word' id='word_1_228' title='bbox 455 2617 529 2679; x_wconf 87' lang='lat' dir='ltr'>quae</span> <span class='ocrx_word' id='word_1_229' title='bbox 549 2609 666 2662; x_wconf 88' lang='lat' dir='ltr'>strenue</span> <span class='ocrx_word' id='word_1_230' title='bbox 687 2601 716 2660; x_wconf 93' lang='lat' dir='ltr'>in</span> <span class='ocrx_word' id='word_1_231' title='bbox 734 2599 854 2679; x_wconf 87' lang='lat' dir='ltr'>praeliis</span> <span class='ocrx_word' id='word_1_232' title='bbox 871 2598 1004 2672; x_wconf 88' lang='lat' dir='ltr'>iecisset,</span> <span class='ocrx_word' id='word_1_233' title='bbox 1023 2603 1052 2655; x_wconf 90' lang='lat' dir='ltr'>et</span> 
     </span>
     <span class='ocr_line' id='line_1_30' title="bbox 59 2678 1089 2770; baseline -0.008 -28"><span class='ocrx_word' id='word_1_234' title='bbox 59 2683 93 2742; x_wconf 87' lang='lat' dir='ltr'>cni</span> <span class='ocrx_word' id='word_1_235' title='bbox 110 2695 189 2746; x_wconf 90' lang='lat' dir='ltr'>erant</span> <span class='ocrx_word' id='word_1_236' title='bbox 215 2683 292 2746; x_wconf 86' lang='lat' dir='ltr'>dona</span> <span class='ocrx_word' id='word_1_237' title='bbox 312 2684 462 2762; x_wconf 89' lang='lat' dir='ltr'>militaria,</span> <span class='ocrx_word' id='word_1_238' title='bbox 484 2684 600 2747; x_wconf 88' lang='lat' dir='ltr'>edebat.</span> <span class='ocrx_word' id='word_1_239' title='bbox 632 2686 656 2745; x_wconf 90' lang='lat' dir='ltr'>si</span> <span class='ocrx_word' id='word_1_240' title='bbox 671 2683 799 2770; x_wconf 73' lang='lat' dir='ltr'>tpibuui,</span> <span class='ocrx_word' id='word_1_241' title='bbox 822 2683 848 2743; x_wconf 91' lang='lat' dir='ltr'>si</span> <span class='ocrx_word' id='word_1_242' title='bbox 870 2682 950 2760; x_wconf 89' lang='lat' dir='ltr'>legio</span> <span class='ocrx_word' id='word_1_243' title='bbox 971 2678 1089 2740; x_wconf 80' lang='lat' dir='ltr'>indu-eo</span> 
     </span>
     <span class='ocr_line' id='line_1_31' title="bbox 57 2766 1049 2849; baseline 0 -25"><span class='ocrx_word' id='word_1_244' title='bbox 57 2768 138 2830; x_wconf 85' lang='lat' dir='ltr'>striato</span> <span class='ocrx_word' id='word_1_245' title='bbox 163 2769 419 2849; x_wconf 83' lang='lat' dir='ltr'>innocentiamque</span> <span class='ocrx_word' id='word_1_246' title='bbox 448 2769 697 2849; x_wconf 80' lang='lat' dir='ltr'>adprobaverunt,</span> <span class='ocrx_word' id='word_1_247' title='bbox 728 2766 871 2829; x_wconf 85' lang='lat' dir='ltr'>retinebat</span> <span class='ocrx_word' id='word_1_248' title='bbox 903 2766 1049 2827; x_wconf 90' lang='lat' dir='ltr'>ordinem:</span> 
     </span>
     <span class='ocr_line' id='line_1_32' title="bbox 57 2848 1097 2927; baseline 0.001 -20"><span class='ocrx_word' id='word_1_249' title='bbox 57 2849 93 2909; x_wconf 90' lang='lat' dir='ltr'>ubi</span> <span class='ocrx_word' id='word_1_250' title='bbox 106 2855 254 2916; x_wconf 85' lang='lat' dir='ltr'>avaritiam</span> <span class='ocrx_word' id='word_1_251' title='bbox 272 2862 320 2915; x_wconf 89' lang='lat' dir='ltr'>aut</span> <span class='ocrx_word' id='word_1_252' title='bbox 338 2853 537 2915; x_wconf 86' lang='lat' dir='ltr'>crudelitatem</span> <span class='ocrx_word' id='word_1_253' title='bbox 554 2871 699 2914; x_wconf 89' lang='lat' dir='ltr'>consensu</span> <span class='ocrx_word' id='word_1_254' title='bbox 721 2852 968 2927; x_wconf 88' lang='lat' dir='ltr'>obiectavisseut,</span> <span class='ocrx_word' id='word_1_255' title='bbox 991 2848 1049 2909; x_wconf 92' lang='lat' dir='ltr'>sol·</span> <span class='ocrx_word' id='word_1_256' title='bbox 1095 2883 1097 2888; x_wconf 95' lang='lat'>·</span> 
     </span>
     <span class='ocr_line' id='line_1_33' title="bbox 57 2935 537 3008; baseline 0.013 -14"><span class='ocrx_word' id='word_1_257' title='bbox 57 2935 163 2999; x_wconf 84' lang='lat' dir='ltr'>uebatur</span> <span class='ocrx_word' id='word_1_258' title='bbox 179 2938 293 3000; x_wconf 89' lang='lat' dir='ltr'>militia.</span> <span class='ocrx_word' id='word_1_259' title='bbox 534 3001 537 3008; x_wconf 83' lang='grc'><em>,</em></span> 
     </span>
    </p>

    <p class='ocr_par' dir='ltr' id='par_1_4' title="bbox 57 3019 1126 3524">
     <span class='ocr_line' id='line_1_34' title="bbox 103 3019 1049 3102; baseline -0.003 -19"><span class='ocrx_word' id='word_1_260' title='bbox 103 3022 152 3083; x_wconf 83' lang='grc'>45.</span> <span class='ocrx_word' id='word_1_261' title='bbox 178 3025 231 3084; x_wconf 92' lang='lat' dir='ltr'>Sic</span> <span class='ocrx_word' id='word_1_262' title='bbox 243 3023 414 3102; x_wconf 89' lang='lat' dir='ltr'>compositis</span> <span class='ocrx_word' id='word_1_263' title='bbox 426 3022 629 3101; x_wconf 87' lang='lat' dir='ltr'>praesentibus</span> <span class='ocrx_word' id='word_1_264' title='bbox 646 3021 722 3082; x_wconf 89' lang='lat' dir='ltr'>haud</span> <span class='ocrx_word' id='word_1_265' title='bbox 736 3021 829 3081; x_wconf 90' lang='lat' dir='ltr'>minor</span> <span class='ocrx_word' id='word_1_266' title='bbox 840 3019 935 3081; x_wconf 90' lang='lat' dir='ltr'>moles</span> <span class='ocrx_word' id='word_1_267' title='bbox 948 3038 1049 3099; x_wconf 91' lang='lat' dir='ltr'>super·</span> 
     </span>
     <span class='ocr_line' id='line_1_35' title="bbox 61 3104 1049 3187; baseline 0 -24"><span class='ocrx_word' id='word_1_268' title='bbox 61 3114 104 3166; x_wconf 84' lang='lat' dir='ltr'>nat</span> <span class='ocrx_word' id='word_1_269' title='bbox 121 3107 158 3168; x_wconf 96' lang='lat' dir='ltr'>ob</span> <span class='ocrx_word' id='word_1_270' title='bbox 181 3107 325 3168; x_wconf 81' lang='lat' dir='ltr'>ferociam</span> <span class='ocrx_word' id='word_1_271' title='bbox 341 3108 458 3187; x_wconf 86' lang='lat' dir='ltr'>quintae</span> <span class='ocrx_word' id='word_1_272' title='bbox 475 3116 504 3166; x_wconf 88' lang='lat' dir='ltr'>et</span> <span class='ocrx_word' id='word_1_273' title='bbox 521 3107 770 3167; x_wconf 89' lang='lat' dir='ltr'>unetviceusimae</span> <span class='ocrx_word' id='word_1_274' title='bbox 786 3104 949 3184; x_wconf 84' lang='lat' dir='ltr'>legionum,</span> <span class='ocrx_word' id='word_1_275' title='bbox 966 3122 1049 3164; x_wconf 84' lang='lat' dir='ltr'>sexa·</span> 
     </span>
     <span class='ocr_line' id='line_1_36' title="bbox 64 3188 1088 3271; baseline -0.006 -20"><span class='ocrx_word' id='word_1_276' title='bbox 64 3193 201 3260; x_wconf 76' lang='lat' dir='ltr'>ausimum</span> <span class='ocrx_word' id='word_1_277' title='bbox 217 3192 293 3271; x_wconf 88' lang='lat' dir='ltr'>apud</span> <span class='ocrx_word' id='word_1_278' title='bbox 314 3191 439 3271; x_wconf 90' lang='lat' dir='ltr'>lapidem</span> <span class='ocrx_word' id='word_1_279' title='bbox 461 3191 544 3269; x_wconf 87' lang='lat' dir='ltr'>(loco</span> <span class='ocrx_word' id='word_1_280' title='bbox 560 3189 670 3250; x_wconf 87' lang='lat' dir='ltr'>Vetera</span> <span class='ocrx_word' id='word_1_281' title='bbox 688 3206 794 3250; x_wconf 92' lang='lat' dir='ltr'>nomeu</span> <span class='ocrx_word' id='word_1_282' title='bbox 816 3193 876 3270; x_wconf 89' lang='lat' dir='ltr'>est)</span> <span class='ocrx_word' id='word_1_283' title='bbox 898 3188 1049 3250; x_wconf 88' lang='lat' dir='ltr'>hibernan·</span> <span class='ocrx_word' id='word_1_284' title='bbox 1085 3212 1088 3218; x_wconf 93' lang='lat'><em>·</em></span> 
     </span>
     <span class='ocr_line' id='line_1_37' title="bbox 61 3267 1126 3355; baseline -0.007 -21"><span class='ocrx_word' id='word_1_285' title='bbox 61 3267 118 3334; x_wconf 78' lang='lat' dir='ltr'>ltu.</span> <span class='ocrx_word' id='word_1_286' title='bbox 151 3293 219 3337; x_wconf 85' lang='lat' dir='ltr'>nam</span> <span class='ocrx_word' id='word_1_287' title='bbox 255 3275 338 3355; x_wconf 93' lang='lat' dir='ltr'>primi</span> <span class='ocrx_word' id='word_1_288' title='bbox 366 3273 536 3335; x_wconf 90' lang='lat' dir='ltr'>seditionem</span> <span class='ocrx_word' id='word_1_289' title='bbox 579 3281 805 3353; x_wconf 77' lang='lat' dir='ltr'>coaptaverunt:</span> <span class='ocrx_word' id='word_1_290' title='bbox 842 3271 1051 3335; x_wconf 86' lang='lat' dir='ltr'>atrocissimum</span> <span class='ocrx_word' id='word_1_291' title='bbox 1119 3333 1126 3341; x_wconf 21' lang='lat' dir='ltr'>g</span> 
     </span>
     <span class='ocr_line' id='line_1_38' title="bbox 58 3358 1075 3438; baseline -0.011 -21"><span class='ocrx_word' id='word_1_292' title='bbox 58 3359 179 3438; x_wconf 75' lang='lat' dir='ltr'>quotque</span> <span class='ocrx_word' id='word_1_293' title='bbox 197 3361 310 3421; x_wconf 86' lang='lat' dir='ltr'>lacinus</span> <span class='ocrx_word' id='word_1_294' title='bbox 323 3359 425 3422; x_wconf 92' lang='lat' dir='ltr'>horum</span> <span class='ocrx_word' id='word_1_295' title='bbox 445 3358 575 3420; x_wconf 87' lang='lat' dir='ltr'>manibus</span> <span class='ocrx_word' id='word_1_296' title='bbox 596 3366 754 3436; x_wconf 67' lang='lat' dir='ltr'>patratum</span> <span class='ocrx_word' id='word_1_297' title='bbox 778 3375 834 3418; x_wconf 88' lang='lat' dir='ltr'>nec</span> <span class='ocrx_word' id='word_1_298' title='bbox 856 3372 952 3436; x_wconf 90' lang='lat' dir='ltr'>poena</span> <span class='ocrx_word' id='word_1_299' title='bbox 974 3369 1075 3412; x_wconf 76' lang='lat' dir='ltr'>com-s</span> 
     </span>
     <span class='ocr_line' id='line_1_39' title="bbox 57 3434 1050 3524; baseline -0.004 -28"><span class='ocrx_word' id='word_1_300' title='bbox 57 3440 200 3506; x_wconf 86' lang='lat' dir='ltr'>militonum</span> <span class='ocrx_word' id='word_1_301' title='bbox 216 3445 348 3506; x_wconf 85' lang='lat' dir='ltr'>exterriti</span> <span class='ocrx_word' id='word_1_302' title='bbox 364 3462 420 3504; x_wconf 92' lang='lat' dir='ltr'>nec</span> <span class='ocrx_word' id='word_1_303' title='bbox 443 3443 618 3524; x_wconf 89' lang='lat' dir='ltr'>paenitentia</span> <span class='ocrx_word' id='word_1_304' title='bbox 641 3442 776 3502; x_wconf 89' lang='lat' dir='ltr'>conversi</span> <span class='ocrx_word' id='word_1_305' title='bbox 797 3442 855 3500; x_wconf 89' lang='lat' dir='ltr'>iras</span> <span class='ocrx_word' id='word_1_306' title='bbox 877 3434 1050 3497; x_wconf 85' lang='lat' dir='ltr'>retinebant.</span> 
     </span>
    </p>
   </div>
   <div class='ocr_carea' id='block_1_3' title="bbox 0 0 1224 3886">
    <p class='ocr_par' dir='ltr' id='par_1_5' title="bbox 0 0 1224 3886">
     <span class='ocr_line' id='line_1_40' title="bbox 0 0 1224 3886; baseline 0 6"><span class='ocrx_word' id='word_1_307' title='bbox 0 0 1224 3886; x_wconf 95' lang='lat' dir='ltr'> </span> 
     </span>
    </p>
   </div>
  </div>
 </body>
</html>
