2568 3870
441 151 545 198 urana
560 152 598 198 11.
618 151 693 199 cur.
709 153 812 204 e—ro.
1078 143 1118 204 aa

116 307 186 384 gius
201 304 292 364 duces
306 302 507 364 insolescere:
524 305 699 366 discordiam
714 305 776 385 bis,
793 307 943 386 ignaviam,
958 305 1139 379 luxuriemir

117 398 148 450 et
169 389 292 448 suismet
312 387 388 446 vitiis
408 387 529 448 alterum
549 387 648 465 bello,
671 391 792 451 alterum
812 392 935 462 victoria
949 394 1117 469 periturum.

117 474 207 550 igitur
222 488 299 531 arma
314 472 343 531 in
360 471 545 533 occasionem
567 470 717 552 distulere,
738 475 937 554 Vespasianus
956 474 1117 536 blaciacos-

117 573 177 636 quc
200 572 311 634 nuper,
345 555 437 614 ceteri
462 555 530 616 olim
551 557 647 616 mixtis
669 556 817 635 consiliis,
845 561 970 638 optimus
996 559 1118 639 quisque

116 656 219 700 amore
243 637 287 698 rei
311 636 455 716 publicae,
476 639 582 699 multos
602 639 726 701 dulcedo
748 642 920 719 praedarum
942 642 1115 719 stimulabat,

116 724 192 785 alios
208 720 371 799 ,ambiguae
392 721 467 782 domi
493 740 558 783 res:
580 724 618 783 ita
633 723 700 784 boni
721 723 848 803 malique
870 726 966 785 causis
979 724 1152 804 diversis,10

115 807 213 868 studio
230 807 306 885 pari,
326 804 435 865 bellum
450 820 551 866 omnes
567 806 732 885 cupiebant.

29 885 36 894 ”
71 940 78 952 .
182 889 212 950 8.
234 888 293 949 Sub
315 890 391 950 idem
406 898 519 969 tempus
537 889 650 950 Achaia
666 890 752 970 alque
767 890 837 951 Asia
854 891 930 952 ialso
948 894 1116 970 exterritae,

116 974 199 1034 velut
211 971 291 1034 Nero
309 972 497 1050 adventaret,
515 973 596 1034 vario
613 993 701 1053 super
719 973 798 1036 exitu
813 975 875 1035 eius
889 993 1004 1036 rumore
1021 990 1117 1055 eoque

119 1052 249 1137 pluribus
268 1057 370 1116 rivere
393 1073 458 1116 enm
475 1057 649 1135 lingentibus
667 1057 919 1138 credentibusque.
953 1066 1117 1120 ceterorum

120 1157 207 1200 casus
222 1148 400 1218 conatusque
413 1141 443 1200 in
456 1149 594 1202 contentu
610 1142 709 1221 operis
725 1140 869 1203 dicemus:
892 1153 958 1204 tunc
981 1161 1083 1204 servus
1099 1161 1116 1202 e

116 1224 211 1287 Ponto
228 1225 306 1300 sive,
324 1233 354 1284 ut
369 1223 418 1284 alii
431 1224 595 1302 tradidere,
609 1224 760 1285 libertinus
776 1243 814 1286 ex
827 1224 926 1303 ltalia,
942 1226 1070 1287 citharae
1086 1236 1141 1285 ets

116 1313 219 1370 cantus
235 1308 360 1388 peritus,
377 1307 452 1368 unde
467 1307 510 1368 ilb
527 1325 616 1387 super
637 1307 848 1369 similitudinem
864 1312 923 1370 oris
943 1311 1065 1390 pronior
1080 1309 1115 1370 ad

115 1391 274 1453 fallendum
296 1391 385 1466 tides,
407 1391 548 1451 adiunctis
566 1391 780 1468 desertoribus,
809 1409 882 1470 quos
907 1393 1005 1472 inopia
1021 1408 1116 1471 vagos

115 1473 281 1554 ingentibus
301 1475 452 1553 promissis
466 1484 653 1554 corruperat,
668 1475 930 1553 mareingreditur;
950 1495 985 1536 ac
1000 1477 1029 1535 ri
1045 1484 1115 1535 tem·

117 1567 261 1641 pestutum
284 1555 425 1636 Cythnum
445 1558 566 1618 insulam
589 1557 724 1619 detrusus
745 1567 775 1618 et
790 1557 909 1618 militum
924 1560 1064 1639 quosdam
1078 1577 1116 1618 ex

118 1643 232 1704 oriente
254 1643 472 1702 commeantium
492 1642 616 1703 adscivit
640 1641 688 1702 uel
703 1642 863 1704 abnuentes
884 1643 1007 1704 interfici
1021 1644 1114 1719 iussit,
1127 1669 1151 1709 10
1223 1661 1227 1668 ·

118 1735 150 1786 et
163 1725 295 1806 spoliatis
307 1725 541 1803 negotiatoribus
555 1727 763 1806 mancipiorum
778 1724 1004 1787 valentissimum
1018 1744 1115 1806 quem·

116 1827 174 1890 que
188 1809 316 1872 armavit.
347 1811 602 1890 centurionemque
618 1811 778 1887 Sisennam,
793 1808 922 1886 dextras,
940 1810 1116 1873 concordiae

115 1893 256 1970 insignia,
272 1891 384 1953 Suriaci
407 1893 552 1954 exercitus
567 1894 682 1954 nomiae
697 1893 733 1957 ad
749 1895 949 1974 praetorianos
964 1895 1115 1971 ferentem,

116 1978 206 2038 variis
226 1976 335 2037 artibus
354 1974 513 2054 adgressus
534 1983 597 2051 est,
617 1977 712 2037 donec
727 1975 848 2037 Sisenna
865 1977 939 2038 clam
954 1978 1057 2038 relicta
1074 1978 1115 2036 in·

115 2059 181 2121 sula
206 2057 337 2139 trepidus
359 2069 389 2119 11
407 2061 465 2119 vim
486 2069 617 2121 metuens
637 2060 800 2138 aufugeret.
836 2061 903 2120 inde
924 2061 982 2121 late
1001 2071 1113 2129 terror:
1126 2086 1150 2129 η

115 2144 198 2204 multi
214 2141 249 2204 ad
265 2142 464 2204 celebritatem
479 2144 602 2204 nominis
617 2145 708 2203 erecti
718 2161 815 2203 rerum
826 2159 964 2204 novarum
979 2143 1115 2222 cupidine

116 2237 148 2288 et
163 2226 232 2288 odio
248 2224 452 2306 praesentium.
472 2229 647 2304 gliscentem
661 2227 691 2286 in
705 2226 769 2287 dies
782 2227 885 2286 lamam
898 2228 961 2287 iors
972 2227 1115 2288 discussit.

179 2309 209 2370 9.
231 2309 371 2373 Galatiam
383 2328 418 2371 ac
432 2309 630 2390 Pamphyliam
642 2309 814 2454 provincias
830 2308 987 2388 Calpurnio
1004 2310 1115 2389 Aspre-

116 2395 176 2456 nati
197 2394 344 2472 regendas
366 2393 458 2455 Galba
483 2396 665 2473 permisere.
696 2393 780 2454 datae
801 2411 818 2452 e
841 2390 936 2454 classe
958 2394 1116 2455 blisenensi

116 2480 193 2540 duae
208 2480 342 2539 triremes
358 2477 393 2538 ad
409 2478 661 2557 prosequendum,
685 2495 748 2538 cum
764 2477 868 2555 quibus
884 2475 1025 2553 Cythnum
1039 2478 1115 2536 insu·

115 2565 175 2623 lam
193 2563 297 2622 tenuit:
319 2580 375 2621 nec
395 2561 517 2622 deluere
534 2564 581 2641 qui
594 2560 773 2622 trierarchos
789 2561 904 2620 nomine
920 2559 1047 2622 Neronis
1067 2578 1115 2621 ac·

118 2647 222 2714 1111111.
261 2648 286 2706 11
306 2647 334 2705 in
358 2647 527 2728 maestitiam
549 2647 727 2726 compositus
749 2652 778 2705 et
796 2645 881 2705 iidem
896 2661 1012 2705 suorum
1026 2659 1140 2723 quon-e

117 2730 183 2789 dam
202 2723 321 2790 militum
342 2730 497 2808 invocans,
523 2737 554 2790 ut
577 2748 640 2790 eum
661 2731 690 2788 in
705 2728 788 2789 Suria
806 2737 855 2789 aut
869 2728 1010 2809 Aegypto
1032 2729 1115 2789 siste-

116 2820 194 2890 rent,
212 2811 321 2873 orabat.
352 2812 513 2890 trierarchi,
529 2822 660 2874 nutantes
675 2830 727 2872 seu
748 2811 830 2890 dolo,
845 2813 1047 2892 adloquendos
1062 2811 1116 2872 sibi

117 2897 224 2956 milites
239 2905 267 2956 11
280 2897 388 2974 paratis
402 2899 525 2957 omnium
540 2898 641 2958 animis
655 2914 829 2958 reversuros
845 2899 1036 2959 firmaverunt.
1062 2894 1117 2957 sed

117 2979 276 3060 Asprenati
298 2989 400 3040 cuncta
416 2998 453 3040 ex
473 2980 529 3041 bde
545 2981 689 3057 nuntiata,
708 2982 789 3041 cuins
805 2981 1007 3042 cohortatione
1023 2997 1113 3059 expu-

117 3073 206 3142 gnata
226 3063 308 3124 navis
323 3070 351 3122 11
366 3063 536 3123 interiectas
555 3065 684 3143 quisquis
699 3063 749 3124 ille
769 3074 842 3125 erat.
876 3073 979 3144 caput,
1001 3065 1159 3139 insignem

118 3147 212 3207 oculis
229 3164 370 3226 comaque
384 3155 413 3206 et
429 3148 566 3208 torvitate
579 3147 693 3224 vultus,
713 3149 739 3207 in
758 3147 855 3208 Asiam
871 3157 958 3227 atque
973 3148 1040 3208 inde
1057 3145 1114 3204 llo·

118 3250 191 3293 mam
208 3239 374 3309 pervectum
391 3239 443 3291 est.

184 3317 232 3376 10.
254 3313 287 3375 111
309 3316 425 3374 civitate
446 3313 572 3376 discordi
595 3324 624 3374 11
643 3314 681 3374 ob
703 3312 821 3374 crebras
845 3316 1004 3396 principum
1026 3325 1115 3372 muta

120 3400 216 3460 tiones
237 3401 312 3458 inter
332 3396 496 3458 libertatem
520 3416 554 3458 ac
575 3397 719 3458 licentiam
738 3397 849 3456 incerta
868 3414 978 3476 parrae
998 3413 1118 3476 quoquc

163 3502 252 3541 rncrrt
266 3501 337 3541 nans
353 3504 379 3540 11.
924 3482 944 3538 4
