2568 3870
391 185 494 232 Ltsstttt
507 187 543 234 11.
565 187 640 236 CAP.
659 185 779 240 27-32·
1043 181 1083 239 59
1153 255 1156 267 Ι

86 358 166 415 curu,
187 335 338 397 laudantes
359 347 565 417 gratantesque
587 341 789 402 circumdatum
811 343 913 421 aquilis
933 343 1083 422 signisque

84 427 113 484 in
130 419 255 482 tribunal
276 419 380 480 ierunt.
410 420 460 480 ille
480 423 541 482 utili
556 423 754 506 moderatione
771 441 828 484 non
844 426 1017 504 supplicium
1034 445 1082 487 ou-

84 511 216 584 iosquam
238 504 391 582 poposcit,
414 519 448 563 ac
464 523 501 564 ne
516 504 876 586 dissimulanssuspectior
893 509 985 584 soret,
1012 527 1082 587 pau·

84 608 137 650 cos
153 587 313 662 incusavit,
328 604 435 663 gnarus
450 588 583 648 civilibus
601 590 686 650 bellis
704 590 769 669 plus
781 592 916 652 militibus
932 609 1014 670 quam
1032 592 1082 652 du·

85 672 167 734 cibus
187 671 288 730 licere.
1092 688 1117 727 ro

147 755 199 817 30.
224 753 415 814 Munientibus
436 763 530 814 castra
550 756 625 832 apud
648 753 777 814 Ticinum
798 756 835 816 de
855 755 978 817 adversa
1008 757 1080 818 (lae-

83 843 169 899 cinae
193 853 289 915 pugna
311 834 451 912 adlatum,
473 846 502 896 et
521 855 615 916 prope
636 847 774 898 renovata
793 839 916 915 seditio,
940 848 1081 917 tamquam

82 921 187 983 iraude
212 929 241 979 et
262 918 490 979 cunctationibus
511 921 643 980 Valentis
667 921 782 998 proelio
798 921 971 984 defuissent:
1002 923 1081 983 nulle

83 1003 227 1082 requiem,
241 1019 300 1062 non
316 1010 473 1080 expectare
487 1002 598 1080 ducem,
613 1006 723 1064 anteire
740 1006 833 1082 signa,
851 1022 976 1081 urguere
993 1007 1081 1082 signi·

85 1087 185 1152 ieros;
213 1084 313 1162 rapido
329 1085 442 1161 agmine
464 1084 607 1146 Caecinae
626 1089 787 1163 iunguntur.
823 1089 995 1167 inprospera
1021 1091 1105 1150 Vat

84 1171 172 1231 lentis
187 1168 260 1228 lama
278 1167 353 1247 apud
370 1170 528 1228 exercitum
541 1168 684 1230 Caecinae
699 1179 776 1230 erat:
793 1173 944 1248 expositos
957 1191 989 1232 se
1002 1181 1081 1233 tanto

82 1253 242 1333 pauciores
262 1252 383 1328 integris
407 1251 531 1312 hostium
564 1253 670 1312 viribus
698 1253 908 1331 querebantur,
944 1255 1026 1314 simul
1054 1258 1082 1314 in

81 1355 164 1398 suam
181 1335 410 1410 excusationem,
432 1344 461 1393 et
486 1336 695 1413 adventantium
716 1336 806 1396 robur
820 1355 873 1415 per
887 1337 1081 1397 adulationem

82 1420 270 1494 attollentes,
291 1437 327 1478 ne
349 1427 379 1477 ut
400 1419 468 1477 victi
492 1427 520 1478 et
535 1419 633 1495 ignavi
657 1418 904 1496 despectareutur.
936 1429 965 1479 et
983 1437 1079 1499 qnam-

81 1523 168 1585 quam
193 1502 258 1581 plus
270 1503 379 1578 virium,
401 1518 493 1579 prope
511 1500 672 1578 duplicatus
684 1501 830 1578 legionum
852 1501 1078 1581 auxiliorumque
1092 1514 1117 1554 ¹⁰

81 1604 219 1648 numerus
240 1595 302 1646 erat
316 1585 449 1659 Valenti,
471 1583 679 1644 studia‘tamen
694 1586 810 1645 militum
826 1587 854 1644 in
868 1584 1021 1646 Caecinam
1039 1587 1080 1645 in·

86 1669 241 1747 olinabant,
257 1687 345 1749 super
359 1668 565 1744 benignitatem
579 1668 680 1745 animi,
709 1687 763 1748 qua
780 1672 940 1749 promptior
954 1669 1081 1730 habeba·

11 1813 12 1818 ,
85 1764 146 1833 tur,
180 1754 264 1814 etiam
285 1754 389 1830 vigore
412 1753 530 1829 aetatis,
557 1754 734 1831 proceritate
760 1756 894 1833 corporis
911 1753 1080 1832 et'qu'odam

11 1841 13 1898 i
83 1838 159 1897 inani
180 1836 293 1896 favore.
330 1835 396 1896 hinc
417 1834 570 1895 aemulatio
592 1834 726 1898 ducibus:
757 1835 882 1897 Caecina
912 1845 941 1898 ut
962 1837 1079 1898 ioedum

84 1939 119 1981 ac
140 1919 333 1995 maculosum,
356 1916 406 1976 ille
426 1927 456 1977 ut
472 1919 607 1978 tumidum
626 1937 662 1980 ac
691 1937 793 1980 vanum
821 1921 992 1983 inridebant.
1027 1921 1080 1982 aad
1092 1933 1116 1975 1⁵

84 2003 202 2064 condito
220 2001 287 2061 odio
304 2000 423 2060 eandem
440 2001 590 2061 utilitatem
604 2003 725 2077 lovere,
742 2003 854 2064 crebris
869 2006 1002 2083 epistulis
1017 2008 1080 2066 sine

84 2089 223 2164 respectu
238 2085 340 2144 veniae
358 2083 465 2162 probra
481 2084 585 2144 Othoni
602 2084 798 2162 obiectantes,
821 2106 883 2147 cunr
905 2086 994 2147 duces
1014 2107 1079 2167 par·

84 2171 152 2229 tium
167 2167 288 2228 Othonis
306 2169 436 2245 quamvis
454 2166 595 2227 uberrima
606 2169 802 2229 conviciorum
817 2172 846 2228 in
857 2169 1006 2230 Vitellium
1020 2188 1079 2230 ma·

84 2253 156 2311 teria
177 2251 362 2311 abstinerent.

147 2335 198 2396 31.
225 2335 301 2394 Sane
326 2342 391 2394 ante
416 2335 564 2412 utriusque
592 2335 713 2410 exitum,
739 2352 797 2412 quo
825 2336 974 2412 egregiam
1001 2334 1076 2395 Otho

48 2495 49 2498 Ἴ
84 2421 203 2492 lamam,
233 2415 368 2478 Vitellius
388 2416 641 2494 flagitiosissimam
671 2435 819 2493 meruere,
850 2419 942 2477 minus
969 2417 1079 2478 Vitellii

84 2506 208 2581 ignavae
238 2500 401 2577 voluptates
425 2516 509 2576 quam
532 2500 653 2560 Othonis
678 2501 917 2578 flagrantissimae
945 2500 1079 2560 libidines

84 2583 271 2650 timebantur;
288 2582 436 2644 addiderat
450 2582 515 2643 huic
526 2593 668 2644 terrorem
682 2594 768 2663 atque
784 2583 879 2644 odium
891 2583 997 2644 caedes
1012 2583 1078 2645 Gal·

85 2669 157 2744 bae,
180 2675 281 2726 contra
296 2665 338 2726 illi
355 2665 462 2725 initium
478 2666 548 2726 belli
569 2685 653 2726 nemo
668 2665 825 2745 inputabat.
854 2666 989 2727 Vitellius
1010 2684 1104 2729 ven-s

84 2763 130 2810 tre
152 2759 181 2810 et
203 2749 272 2827 gula
294 2747 349 2809 sibi
368 2747 551 2825 inhonestus,
573 2749 648 2810 Otho
670 2749 738 2810 luxu
760 2749 880 2810 saevitia
902 2749 1022 2823 audacia
1036 2749 1079 2810 rei

84 2833 220 2913 publicae
236 2833 386 2892 exitiosior
401 2830 568 2893 ducebatur.

147 2915 313 2976 Coniunctis
331 2913 474 2975 caecinae
490 2933 526 2975 ac
534 2906 672 2977 Valentis
690 2917 784 2993 copiis
799 2915 875 2975 nulla
894 2915 969 2976 ultra
987 2933 1079 2994 penes

84 2999 259 3059 Vitellianos
279 3016 358 3058 mora
378 2999 445 3076 quin
467 3001 535 3060 totis
553 2999 662 3060 viribus
683 3009 841 3059 certarent:
862 2997 937 3058 Otho
964 2997 1078 3058 consul·

84 3085 173 3156 tavit,
188 3082 260 3142 trahi
274 3080 381 3142 bellom
396 3099 431 3139 au
445 3081 585 3142 fortunam
602 3083 730 3162 experiri
744 3082 884 3160 placeret.
1089 3097 1113 3136 ro

149 3166 199 3228 32.
226 3163 306 3226 'lunc
327 3164 481 3225 Suetonius
509 3166 642 3227 Paulinus
668 3165 782 3242 dignum
807 3164 879 3224 fama
910 3183 961 3224 sua
988 3173 1223 3244 ratitum

85 3267 141 3328 qua
155 3266 240 3309 nemo
256 3247 304 3308 illa
319 3255 491 3325 tempestate
505 3249 634 3310 militaris
650 3249 693 3307 rei
709 3247 840 3307 callidior
855 3246 1024 3320 habebatur,
1040 3244 1076 3304 de

84 3341 147 3392 toto
167 3349 279 3412 genere
300 3329 370 3412 belli
387 3348 527 3408 censere,
560 3331 771 3410 festinationem
792 3329 939 3404 hostibus,
968 3344 1076 3386 moram

84 3415 158 3496 ipsis
183 3415 280 3476 utilem
301 3413 451 3474 disseruit:
486 3417 642 3476 exercitum
667 3412 777 3472 Vitellii
802 3413 964 3469 universum
989 3409 1076 3466 adve-
