2540 3874
346 197 349 204 .
423 153 526 202 nunus
538 157 588 203 111.
607 157 681 206 cnr.
694 155 813 212 ιιι-ιιι.
1074 153 1111 214 bt

116 308 153 368 tis
170 307 216 368 vel
232 307 383 368 conversis
401 308 556 388 prioribus,
575 329 638 370 cum
653 311 735 389 plnra
754 314 926 391 addidisset,
950 318 1037 378 otium
1054 319 1116 388 eins

116 393 158 452 rei
173 391 249 452 baud
267 392 295 451 in
310 391 428 471 longum
443 389 570 472 paravit,
588 397 681 455 statim
704 395 823 459 turbidis
837 398 938 478 Lepidi
956 403 1115 478 rogationi-

115 476 287 555 bnaneqne
302 477 390 538 multo
407 479 477 557 post
490 476 611 538 tribunis
624 479 735 542 reddita
746 481 863 542 licentia
877 499 993 562 quoquo
1006 485 1118 546 vellent

2 563 3 622 ἶ
114 559 253 640 pupulum
269 560 405 638 agitandi.
441 563 553 640 iamque
569 579 627 624 non
641 563 726 624 modo
739 564 767 624 in
781 583 940 644 commune,
956 567 1048 628 sedin
1060 569 1149 632 siri-rs

112 645 200 724 gulos
217 644 346 705 homines
358 645 433 706 latae
449 647 653 725 quaestiones,
672 658 701 708 et
719 651 933 730 corruptissima
948 669 980 710 re
999 650 1115 730 publica

114 730 254 809 plurimae
269 729 363 805 leges.

173 811 224 874 28.
249 811 319 872 Τιιιιι
336 809 387 872 Cn.
412 812 564 893 Pompeius
588 814 702 876 tertium
726 815 826 877 consul
854 818 1036 896 corrigendis
1056 837 1114 880 mo·

111 896 191 959 ribus
201 894 524 973 delectus,setgravior
533 899 668 960 remediis
680 916 763 977 quum
778 899 883 962 delicta
896 912 977 964 erant
989 920 1113 964 suarum·

2 1016 6 1037 t
110 1001 169 1062 que
183 981 283 1060 legum
298 989 399 1042 auctor
416 984 491 1042 idern
507 1000 542 1043 ac
563 982 736 1062 subversor,
763 999 838 1064 quas
861 987 947 1046 armis
973 985 1113 1064 tuebatur,

110 1066 198 1130 armis
214 1065 316 1126 amisit.
346 1066 421 1126 enim
440 1067 572 1128 continua
588 1085 641 1147 per
660 1067 762 1145 viginti
777 1085 868 1130 annos
884 1069 1039 1149 discordia,
1057 1087 1114 1130 nou

109 1168 189 1226 mos,
205 1167 263 1209 non
283 1150 342 1220 ius;
366 1147 518 1226 deterrima
541 1167 672 1230 quaeque
695 1150 802 1233 inpune
823 1170 858 1213 ac
882 1154 970 1214 multa
992 1153 1138 1217 honestat

109 1235 202 1298 exitio
219 1233 311 1295 fruere.
343 1242 427 1296 serto
442 1233 554 1294 demum
576 1235 725 1296 consulatu
745 1232 856 1297 Caesar
873 1236 1040 1315 Augustus,
1062 1257 1113 1319 po·

110 1319 220 1380 tentiae
238 1336 373 1396 securus,
391 1322 464 1398 quae
480 1319 658 1380 triumviratu
679 1320 802 1382 iusserat
823 1320 952 1382 abolevit
979 1321 1115 1401 deditque

110 1404 182 1481 iura,
200 1402 264 1483 quis
283 1420 356 1482 pace
371 1411 410 1462 et·
416 1403 548 1483 principe
565 1411 718 1468 uteremur.
750 1405 862 1465 acriora
885 1423 923 1466 ex
948 1423 992 1465 eo.
1008 1406 1113 1482 vinela,

69 1557 82 1574 ,
97 1487 191 1548 ¹inditi
209 1486 345 1548 custodes
362 1495 391 1547 et
405 1487 473 1564 lege
490 1486 578 1566 Papia
594 1485 733 1567 Poppaea
749 1489 886 1567 praemiis
898 1488 1015 1566 inducti,
1031 1499 1070 1566 nt,
1089 1490 1113 1549 si

109 1591 126 1633 a
145 1570 307 1652 privilegiis
322 1579 471 1650 parentum
482 1579 656 1648 cessaretur,
675 1571 754 1631 velut
768 1590 873 1651 parens
885 1571 1008 1633 omnium
1022 1587 1113 1654 popu·
1125 1595 1148 1637 m

109 1657 156 1718 lns
176 1656 306 1717 vacantia
330 1663 452 1717 teneret.
491 1654 544 1715 sed
574 1655 658 1714 altius
685 1654 875 1735 penetrabant
900 1655 1059 1735 nubemque
1084 1657 1115 1718 'et

110 1737 222 1802 ltaliam
245 1748 274 1800 et
294 1737 371 1819 quod
394 1750 515 1819 usquam·
535 1739 639 1799 nivium
664 1740 877 1820 corripuerant,
905 1740 1114 1821 multorumque

109 1825 204 1889 excisi
226 1831 325 1886 status.
343 1872 347 1880 f
366 1833 400 1884 et·
420 1832 515 1884 terror
546 1822 676 1884 omnibns
700 1823 907 1902 intentabatur,
931 1825 959 1886 ni
982 1822 1114 1884 Tiberius

2 1943 3 1946 =
110 1905 263 1970 statuendo
279 1905 408 1969 remedio
425 1907 551 1986 quinque
577 1906 787 1984 consularium,
810 1909 935 1988 quinque
960 1927 976 1968 e
998 1915 1113 1987 praeto·

111 1995 171 2071 riis,
187 1992 335 2053 totideme
356 1999 456 2053 cetero
473 1999 573 2052 senatu
587 1999 668 2052 sorte
684 1991 823 2070 duxisset,
839 1991 915 2072 apud
934 2009 1008 2070 quos
1025 2009 1110 2053 ensu-
1123 2011 1148 2052 ιι

109 2077 162 2139 luti
177 2076 309 2157 plerique
334 2075 410 2154 legis
433 2093 525 2136 nexus
545 2074 687 2135 modicum
708 2077 736 2135 in
759 2094 899 2155 praesens
922 2075 1114 2136 levamentum

111 2163 203 2222 inere.
533 2215 535 2220 ,

175 2245 225 2308 29.
249 2243 305 2304 Per
321 2244 395 2305 idem
411 2253 524 2325 tempus
538 2242 684 2306 Neronem
700 2261 717 2302 e
740 2243 840 2304 liberis
858 2241 1036 2319 Germanici,
1059 2243 1114 2304 iam

111 2333 275 2408 ingressum
295 2326 454 2406 inventam,
477 2327 690 2389 commendavit
711 2326 855 2407 patribus,
881 2335 969 2404 utque
996 2343 1114 2386 munere

111 2411 286 2495 capessendi
302 2412 511 2490 vigintiviratus
528 2411 692 2474 solveretur
708 2420 737 2472 et
762 2411 955 2490 quinquennio
978 2409 1114 2470 maturius

110 2516 195 2580 quam
214 2515 267 2577 per
283 2496 367 2575 leges
383 2505 565 2577 quaesturam
584 2505 714 2576 peteret,
736 2513 792 2556 uon
814 2497 876 2556 sine
891 2492 1114 2555 inrisnaudien·

110 2587 180 2646 tium
195 2579 362 2663 postulavit.
393 2578 602 2661 praetendebat
614 2579 669 2640 sibi
681 2589 767 2660 atque
780 2579 859 2640 iratri
877 2575 994 2639 decreta
1011 2577 1137 2638 eademt

111 2675 230 2748 petente
255 2664 395 2744 Augusto.
433 2665 485 2726 sed
512 2683 606 2744 neque
633 2673 690 2724 tum
715 2665 805 2725 luisse
828 2661 1032 2738 dubitaverim,
1065 2661 1114 2740 qui

110 2753 176 2814 eins
196 2749 272 2811 modi
293 2767 399 2830 preces
419 2748 527 2810 occulti
551 2748 726 2809 inluderent:
749 2766 783 2810 ac
802 2757 898 2808 tamen
907 2746 990 2806 initia
1004 2745 1114 2823 fastigii

111 2833 287 2900 Caesaribus
303 2842 384 2894 erant
399 2834 549 2912 magisque
566 2833 595 2893 in
609 2831 702 2892 oculis
717 2840 800 2894 vetus
818 2848 898 2908 mos,
920 2839 950 2892 et
971 2830 1114 2909 privignis

110 2939 177 2983 cnm
191 2919 295 2979 vitrico
311 2917 405 2978 levior
420 2917 606 2992 necessitudo
622 2934 705 2995 quam
723 2934 779 2978 avo
797 2916 951 2979 adversum
967 2923 1112 2994 nepotem.

110 3004 225 3068 additur
250 3003 435 3084 pontificatus
462 3010 492 3063 ct
517 3019 574 3081 qno
603 3003 722 3080 primum
751 3000 923 3078 diciorum
960 2999 1111 3076 ingressus
1123 3007 1148 3050 1⁰

110 3098 159 3150 est
186 3087 365 3165 congiarium
401 3085 481 3165 plebi
510 3083 659 3146 admodum
692 3085 805 3162 laetae,
845 3081 921 3163 qnod
952 3082 1115 3144 Germanici

110 3175 233 3252 stirpem
253 3172 308 3232 iam
332 3169 469 3252 puberem
492 3168 662 3249 aspiciebat.
709 3166 953 3230 auctum-dehinc
981 3167 1115 3243 gandium

111 3257 220 3337 nuptiis
242 3254 367 3316 Neronis
389 3263 419 3320 et
434 3252 524 3314 lullae
544 3251 630 3314 Drusi
653 3252 739 3314 illiue.
775 3263 862 3332 utque
888 3250 962 3310 baec
985 3250 1115 3310 secundo

112 3357 247 3418 rumore,
270 3339 310 3400 ita
332 3338 463 3399 adversis
486 3338 587 3398 animis
614 3347 781 3416 acceptum,
813 3334 891 3415 quod
920 3333 979 3392 lilio
1004 3330 1116 3392 Claudii

113 3442 202 3486 socer
226 3423 347 3484 Seianus
377 3421 577 3484 destinaretur.
621 3421 760 3502 polluisse
774 3417 965 3486 ‚nobilitatem
990 3413 1150 3476 inmiliae¹⁶
