2596 3872
410 119 513 184 tinea
528 138 585 186 xv.
604 139 678 188 cnr.
696 139 816 194 stc—so.
929 191 931 194 .
1053 137 1116 200 303

113 307 224 368 corpus
242 287 404 368 procerum,
420 290 528 352 decora
543 293 651 354 iacies:
672 295 725 356 sed
744 299 845 374 procul
860 301 989 376 gravitas
1004 319 1113 362 morum
1124 318 1153 360 ts

111 384 161 434 aut
178 373 354 452 voluptatum
369 377 554 454 parsimonia;
580 378 690 439 levitati
711 399 745 440 ac
761 385 994 459 magnificentiae
1012 395 1040 444 et
1062 387 1113 446 ali-

111 457 318 537 quandoluxu
337 458 516 537 indulgebat.
547 462 633 544 idque
653 463 784 542 pluribus
806 468 996 546 probabatur,
1022 471 1113 548 quiin

110 551 190 602 tanta
208 543 342 603 vitiorum
364 541 516 606 dulcedine
537 564 674 606 summum
701 549 848 628 imperium
869 570 926 612 uon
949 555 1114 614 restrictum

112 645 168 688 nec
185 645 374 704 perseverum
390 628 499 689 volunt.

108 769 112 776 ,
174 711 225 772 49.
244 709 356 772 Initium
374 714 565 774 coniurationi
586 732 644 775 non
665 733 682 776 a
706 717 840 796 cupidine
861 719 952 800 ipsius
970 720 1038 782 luit:
1057 739 1235 792 decu„

111 805 205 854 tannen
230 794 317 856 facile
342 801 579 874 memoraverim,
606 801 669 878 quis
695 802 803 878 primus
824 814 941 882 auctor,
967 806 1047 865 cuius
1068 806 1110 864 in·

109 879 215 940 stinctu
234 881 378 940 concitum
400 883 436 941 sit
456 883 532 962 quod
558 892 613 942 tam
632 883 712 944 multi
732 898 925 964 sumpserunt.
957 891 1109 968 promptis·

108 965 198 1023 simos
215 963 347 1024 Subrium
364 965 483 1026 Flevum
498 966 638 1028 tribunum
662 971 829 1048 praetoriae
851 972 979 1034 cohortis
1002 983 1031 1031 et
1046 974 1109 1033 Sul-

108 1049 216 1127 picium
238 1047 364 1127 Asprum
390 1052 587 1112 centurionem
609 1051 741 1114 extitisse
764 1059 924 1118 constantia
945 1058 1037 1117 exitus
1059 1057 1137 1118 dus

109 1133 183 1202 cuit;
205 1140 234 1192 et
256 1131 387 1194 lucanus
401 1133 539 1196 Annaeus
554 1136 739 1216 Plautiusque
757 1137 914 1202 Lateranus
932 1141 1025 1201 vivida
1044 1141 1108 1200 odia

108 1216 244 1278 intulere.
272 1217 419 1280 Lucanum
426 1221 565 1300 propriae
576 1239 681 1282 causae
692 1222 901 1302 accendebant,
918 1225 992 1304 quod
1006 1220 1108 1286 inmani

110 1301 264 1362 carminum
281 1303 341 1362 eius
358 1303 509 1382 premebat
522 1303 602 1364 Nero
619 1305 864 1386 prohibueratque
881 1319 1043 1386 ostentare,
1060 1327 1107 1369 va-

110 1404 162 1446 nus
179 1384 412 1452 adsimulatione:
427 1387 598 1448 Lateranum
615 1390 763 1450 consulem
779 1391 959 1470 designatum
975 1393 1052 1453 nulla
1066 1395 1106 1452 in-

111 1471 196 1547 iuria,
220 1469 272 1550 sed
295 1471 437 1531 amorrei
458 1471 592 1552 publicae
608 1474 739 1535 sociavit.
770 1483 798 1536 at
815 1473 933 1536 Flavius
946 1477 1144 1536 Scaevinusut

109 1562 139 1614 et
155 1553 292 1614 Afranius
307 1555 490 1636 Quintianus,
513 1566 634 1636 uterque
648 1558 786 1618 senatorii
802 1559 927 1637 ordinis,
951 1569 1049 1620 contra
1065 1559 1106 1619 ia·

107 1656 180 1700 mam
201 1641 244 1698 sui
268 1640 438 1719 principium
460 1642 529 1702 tanti
549 1641 689 1702 facinoris
711 1642 908 1722 capessivere.
940 1662 1005 1705 narn
1018 1645 1105 1704 Scae·

106 1725 175 1784 vinu
198 1721 337 1784 dissoluta
358 1724 426 1784 luxu
450 1743 531 1785 mens
555 1734 584 1786 et
607 1726 729 1805 proinde
751 1727 809 1787 vita
830 1744 930 1788 somno
953 1727 1104 1805 languida:

106 1808 278 1886 Quintianus
298 1808 417 1868 mollitia
439 1809 574 1888 corporis
597 1811 709 1872 infamis
732 1819 760 1873 et
781 1830 797 1871 a
817 1810 935 1873 Nerone
959 1811 1105 1892 probroso

107 1893 233 1952 carmine
249 1891 406 1953 diffamatus
422 1893 611 1955 contumelias
630 1895 717 1956 ultum
734 1893 802 1956 ibat.
1117 1925 1140 1966 ιε

168 1976 219 2036 50.
240 1975 321 2054 Ergo
345 1977 409 2036 dum
430 1978 545 2038 scelera
568 1981 720 2059 principis,
744 1989 773 2039 et
792 1981 876 2040 linem
894 1979 1000 2040 adesse
1016 1979 1104 2058 impe-

108 2061 153 2119 rio
169 2059 409 2139 deligendumque
426 2063 473 2139 qui
489 2063 575 2122 sessis
590 2062 677 2124 rebus
695 2072 896 2140 succurreret,
919 2064 993 2123 inter
1012 2082 1044 2124 se
1060 2073 1107 2122 aut

109 2145 184 2202 inter
204 2145 312 2202 amicos
344 2144 469 2220 iaciunt,
501 2145 704 2228 adgregavere
729 2146 876 2206 Claudium
901 2147 1105 2223 Senecionem,

108 2226 273 2290 Cervarium
286 2227 450 2306 Proculum,
462 2229 624 2290 Vulcatium
635 2229 796 2306 Araricum,
808 2229 909 2290 lulium
916 2231 1104 2307 Augurinum,

104 2312 258 2396 Munatium
272 2311 396 2389 Gratum,
408 2311 562 2375 Antonium
576 2311 719 2391 Natalem,
735 2313 872 2376 Marcium
883 2313 1010 2390 Festum,
1027 2317 1103 2392 equi·
1117 2343 1133 2382 s

106 2407 150 2456 tes
165 2396 322 2459 Romanos.
355 2396 510 2476 exquibus
526 2399 667 2475 Senecio,
693 2417 710 2457 e
732 2399 890 2478 praecipua
913 2398 1105 2459 familiaritate

105 2479 246 2558 Neronis,
268 2481 397 2560 speciem
419 2482 560 2544 amicitiae
578 2484 663 2548 edam
682 2493 740 2542 tum
762 2484 890 2545 retinens
913 2501 949 2543 eo
975 2482 1105 2562 pluribus

107 2564 244 2643 periculis
261 2564 494 2638 conflictabatur;
515 2565 626 2628 Natalis
644 2567 792 2646 particeps
805 2567 841 2626 ad
856 2584 941 2627 omne
960 2575 1105 2627 secretum

106 2649 203 2710 Pisoni
222 2659 298 2714 erat:
322 2651 429 2710 ceteris
443 2668 513 2730 spes
528 2669 565 2710 ex
579 2651 663 2714 novis
679 2650 768 2711 rebus
782 2649 943 2730 petebatur.
977 2649 1104 2712 adscitae

104 2741 170 2793 sunt
186 2748 274 2814 super
288 2733 420 2794 Subrium
436 2731 465 2793 et'
480 2733 648 2813 Sulpicium,
665 2733 701 2798 de
717 2733 820 2814 quibus
836 2733 950 2820 rettuli,
965 2735 1104 2796 militares
1116 2761 1142 2801 m

104 2835 218 2892 manus,
244 2817 351 2880 Gavius
371 2818 505 2878 Silvanus
525 2829 555 2878 et
577 2819 683 2881 Statius
701 2817 852 2880 Proximus
873 2817 978 2878 tribuni
1000 2819 1102 2880 cubor-

103 2903 170 2962 tlum
188 2903 413 2981 praetoriarum,
429 2902 571 2964 blaximus
584 2905 709 2964 Scaurus
725 2911 755 2962 et
770 2903 901 2964 Venetus
916 2901 1020 2964 Paulus
1037 2921 1104 2964 cen-

11 3055 12 3060 ,
102 2986 243 3046 turiones.
275 2986 328 3047 sed
342 2980 479 3048 summum
496 2987 585 3048 robur
602 2987 630 3048 in
643 2987 752 3048 Faenio
764 2985 841 3050 Rulo
857 2985 1009 3066 praelecto
1025 2987 1104 3047 vide-

102 3070 203 3147 batur,
227 3089 311 3148 quem
333 3072 392 3129 vita
413 3070 547 3150 famaque
568 3073 711 3134 laudatum
727 3089 780 3150 per
798 3071 946 3130 saeuitiam
965 3069 1102 3148 inpudici-

103 3156 229 3234 tiamque
245 3153 407 3230 Tigellinus
423 3154 451 3213 in
473 3154 566 3214 animo
582 3154 722 3234 principis
743 3154 886 3232 anteibat,
903 3151 1101 3234 fatigabatque
1113 3171 1141 3210 rs

104 3237 351 3298 criminationibus
366 3255 401 3298 ac
417 3254 509 3315 saepe
523 3238 551 3298 in
565 3249 670 3299 ,metum
682 3238 841 3300 adduxerat
851 3237 932 3318 quasi
944 3237 1103 3298 adulterum

102 3322 285 3400 Agrippinae
302 3330 331 3380 et
347 3319 492 3382 desiderio
508 3322 569 3382 eius
584 3321 684 3384 ultioni
700 3324 847 3384 intentum.
874 3321 962 3399 igitur
973 3321 1020 3380 ubi
1034 3338 1102 3380 con·

100 3405 204 3466 iuratis
231 3406 410 3485 preelectum
433 3421 548 3484 quoque
575 3408 713 3486 praetorii
741 3407 769 3465 in
793 3413 890 3486 partes
913 3401 1103 3462 descendisse
