2536 3870
199 183 259 244 1711
413 191 577 244 3333333
598 191 715 240 33333
734 191 977 241 maronianum

156 411 159 420 ,
194 348 515 446 131111313313333331.
546 347 622 408 unde
645 347 780 448 paulatim
803 346 898 408 133133
918 346 1063 426 viliorque
1084 331 1249 469 baberi,3

193 442 327 495 manente
342 442 437 493 tumen
454 433 482 491 13
497 431 628 513 3333133
644 433 779 492 amicitia

256 519 307 581 81.
328 516 384 577 l’er
399 532 452 575 eoa
464 532 592 595 menses,
603 515 705 595 quibus
717 515 917 595 Vespasianus
929 513 1128 576 Alexandriae
1144 524 1207 577 sta·
1248 455 1249 604 3

193 613 240 664 tos
258 600 378 662 aestivis
398 597 511 660 datibus
532 599 594 660 dies
617 608 647 658 et
662 608 741 659 certa
755 599 842 659 maris
857 598 1080 677 opperiebatur,
1110 601 1207 661 multa
1248 625 1249 716 3

192 684 330 747 miracula
347 691 486 761 evenere,
502 685 566 762 quis
582 683 718 743 caelestis
733 682 817 742 iavor
834 690 864 741 31
881 681 1044 761 quaedam'
1035 702 1063 744 rn
1081 683 1249 762 Vespa-t

193 771 303 830 sianum
318 767 465 828 inclinatio
481 769 625 827 numinum
640 765 853 827 ostenderetur.
869 783 887 824 3
902 764 991 845 plebe
998 766 1206 828 Alexandrina
1248 751 1249 826 ᾗ

169 853 307 934 aquidum
319 851 468 912 oculorum
483 850 550 912 tabe
567 859 652 910 notus
666 868 763 949 genua
779 851 840 908 eius
858 848 1205 927 advolvitur,remedinm

195 937 342 998 caecitatis
361 951 528 1013 exposcens
543 936 662 1012 gemitu,
680 935 786 993 monitu
805 933 953 1012 Serapidis
970 933 1028 1011 dei,
1046 952 1133 1012 quem
1152 936 1204 994 de-

191 1023 250 1082 dita
280 1017 536 1119 superstitionibus
559 1035 633 1094 gens
662 1026 728 1078 ante
753 1017 827 1078 alios
853 1017 937 1087 colit;
962 1017 1205 1100 precabaturque

194 1106 356 1185 principem
373 1110 403 1160 ut
418 1119 510 1177 genas
522 1110 552 1161 31
567 1101 716 1162 33313333
733 1100 822 1161 orbes
838 1098 1005 1177 dignaretur
1017 1118 1204 1180 respergere

193 1188 253 1248 oris
274 1193 471 1246 excremento.
500 1184 573 1245 alins
593 1201 705 1245 manum
725 1202 830 1262 aeger,
857 1183 961 1243 eodem
984 1185 1040 1244 deo
1064 1194 1201 1264 auctore,

159 1271 313 1372 33313313
327 1287 363 1330 ac
377 1269 503 1346 vestigio
520 1267 656 1330 Caesaris
678 1269 840 1328 calcaretur
854 1266 965 1328 orabat.
997 1269 1198 1346 Vespasianus

193 1357 286 1436 33133
302 1353 437 1432 inridere,
454 1354 620 1432 aspernari:
637 1361 722 1432 atque
738 1351 796 1412 illis
806 1349 985 1412 instantibus
992 1351 1079 1412 modo
1093 1352 1195 1413 inmun
1248 1391 1249 1394 ¹

192 1440 326 1500 vanitatis
348 1446 495 1513 metuere,
520 1435 608 1496 modu
633 1436 876 1497 obsecratione'
867 1452 996 1514 ipsorum
1023 1443 1053 1494 31
1073 1437 1198 1496 vocibus

193 1523 389 1584 adulantium
381 1539 409 1581 rn
426 1520 507 1600 spein
522 1519 634 1581 induci:
664 1529 813 1601 postremo
828 1521 973 1579 aestimari
987 1537 1004 1579 3
1018 1519 1170 1580 3311313”
1160 1541 1199 1580 ru·

194 1608 259 1684 bet,
287 1624 323 1667 an
345 1605 412 1666 talis
435 1606 563 1665 caecitas
585 1621 621 1662 33
643 1603 776 1664 debilitas
797 1620 856 1682 ope
876 1603 997 1664 humana
1012 1603 1199 1682 superabiles

160 1693 300 1752 rsiurent.
328 1689 433 1748 medici
455 1689 536 1747 33313
552 1688 714 1748 disserere:
738 1687 805 1746 huic
822 1705 880 1747 nnn
896 1705 1014 1748 333333
1033 1689 1091 1747 313
1117 1687 1200 1748 1331-

194 1777 238 1834 313
254 1782 284 1833 31
297 1773 463 1847 redituram,
480 1771 505 1829 si
521 1771 701 1849 pellerentur
716 1770 873 1840 obstantia;
893 1771 937 1831 illi
953 1771 1071 1850 elapsos
1088 1772 1118 1831 in
1134 1791 1201 1852 pra·
1248 1793 1249 1798 ¹

193 1876 258 1916 vum
278 1865 368 1931 artus,
387 1856 411 1914 si
427 1854 609 1914 salubrioris
626 1855 804 1931 adhibeatur,
821 1871 911 1933 posse
926 1856 1074 1932 integrari.
1093 1855 1123 1915 id
1139 1858 1201 1916 ior·

194 1952 273 2001 tasse
288 1938 368 2000 cordi
386 1936 461 2013 deis,
477 1948 506 1998 31
522 1937 618 2000 diuino
633 1939 792 2005 ministerio
810 1938 969 2017 principem
986 1939 1125 2009 electum;
1150 1940 1200 1999 de·

194 2027 282 2104 nique
308 2023 414 2103 patrati
440 2021 559 2082 remedii
574 2022 697 2100 gloriam
719 2040 810 2103 penes
833 2020 1004 2098 Gaesarem,
1032 2024 1110 2082 inriti
1126 2022 1201 2083 ludi·

159 2109 286 2193 sobrium
306 2124 399 2187 penes
419 2107 542 2166 miseros
562 2107 638 2166 1333.
667 2109 754 2184 igitur
775 2106 975 2185 Vespasianus
991 2116 1093 2166 333313
1108 2108 1200 2167 iortn·
1248 2107 1249 2112 ’

194 2212 249 2254 333
271 2210 340 2253 3333
361 2199 463 2270 331333
485 2199 563 2251 33133
579 2209 636 2251 333
656 2191 809 2271 quicquam
824 2191 898 2252 ultra
914 2189 1098 2270 incredibile,
1119 2191 1200 2252 13313

193 2280 257 2356 ipse
272 2276 363 2352 33113,
378 2283 477 2335 333313
494 2275 568 2354 quae
583 2274 713 2335 adstabat
724 2275 913 2351 multitudine,
928 2275 1007 2335 iussa
1019 2277 1199 2354 exsequitur.

194 2361 288 2424 statim
304 2377 447 2422 conversa
462 2357 498 2419 ad
516 2377 597 2418 usum
611 2376 721 2437 manus,
733 2376 769 2420 ac
784 2376 875 2419 caeco
888 2358 995 2419 reluxit
1008 2358 1079 2419 dies.
1093 2366 1198 2419 utrum-

195 2463 251 2525 qne
267 2445 315 2522 qni
330 2443 491 2503 interiuere
506 2461 582 2502 nunc
597 2461 713 2523 quoque
728 2450 897 2520 memorant,
920 2451 1075 2522 postquam
1089 2443 1198 2503 nullum

159 2526 346 2594 3333313313
361 2527 493 2605 pretium.

261 2610 311 2672 82.
336 2611 431 2670 Altior
454 2609 521 2669 inde
543 2610 727 2689 Vespasiano
749 2609 854 2689 cupido
876 2609 999 2670 adeundi
1022 2627 1135 2670 333333
1153 2630 1197 2670 33

126 2729 128 2733 -
196 2697 271 2773 dem,
287 2704 318 2756 ut
329 2711 419 2773 snper
429 2692 637 2774 rebusrmperrr
652 2693 835 2754 consuleret:
853 2710 947 2753 33333
939 2693 1198 2772 1333133333133

100 2800 102 2808 ’
130 2811 132 2814 ·
195 2779 283 2841 iubet.
310 2787 397 2857 atque
413 2778 564 2854 ingressus
581 2778 765 2858 intentusque
782 2778 885 2837 numini
901 2778 1032 2856 respexit
1046 2795 1123 2857 pone
1138 2787 1197 2838 ter·

195 2882 262 2942 gum
280 2882 296 2922 e
313 2861 486 2940 primoribus
500 2860 713 2941 Aegyptiorum
729 2878 844 2921 nomme
851 2859 1013 2937 Β33ι1ι3133ι,
1030 2878 1117 2940 quem
1129 2879 1196 2940 333

173 2948 243 3010 scol
258 2944 436 3007 Alexandria
461 2944 583 3024 plurium
605 2944 740 3004 dierum
731 2946 835 3006 ttinere
851 2955 881 3005 et
898 2962 988 3023 aegro
1006 2962 1133 3024 corpore
1149 2945 1197 3004 de-

196 3033 280 3092 tineri
299 3029 374 3090 haud
400 3027 562 3106 ignorabat.
591 3037 779 3108 percontatur
799 3027 969 3089 sacerdotes
990 3046 1056 3088 num
1077 3028 1129 3089 illo
1152 3029 1197 3089 die

196 3114 338 3176 Basilides
353 3113 492 3190 templum
513 3113 630 3189 inisset,
652 3121 840 3192 percontatur
861 3111 965 3172 obvios
988 3131 1054 3171 num
1074 3113 1104 3172 in
1125 3112 1198 3172 urbe

196 3203 277 3258 visus
289 3199 342 3268 sit;
358 3195 481 3274 denique
488 3197 584 3271 missis
599 3196 743 3276 equitibus
758 3195 904 3275 explorat,
915 3195 967 3256 illo
982 3197 1122 3276 temporis
1137 3215 1197 3258 mu·

168 3315 171 3322 ,
196 3292 293 3343 mento
311 3281 461 3358 octoginta
478 3279 591 3340 milibus
607 3297 743 3358 passuum
757 3279 882 3341 aluisse:
909 3289 975 3339 tunc
993 3277 1195 3358 (1131333333-

157 3365 269 3426 sociem
283 3374 313 3424 31
327 3365 384 3424 313
398 3365 533 3442 33333331
550 3383 588 3424 ex
602 3365 717 3424 numine
731 3363 865 3426 Basilidis
879 3365 1083 3443 interpretatus
1099 3373 1153 3423 est.

258 3447 307 3510 83.
332 3446 422 3522 Origo
435 3446 483 3506 dei
498 3447 622 3507 nondum
638 3449 745 3508 nostris
760 3447 929 3510 auctoribus
946 3445 1111 3508 celebrata:
1138 3445 1193 3505 rie-
