2596 3872
159 109 223 172 312
421 121 913 188 consuamuscmrsuusnmm

159 277 272 338 facinus
289 275 535 346 consociaturum
558 275 640 351 dein,
664 285 816 355 postquam
832 275 1023 354 urguebatur,
1047 277 1166 337 confes-

134 361 251 422 ssionis
265 359 388 437 gloriam
403 361 565 440 amplexus.
596 361 850 440 interrogatusque
871 378 887 420 a
902 359 1039 438 Nerone,
1060 361 1166 440 quibus

161 444 258 506 causis
278 443 316 504 ad
337 443 514 505 oblivionem
534 446 707 506 sacramenti
730 445 942 523 processisset,
966 445 1103 506 ‘oderam
1116 449 1163 505 te’
1273 431 1289 514 ,l

160 529 267 607 inquit,
291 531 366 588 ‘nec
386 529 535 607 qaisquam
557 528 608 588 tibi
628 527 742 589 lidelior
765 529 883 588 rnilitum
902 529 969 606 luit,
989 529 1055 588 dum
1076 529 1165 590 amari

160 612 299 674 meruisti.
330 611 428 672 odisse
452 615 555 692 coepi,
583 620 736 692 postquam
757 612 901 693 parricida
923 615 1022 675 matris
1039 621 1076 691 et
1092 631 1164 674 uxo-

161 700 218 773 ris,
240 698 342 774 auriga
362 705 393 755 et
413 695 516 758 histrio
540 705 570 756 et
588 696 781 757 incendiarius
807 697 948 758 extitisti?
981 697 1046 775 ipsa
1066 697 1165 757 rettuli

121 781 268 856 *reverba‚
298 782 461 860 quianon,
489 789 520 841 ut
546 780 695 857 Senecae,
723 779 841 857 uolgata
865 789 967 858 erant,
994 799 1050 841 uec
1071 783 1163 840 minus

161 865 245 926 nosci
261 863 386 925 decebat
400 864 530 925 militaris
552 866 606 924 uiri
621 882 724 925 sensus
740 865 901 944 incomptos
918 873 948 925 et
968 864 1090 926 validos.
1122 867 1161 926 ni

144 950 202 1011 'hil
224 951 254 1008 in
284 947 334 1008 illa
361 950 561 1009 coniuratione
586 949 704 1026 gravius
730 949 846 1010 auribus
869 947 995 1009 Neronis
1019 947 1162 1010 accidisse

162 1033 305 1108 constitit,
330 1033 379 1110 qui
401 1041 431 1091 ut
452 1031 593 1092 iaciendis
607 1030 770 1109 sceleribus
787 1041 954 1112 promptus,
976 1035 1015 1094 ita
1031 1031 1165 1093 audiendi

162 1134 236 1196 quse
259 1116 373 1176 laceret
390 1116 520 1176 insolens
541 1125 613 1177 erat.
645 1133 740 1194 poena
759 1115 843 1177 Flavi
864 1118 986 1177 Veianio
1001 1115 1094 1194 Nigro
1114 1117 1163 1188 tri·

125 1201 239 1261 asbuoo
261 1198 421 1260 mandatur.
441 1200 480 1275 ‚is
499 1201 633 1280 proximo
653 1200 682 1260 in
707 1217 779 1278 agro
800 1199 937 1263 scrobem
959 1200 1047 1261 effodi
1069 1201 1163 1276 iussit,

161 1301 246 1365 mam
269 1283 360 1345 visam
381 1283 489 1346 Flavus
510 1293 541 1345 ut
556 1284 693 1346 humilem
708 1293 737 1344 et
752 1293 902 1361 augustam
919 1284 1091 1363 increpans,
1108 1285 1163 1344 cir⁴

161 1367 367 1430 cumstactibus
387 1367 538 1448 militibus,
567 1371 624 1428 ‘ne
643 1368 701 1429 hoc
722 1367 855 1447 quidem'
882 1370 974 1446 inquit
1002 1372 1057 1428 ‘ex
1077 1367 1163 1428 disci·
1225 1403 1232 1416 ·

162 1453 263 1535 plina!
296 1452 516 1534 admonitusque
532 1453 647 1513 lortiter
664 1452 839 1532 protendere
860 1454 1014 1529 cervicem,
1030 1452 1163 1511 ‘utinam’

161 1537 201 1598 ait
222 1541 270 1597 ‘tu
289 1545 347 1598 tarn
366 1537 483 1598 fortiter
503 1537 625 1598 leriasi’
643 1545 673 1596 et
688 1537 737 1596 ille
752 1535 867 1596 multmn
883 1545 1017 1614 tremens,
1035 1554 1098 1596 cum
1113 1537 1163 1598 uir

124 1641 152 1682 so
163 1620 275 1681 dnobus
295 1619 400 1681 ictlbns
416 1629 502 1701 caput
517 1621 736 1700 amputavisset,
758 1621 907 1680 saeuitiam
924 1620 999 1700 apud
1015 1618 1163 1680 Neronem

160 1705 289 1780 iactavit,
306 1704 494 1782 sesquiplaga
509 1705 692 1765 interiectam
706 1723 723 1764 a
738 1723 771 1764 se
786 1703 919 1767 dicendo.

223 1785 273 1849 68.
302 1787 466 1847 Proximum
494 1788 675 1849 constantiae
704 1787 867 1866 exemplum
892 1788 1037 1868 Sulpicius
1065 1787 1165 1866 Asper

161 1870 293 1932 centurio
315 1870 465 1949 praebuit,
482 1872 665 1956 percontanti
680 1871 810 1949 Neroni,
835 1890 887 1932 cur
899 1873 928 1931 in
949 1871 1069 1934 caedem
1083 1889 1165 1930 suam

162 1954 405 2032 conspiravisset,
427 1953 558 2016 breviter
583 1955 767 2034 respondens
793 1972 851 2015 non
875 1955 959 2016 aliter
983 1964 1026 2016 tot
1046 1955 1166 2032 llagitiis

161 2041 224 2098 eius
239 2036 387 2098 subveniri
405 2039 547 2116 potuisse.
579 2048 636 2099 tum
656 2041 762 2100 iussam
779 2055 902 2118 poenam
917 2037 1013 2099 subiit.
1041 2056 1098 2098 nec
1110 2057 1162 2097 ce-

135 2122 217 2182 stari
238 2121 423 2182 centuriones
441 2123 470 2182 in
492 2121 691 2202 perpetiendis
715 2121 867 2200 suppliciis
884 2122 1118 2200 degeneravere:
1134 2129 1166 2181 at

160 2223 220 2266 non
241 2204 352 2266 Faenio
368 2204 445 2266 liufo
462 2226 515 2285 par
531 2208 656 2283 anbnus,
679 2205 732 2266 sed
752 2205 972 2266 lamentationes
987 2222 1055 2266 suas
1076 2206 1164 2272 etiarn

160 2291 189 2350 in
205 2297 405 2350 testamentum
420 2290 550 2350 contulit.

222 2373 438 2452 Opperiebatur
457 2373 554 2450 Nero,
580 2375 767 2435 ut'Vcstiuus
791 2390 907 2453 quoque
931 2373 1033 2434 consul
1055 2373 1083 2432 in
1107 2373 1162 2432 cri-

159 2476 225 2518 men
248 2456 455 2535 attraheretur,
479 2458 637 2536 violentum
657 2466 687 2517 et
700 2457 842 2517 infensum
856 2467 949 2518 ratus:
970 2455 1023 2521 sed
1040 2473 1078 2516 er
1093 2471 1166 2515 con-

124 2554 152 2596 rc
160 2542 260 2602 iuratis
279 2542 400 2602 consilia
417 2560 481 2602 cum
497 2542 621 2604 Vestino
637 2558 695 2600 non
709 2542 892 2620 miscuerant,
910 2540 1024 2620 quidam
1040 2541 1166 2600 vetustis

158 2628 188 2686 in
204 2643 269 2684 eum
283 2625 484 2704 simultatibus,
502 2627 611 2706 plures,
630 2627 697 2704 quia
712 2626 902 2704 praecipitem
919 2633 947 2686 et
961 2624 1166 2686 insociabilem

160 2709 329 2770 credebaut.
360 2719 489 2770 ceterum
503 2709 613 2771 Neroni
631 2708 726 2768 odium
744 2709 885 2771 adversus
900 2710 1051 2770 Vestinum
1067 2726 1105 2768 er
1120 2708 1163 2767 ia·

139 2792 226 2854 'tima
242 2792 394 2854 sodalitate
410 2802 568 2870 coeperat,
585 2793 650 2852 dum
667 2793 714 2853 hic
732 2794 875 2871 ignaviam
892 2794 1032 2872 principis
1047 2793 1165 2872 penitus

160 2877 307 2954 cognitam
323 2876 458 2956 despicit,
476 2876 526 2936 ille
542 2878 682 2936 ferociam
699 2878 783 2938 amici
797 2879 913 2954 metuit,
933 2894 1025 2955 saepe
1047 2877 1163 2954 asperis

120 2959 274 3020 asiacetiis
287 2961 408 3038 inlusus,
425 2979 500 3040 quae
518 2959 565 3020 ubi
582 2959 699 3020 multum
717 2965 758 3020 ex'
769 2978 841 3021 uero
856 2970 984 3037 traxere,
1005 2977 1102 3020 acrem
1115 2959 1162 3018 sui

158 3045 329 3104 memoriam
344 3044 517 3123 relinquunt.
548 3050 717 3104 accesserat
730 3061 838 3123 repens
854 3062 952 3121 causa,
971 3042 1049 3120 quod
1064 3043 1162 3104 Vesti-

158 3145 213 3188 nus
231 3129 371 3188 Statiliam
384 3127 568 3190 Messalinam
582 3128 762 3188 matrimcnio
779 3125 834 3187 sibi
847 3128 995 3204 iunxerat,
1007 3126 1094 3207 ‚hand
1112 3145 1163 3186 ue·

158 3211 239 3272 scius
253 3213 328 3273 inter
342 3211 491 3273 adulteros
508 3213 571 3271 eius
586 3221 615 3272 et
632 3208 788 3272 Gaesarem
803 3229 881 3272 csse.

223 3295 273 3358 69.
295 3295 385 3372 lgitur
406 3313 464 3356 non
484 3294 617 3374 crimine,
640 3312 698 3355 non
714 3304 885 3357 accusatore
902 3295 1074 3373 exsistente,
1093 3295 1164 3374 quis

41 3396 45 3402 ·
156 3379 291 3454 speciem
312 3377 415 3439 iudicis
440 3379 558 3440 induere
585 3397 642 3440 non
666 3385 795 3461 poterat,
818 3379 854 3441 ad
877 3381 934 3441 vim
955 3378 1164 3443 dominationis
