2568 3870
198 173 257 236 1¹8
412 183 576 234 conueeu
594 184 712 232 urerer
730 183 971 247 ursromsnuu

196 351 276 402 retro
297 340 411 401 ioruma
435 339 587 414 emisset,
609 356 684 418 quse
705 337 853 400 Flauianis
881 338 1003 401 duellius
1029 355 1087 398 non
1106 339 1196 400 miurus

160 449 187 493 rs
195 443 287 504 saepe
301 441 386 505 quen
400 425 474 484 ratie
491 421 592 483 adluit.
621 423 740 484 edvium
760 422 821 483 illie
835 421 967 484 Minor
985 421 1133 484 Cerialem
1149 421 1193 484 lue·

194 509 303 586 mere,
319 510 429 586 agresti
440 506 523 568 onitu
540 516 570 567 et
581 507 686 568 oridia
702 505 834 567 looorunr
848 507 995 568 eustodies
1010 505 1123 568 Vitellii
1141 507 1198 568 ela·
1261 571 1262 576 γ

194 611 287 673 psum.
313 593 479 672 propinqua
496 589 629 651 adlinitur
641 589 750 652 Ceriali
768 607 831 650 euru
846 590 1046 670 Vespasiano,
1061 607 1118 650 neo
1134 593 1198 669 ipse

151 725 156 742 ,
192 677 335 754 inglorias
356 675 491 753 militiae,
510 691 605 774 eoque
624 676 699 735 inter
719 672 814 774 dones
827 672 995 773 adsurptus
1011 682 1066 734 est
1087 673 1199 773 ‘Flavio

159 758 442 914 „iiilltilit
455 777 499 904 :i
514 757 833 944 irritarint
854 757 1095 941 l‘lirlulll
1111 757 1202 940 lili
1261 841 1263 902 r

193 925 1201 1074 elililrltirttlitlllrliittttrilitii:

193 1099 272 1157 tiarm
291 1094 393 1157 aderat
414 1096 539 1171 animus,
564 1095 617 1155 sed
637 1093 777 1156 custodes
797 1113 814 1154 a
836 1093 958 1157 Vitellio
979 1093 1086 1170 additi,
1101 1111 1200 1174 qnam·
1263 1107 1264 1158 ἒ

194 1197 280 1259 quam
309 1196 343 1239 se
372 1180 472 1240 seeies
498 1178 587 1258 iuges
615 1180 831 1258 promitterent,
856 1188 1000 1259 umquam
1029 1177 1201 1240 insidiantes

157 1263 376 1331 retinebantur.
411 1271 497 1343 utque
518 1265 583 1344 ipse
598 1262 892 1343 vimllruuruspeure
907 1279 1023 1324 saeuum
1037 1265 1199 1324 neeessitu-
1264 1261 1265 1340 l

195 1349 290 1409 diuum
307 1346 378 1408 nilril
392 1347 422 1408 in
436 1347 629 1410 Domitianam
645 1356 731 1409 atrox
746 1347 877 1427 parebat.
1264 1351 1265 1364 ³

257 1435 309 1496 60.
330 1431 430 1494 Dones
453 1434 575 1512 partium
599 1441 630 1493 nt
652 1430 790 1494 narseus
809 1449 937 1509 uenere,
964 1449 1075 1510 puuoos
1097 1431 1135 1491 ad
1153 1450 1197 1492 re·

193 1518 290 1597 quiem
306 1516 370 1578 dies
390 1527 521 1596 sumunt,
544 1517 639 1578 donee
659 1515 934 1598 aquileesigneque
949 1515 1099 1594 legionum
1114 1515 1189 1576 adse·

192 1610 359 1680 querentur.
379 1600 1196 1682 etloeusipseeastrornmplneelrnt,leteprospeotans,
1265 1596 1266 1680 l

188 1695 254 1746 tuto
269 1685 560 1766 eopiurumadgestu,
577 1686 790 1747 florentissimis
802 1701 881 1764 pone
892 1693 1006 1763 tergum
1019 1685 1197 1763 munieipiis;
1265 1695 1266 1732 ³

170 1768 277 1829 ssimnl
294 1769 449 1848 eonloquia
469 1787 533 1831 onnr
549 1769 714 1832 Vitellianis
730 1769 833 1830 deeem
851 1768 959 1830 millum
975 1770 1071 1848 spatio
1090 1767 1198 1828 disten

191 1852 269 1912 tibus
281 1862 312 1912 et
325 1852 449 1932 proditio
462 1854 644 1934 sperabatur.
671 1871 762 1933 aegre
777 1853 812 1914 id
820 1855 880 1933 pati
890 1853 984 1931 miles,
1002 1862 1032 1913 et
1045 1852 1198 1912 deteriem

191 1936 278 1997 malle
294 1953 379 2016 quan
394 1954 515 2017 peneum
539 1957 659 2000 nesure
676 1937 791 2018 quidem
804 1937 941 2015 legiones
956 1935 1197 2018 opperiebantur,

191 2031 222 2081 ut
237 2021 365 2100 praedae
381 2039 466 2103 quam
480 2022 676 2103 periculorum
694 2022 801 2083 seoias.
836 2031 959 2092 voeatos
975 2021 1012 2082 ad
1030 2022 1197 2082 contionem

189 2107 334 2166 Antonius
349 2107 450 2168 doeuit
464 2124 533 2169 esse
546 2107 640 2168 adhue
654 2106 774 2169 Vitellio
790 2107 885 2183 sires,
901 2105 1067 2184 ambiguas,
1081 2107 1109 2164 si
1124 2104 1197 2165 deli·

157 2212 184 2257 1e
192 2187 345 2269 herareut,
368 2208 468 2270 seres,
494 2193 520 2252 si
541 2191 758 2271 desperassent.
800 2189 880 2251 initia
906 2187 1051 2252 bellorum
1071 2188 1197 2250 uirilium
1265 2189 1267 2234 i

190 2274 326 2334 iortunae
343 2274 550 2355 permittenda:
577 2275 728 2336 vietoriam
751 2273 881 2335 eonsiliis
902 2283 932 2334 et
952 2275 1066 2335 ratione
1083 2273 1197 2354 periei.

191 2358 248 2418 iam
266 2356 462 2418 Misenensem
485 2358 611 2419 elassem
626 2367 659 2418 et
678 2357 901 2437 pulcherrimum
918 2357 1092 2438 Campaniae
1115 2373 1198 2418 oram

191 2440 370 2519 deseivisse,
391 2459 448 2502 nee
467 2441 534 2520 plus
555 2451 649 2505 etoto
667 2450 808 2504 termnum
828 2441 901 2503 orlre
914 2443 1059 2521 reliquum
1074 2441 1196 2504 Vitellio

190 2524 363 2606 quamqned
377 2527 453 2586 luter
462 2525 646 2588 Tarracinam
655 2525 851 2606 Narniamque
862 2527 968 2588 ineest.
995 2529 1066 2589 satis
1081 2525 1197 2603 gloriae

156 2609 307 2691 „proelio
323 2607 513 2672 Cremonensi
533 2619 660 2690 partum,
683 2619 713 2671 et
731 2611 821 2672 exitio
838 2608 1001 2672 Cremonae
1023 2611 1139 2670 nimium
1154 2612 1194 2670 in·

189 2693 301 2755 vidiae:
322 2713 360 2756 ne
384 2697 628 2775 eonoupiseereut
643 2695 765 2756 lionrnm
786 2712 896 2775 oepere
919 2697 1118 2775 potiusquam
1132 2713 1194 2756 ser·

189 2795 270 2838 vare.
297 2779 408 2839 maiore
423 2778 482 2839 illis
496 2778 641 2858 praemia,
660 2787 690 2840 et
704 2779 795 2841 molto
815 2779 967 2841 maximum
988 2779 1097 2857 deous,
1113 2781 1138 2840 si
1153 2783 1195 2839 in-

189 2860 386 2922 eolumitntern
401 2863 516 2923 senatui
536 2862 708 2942 populoque
722 2862 854 2924 Romano
868 2864 932 2924 sine
950 2866 1091 2942 sunguine
1107 2882 1194 2943 quae-

191 2944 308 3006 sissent.
340 2945 385 3006 his
400 2945 556 3008 rotalibus
573 2945 695 3024 mitigati
711 2947 806 3008 animi.
823 2985 826 2990 ,

252 3029 304 3092 61.
326 3028 391 3090 Nee
405 3029 496 3090 molto
515 3039 582 3110 post
598 3029 734 3108 legiones
749 3049 868 3092 venere.
884 3041 914 3092 et
929 3042 1045 3095 terrere
1060 3034 1196 3112 ianuaque

187 3113 266 3174 aneti
281 3116 429 3174 exereitus
439 3114 615 3176 Vitellianae
628 3114 767 3178 eohortes
781 3114 934 3194 nutabant,
950 3118 1030 3179 nulle
1045 3118 1074 3178 in
1085 3116 1195 3178 lrellum

187 3196 378 3275 ¹udlrertaute,
400 3197 498 3259 multis
520 3198 556 3260 ud
576 3200 791 3277 transitionem,
812 3202 861 3280 qui
882 3217 951 3271 suns
974 3202 1120 3263 eeutnries
1134 3211 1193 3262 tur·

188 3297 308 3359 musque
323 3281 455 3360 tradere,
481 3281 587 3344 donum
608 3284 714 3344 vietori
731 3294 760 3345 et
773 3284 830 3344 sibi
846 3286 874 3345 in
890 3295 1040 3365 posterum
1059 3287 1193 3365 gratam,

168 3363 352 3425 soertabaut.
369 3383 423 3444 per
438 3382 491 3426 ees
503 3369 651 3446 cognitum
666 3378 712 3428 est
725 3367 916 3431 Interamnam
927 3372 1067 3451 proximis
1082 3372 1194 3450 eampis

190 3447 337 3522 praesidio
352 3447 627 3528 quadringentorum
646 3452 773 3532 equitum
792 3455 895 3515 teneri.
923 3455 1029 3516 missum
1045 3455 1193 3535 extemplo
