2596 3872
428 143 534 192 nunnn
548 144 607 194 xv.
630 144 705 193 cnr.
727 142 849 198 er—et.
1083 133 1148 196 tet

208 300 258 362 35.
280 299 352 361 Eius
372 316 473 359 munus
490 299 683 377 frequentanti
697 299 806 362 Neroni
826 320 862 362 ue
885 302 960 363 inter
980 301 1149 380 voluptates

143 383 300 465 quideme
322 381 485 444 sceleribus
505 383 684 444 cessabatur.
719 383 810 446 isdem
832 382 942 465 quippe
963 385 1021 446 illis
1044 384 1151 446 diebus

143 469 310 548 Torquatus
324 467 444 528 Silanus
459 469 533 527 mori
550 466 690 545 adigitur,
716 470 782 548 quir
802 488 891 549 super
905 469 1003 530 laniae
1020 469 1148 530 familiae

145 551 344 614 claritudinem
357 550 460 612 'diuum
478 550 640 629 Augustum
660 551 782 613 abavum
805 552 929 616 ferebat.
970 555 1041 614 iussi
1061 571 1145 615 acerr-

145 644 261 699 satoree
281 635 401 696 obicere
424 633 578 714 prodigum
596 635 813 717 largitionibus,
839 656 945 718 neque·
958 637 1042 700 aliam
1064 654 1178 716 spame

143 737 231 800 qnam
243 721 272 780 in
281 720 370 779 rebus
379 721 462 780 novis
472 739 550 780 esse.
569 721 709 799 quiuenm
721 720 1060 797 interlibertoslraberq,
1072 738 1147 801 quos

142 803 181 866 ab
197 803 329 882 epistulis
344 810 374 863 et
387 799 496 862 libellis
507 810 538 863 et
551 800 712 882 rationibus
731 803 873 883 appellet,
890 805 1005 866 nomina
1020 822 1148 866 summae

144 906 235 950 curae
255 896 286 947 et
298 886 509 948 meditamenta.
538 894 596 946 tum
610 887 723 948 intimus
735 890 857 968 quisque
877 887 1048 950 libertorum
1059 889 1149 948 vineti

142 971 329 1051 abreptique.
362 980 391 1030 et
404 989 467 1032 cum
479 968 620 1031 damnatio
633 972 763 1050 instaret,
779 971 962 1035 braobiorrnn
973 990 1064 1035 venas
1075 971 1150 1034 uor-

144 1065 249 1136 qaatus
267 1053 435 1116 interscidit.
470 1063 627 1134 secutaque
641 1053 767 1116 Neronis
782 1057 875 1118 oratio
892 1073 930 1116 ex
940 1074 1033 1135 more,
1050 1073 1146 1135 quam·
1157 1073 1184 1115 aa

143 1141 191 1200 vis
200 1149 315 1201 sontem
328 1148 357 1200 et
369 1139 531 1200 defensioni
543 1141 645 1200 merito
655 1138 778 1204 diffisum
790 1141 930 1202 victurum
940 1140 1146 1218 tameninisse,

143 1225 171 1286 si
188 1223 369 1285 elementiam
383 1222 485 1284 iudicis
500 1231 712 1302 exspectasset.

210 1309 261 1370 36.
284 1308 348 1368 Nec
361 1306 451 1368 multo
468 1314 552 1385 post,
571 1309 677 1368 omissa
691 1310 720 1368 in
737 1326 877 1388 praesens
892 1308 1004 1370 Achaia
1024 1311 1148 1389 (causae

147 1395 176 1453 ln
189 1393 302 1453 incerto
317 1390 417 1469 fuere)
434 1389 534 1452 urbem
550 1391 668 1468 reuisit,
686 1395 853 1472 provincias
867 1393 1002 1470 orientis,
1024 1393 1150 1455 maxime

147 1478 331 1556 Aegyptum,
354 1475 479 1536 secretis
499 1474 749 1551 imaginationibus
770 1479 891 1554 agitans.
928 1475 1032 1538 debinc
1050 1476 1147 1536 edicto

146 1561 318 1622 testificatus
332 1577 391 1620 non
405 1558 523 1638 longam
540 1560 583 1618 sui
600 1557 757 1622 absentiam
773 1570 803 1622 et
821 1569 924 1623 cuneta
938 1562 968 1621 in
982 1579 1015 1621 re
1030 1559 1147 1640 publica

144 1644 269 1726 perinde
282 1647 399 1707 immota
415 1661 451 1704 ac
466 1660 610 1724 prospera
623 1643 704 1724 iore,
724 1662 864 1724 superea
879 1644 1064 1724 profectione
1079 1641 1174 1704 adiitr

145 1728 330 1808 Capitolium.
357 1728 418 1788 illic
439 1736 593 1788 veneratus
614 1727 704 1806 deos,
726 1747 790 1790 cum
807 1730 916 1791 Vestae
938 1746 1054 1809 qnoque
1077 1736 1147 1788 tem·

145 1813 225 1894 plum
242 1813 354 1890 inisset,
369 1820 493 1890 repente
510 1821 630 1873 cunctos
645 1830 699 1892 per
712 1824 790 1874 artus
804 1821 947 1889 tremens,
965 1831 1017 1874 seu
1034 1811 1149 1872 numine

145 1906 331 1973 exterrente,
348 1914 401 1956 seu
414 1895 576 1956 facinorum
590 1895 796 1959 recordatione
815 1914 965 1976 numquam
980 1897 1084 1970 timore
1099 1913 1147 1956 va-

147 1999 234 2058 cuus,
259 1980 388 2040 deseruit
405 1980 567 2060 inceptum,
591 1990 709 2059 cunctas
733 1980 788 2041 sibi
809 1999 893 2044 curas
915 1998 1016 2043 amore
1038 1981 1148 2059 patriae

146 2066 276 2126 leuiores
291 2063 433 2124 dictitans.
464 2062 573 2124 uidisse
587 2074 715 2128 maestos
731 2066 834 2126 ciuium
849 2065 961 2142 vultus,
981 2063 1080 2125 audire
1102 2081 1146 2124 se·
1156 2062 1181 2116 'tt

147 2157 242 2210 eretas
255 2147 461 2226 querimonias,
477 2146 555 2227 quod
569 2155 676 2208 tantum
687 2148 806 2210 itineris
817 2148 943 2211 aditurus
955 2156 1045 2226 esset,
1068 2149 1150 2208 onius

145 2251 183 2292 ne
197 2231 329 2292 modicos
347 2230 462 2311 quidem
479 2248 618 2309 egressus
634 2231 810 2310 tolerarent,
832 2233 906 2293 sueti
920 2231 1073 2292 adversum
1088 2232 1148 2292 ior·

145 2316 217 2377 tuita
233 2323 355 2395 aspectu
370 2313 509 2395 principis
523 2315 664 2376 refoveri.
700 2334 773 2394 ergo
789 2325 818 2377 ut
837 2317 866 2376 in
881 2316 1001 2395 privatis
1019 2315 1148 2376 necessi

147 2401 296 2463 tudinibus
309 2401 442 2482 proxima
455 2401 580 2479 pignora
593 2399 808 2479 praevalerent,
821 2402 862 2462 ita
875 2403 960 2478 apud
970 2399 1147 2478 sepopulum

145 2483 308 2548 Romanum
321 2486 378 2546 uim
393 2484 543 2564 plurimam
553 2483 663 2546 babere
676 2484 892 2564 parendumque
905 2485 1055 2546 retinenti.
1073 2483 1178 2546 baeora

147 2578 238 2649 atque
254 2570 321 2630 talia
331 2568 410 2647 plebi
423 2567 550 2628 volentia
564 2571 659 2644 inere,
674 2569 858 2646 voluptatum
869 2565 1002 2647 cupidine
1016 2577 1057 2644 et,
1072 2587 1148 2646 quae

145 2657 307 2738 praecipua
330 2673 399 2717 eura
418 2664 477 2731 est,
503 2654 547 2716 rei
565 2654 769 2719 frumentariae
793 2657 956 2734 angustiae,
981 2657 1006 2716 si
1021 2654 1152 2734 abesset,

143 2740 292 2804 metuenti.
323 2748 442 2801 senatus
464 2746 495 2798 et
518 2740 662 2819 primores
684 2741 713 2800 in
733 2742 846 2800 incerto
868 2749 965 2817 erant,
991 2740 1093 2820 procul
1114 2758 1152 2800 arr

145 2843 245 2887 eoram
263 2826 393 2886 atrocior
407 2821 580 2885 baberetur:
597 2821 719 2901 debinc,
738 2843 812 2903 quae
826 2834 927 2888 natura
939 2825 1052 2903 magnis
1069 2825 1151 2884 timo-

141 2909 236 2985 ribus,
252 2908 379 2971 deterius
395 2905 553 2968 credebant
569 2906 647 2987 quod
662 2917 810 2968 evenerat.
1158 2927 1186 2966 rr

209 2995 260 3056 37.
281 2991 349 3072 lpse
367 3008 425 3070 quo
443 2989 528 3050 fidem
542 2991 709 3071 adquireret
729 2991 799 3052 nibil
821 3009 939 3071 usquam
955 2991 1076 3072 perinde
1090 2991 1148 3054 lae

142 3089 203 3140 mm
223 3077 293 3154 sibi,
318 3074 442 3156 publicis
464 3074 539 3134 locis
560 3083 674 3136 struere
692 3075 825 3137 convivia
841 3083 960 3154 totaque
979 3074 1051 3137 urbe
1066 3077 1149 3154 qnasi

141 3162 231 3224 domo
247 3162 297 3222 nti.
330 3167 359 3220 et
375 3156 586 3220 celeberrimae
605 3158 674 3219 luxu
690 3159 825 3239 famaque
841 3158 946 3238 epulae
961 3160 1061 3236 fuere,
1077 3177 1149 3239 qnae

141 3263 162 3308 a
177 3244 324 3321 Tigellino
339 3250 455 3322 paratas
469 3251 500 3302 ut
514 3242 679 3322 exemplum
694 3243 836 3320 referam,
859 3261 896 3303 ne
912 3243 1148 3322 saepiuattadem

143 3327 329 3408 prodigentia
349 3324 490 3391 narranda
509 3327 555 3386 sit.
593 3327 681 3404 igitur
700 3327 730 3387 in
754 3337 858 3404 stagno
881 3326 1037 3405 Agrippae
1057 3325 1175 3386 fabri-a

143 3421 227 3475 estus
241 3422 286 3473 est
300 3421 406 3490 ratem,
427 3410 473 3472 cui
492 3412 707 3493 superpositum
724 3410 886 3472 convivium
900 3409 1013 3470 navium
1027 3408 1150 3470 aliarum
