2596 3872
182 99 244 164 292
422 108 587 159 connunn
605 108 724 160 nscrrr
739 109 923 160 annuarum

146 269 278 348 otiaque
295 266 426 341 liomana
441 265 587 345 capiamus
600 264 766 344 consilium,
782 282 840 345 quo
858 265 967 328 tutelae
981 267 1124 328 sociorum
1138 263 1178 326 ni·
1267 323 1268 332 2

181 352 222 414 bil
238 351 407 430 derogetur,
422 348 508 410 nobis
523 349 621 429 opinio
637 349 771 428 decedat,
787 349 881 429 qualis
897 351 1019 432 quisque
1032 350 1177 428 habeatur,

181 436 250 499 alibi
264 454 350 518 quam
362 437 391 495 in
407 435 509 496 ciuium
524 433 629 494 iudicio
645 452 723 496 esse.

243 521 293 582 21.
317 518 390 581 Olim
404 517 521 599 quidem
534 536 593 580 non
614 518 701 581 modo
724 526 844 598 praetor
865 527 913 582 ant
929 519 1031 582 consul
1053 517 1105 578 sed
1124 517 1179 598 pri·

181 605 240 667 ruti
257 605 343 667 etiam
361 604 564 682 mittebantur,
592 605 641 682 qui
665 603 833 684 prouincias
853 603 982 665 viserent
1003 613 1033 666 et
1054 600 1123 684 quid
1145 601 1180 661 dc

181 691 320 769 cuiusque
336 687 479 769 obsequio
491 687 639 749 rideretur
652 688 806 767 referrent,
821 687 1064 768 trepidabantque
1078 695 1181 766 gentes

180 774 217 837 de
231 774 431 836 aestimatione
446 771 642 852 singulorum:
656 781 686 834 at
700 790 779 833 nnnc
789 772 910 834 colimus
922 781 1063 834 externos
1076 780 1105 832 et
1117 769 1180 831 adu·

155 858 287 936 alamur,
310 867 339 920 et
352 875 411 939 quo
428 856 516 919 modo
532 855 569 919 ad
585 865 681 918 nutum
695 855 818 920 alicuius
832 865 948 937 grates,
969 857 1009 918 ita
1023 856 1180 938 promptius

180 943 327 1005 accusatio
344 941 520 1005 decernitur.
547 939 777 1020 decernaturque
791 950 820 1002 et
831 950 946 1004 maneat
957 939 1182 1021 prouincialibus

57 1054 60 1058 ·
179 1026 391 1103 corpolentiam
398 1043 477 1084 suam
490 1025 819 1087 talimodoostcntandi:
839 1026 892 1088 sed
907 1025 971 1086 laus
985 1025 1060 1088 falsa
1075 1034 1105 1086 et
1119 1041 1181 1104 pre·

180 1108 261 1171 cibus
284 1126 427 1190 expressa
448 1108 569 1188 perinde
591 1107 761 1169 cohibentur
781 1127 865 1190 quam
881 1111 1001 1189 malitia,
1018 1127 1104 1190 mam
1122 1125 1181 1168 cru·

179 1193 294 1256 delitas.
318 1193 402 1275 plura
422 1211 514 1272 saepe
538 1202 710 1272 peccantur,
737 1193 803 1254 dum
824 1193 1005 1256 demeremur
1020 1212 1106 1275 qnam
1121 1191 1181 1253 dum

145 1277 360 1340 contendimus.
392 1277 533 1359 quaedam
547 1278 631 1338 immo
645 1278 767 1340 virtutes
783 1277 850 1340 odio
866 1287 947 1357 sunt,
970 1278 1117 1340 seueritas
1133 1274 1182 1337 ob·
1267 1279 1268 1282 ’

179 1364 298 1441 stinata,
321 1363 446 1424 invictus
467 1361 621 1424 adversum
642 1362 765 1441 gratiam
788 1364 908 1424 animus.
937 1363 1005 1424 inde
1026 1363 1107 1424 initia
1127 1377 1183 1421 mu·

179 1448 354 1526 gistratuum·
371 1456 536 1509 noororum
548 1447 670 1508 meliora
686 1447 784 1508 ferme·
797 1456 826 1508 et
841 1446 906 1508 linis
919 1447 1056 1526 inclinat,
1076 1446 1141 1508 dum
1156 1445 1184 1504 in

178 1529 292 1594 modum
308 1530 524 1594 candidatorum
539 1531 678 1610 suffragia
693 1531 903 1612 conquirimus;
927 1549 1002 1612 quae
1024 1533 1049 1594 si
1067 1547 1183 1594 arcean-

178 1625 242 1695 tur,
261 1615 440 1696 aequabilius
458 1625 544 1695 atque
565 1615 741 1678 constantius
758 1615 928 1694 provinciae
941 1625 1092 1694 regentur.
1122 1629 1185 1674 nam

143 1709 207 1760 aaut
226 1709 304 1762 metu
324 1698 549 1781 repetundarum
564 1699 686 1760 infracta
701 1701 819 1762 avaritia
834 1707 894 1779 est,
914 1701 954 1762 ita
974 1702 1065 1762 vetita
1079 1699 1184 1778 gratia·

146 1782 148 1786 ’
177 1802 241 1844 rum
255 1783 371 1846 actione
386 1782 503 1845 ambitio
515 1779 722 1846 cohibebitur.’

240 1867 291 1928 22.
311 1867 420 1946 blagno
437 1867 560 1929 adsensu
577 1866 725 1929 celebrata
740 1868 900 1946 sententia,
916 1884 974 1928 non
990 1876 1090 1946 tamen-
1103 1882 1185 1928 sena·

179 1960 224 2012 tus
241 1950 403 2013 consultum
421 1952 522 2032 perlici
539 1952 641 2031 potuit,
658 1950 848 2013 abnuentibus
866 1950 1036 2014 consulibus
1051 1971 1086 2014 ea
1102 1950 1140 2013 de
1154 1966 1186 2011 re

177 2035 310 2096 relatum.
339 2052 407 2097 mox
421 2044 541 2097 auctore
557 2035 689 2115 principe
705 2053 839 2114 sanxere,
856 2053 894 2097 ne
905 2035 970 2116 quis
981 2035 1018 2098 ad
1030 2035 1186 2098 concilium

178 2119 324 2180 sociorum
336 2118 682 2200 reierretugendasapud
692 2127 883 2201 senatumpro
892 2119 1081 2199 praetoribus
1092 2134 1185 2201 prore

152 2202 348 2265 sconsulibus
364 2211 473 2282 grates,
491 2221 548 2264 neu
563 2205 627 2282 quis
643 2221 677 2264 ea
692 2203 843 2281 legatione
858 2203 1041 2282 iungeretur.

237 2288 332 2349 ladem
356 2286 524 2348 consulibus
544 2287 724 2365 gymnasium
746 2287 806 2349 ictu
827 2286 953 2349 fulminis
978 2287 1185 2368 conflagravit,
1267 2323 1268 2330 κ

177 2372 352 2452 effigiesque
364 2372 392 2432 in
409 2388 446 2431 eo
460 2369 587 2432 Neronis
605 2370 641 2432 ad
655 2371 778 2433 informe
794 2389 845 2434 aes
862 2371 1031 2453 liquefacta.
1067 2381 1098 2435 et
1108 2379 1187 2434 motu

177 2466 274 2518 terrae
296 2454 417 2518 celebre
432 2453 608 2536 campaniae
629 2454 766 2535 oppidum
781 2455 900 2535 Pompei
921 2474 1028 2535 magna
1050 2475 1090 2518 ex
1104 2463 1187 2539 parte
1267 2461 1268 2488 ¹

178 2541 298 2621 proruit.
330 2539 526 2619 defunctaque
545 2540 632 2617 virgo
653 2539 783 2601 Vestalis
805 2539 920 2619 Laelia,
942 2540 971 2601 in
991 2542 1077 2604 cuius
1091 2541 1186 2603 locum
1267 2601 1268 2624 ζ

144 2645 168 2688 ro
179 2622 316 2686 Cornelia
333 2642 370 2684 ex
389 2622 496 2684 familia
511 2622 672 2685 Cossorum
688 2632 772 2702 capta
788 2633 842 2684 est.

240 2707 291 2770 23.
317 2707 451 2770 blemmic
467 2706 585 2786 Regulo
604 2716 634 2768 et
648 2707 790 2785 Verginio
805 2708 882 2770 Rufo
901 2708 1073 2771 consulibus
1093 2714 1187 2770 natam
1267 2699 1268 2702 ’

176 2791 232 2854 sibi
256 2812 294 2854 ex
316 2791 455 2873 Poppaea
471 2790 559 2853 liliam
578 2790 660 2854 Nero
680 2791 755 2852 ultra
771 2791 896 2856 mortale
910 2792 1049 2872 gaudium
1072 2791 1187 2870 accepit

175 2875 393 2957 appellavitque
413 2874 591 2956 Augustam,
625 2876 692 2938 dato
714 2885 744 2937 et
764 2876 921 2958 Poppaeae
945 2876 1052 2940 eodem
1076 2891 1185 2956 cogno·

174 2969 282 3023 mento.
313 2961 398 3022 locus
414 2961 573 3040 puerperio
591 2959 707 3023 colonia
722 2959 840 3023 Antium
854 2961 922 3041 init,
944 2960 992 3022 ubi
1010 2960 1079 3043 ipse
1097 2976 1183 3041 gene·
1267 2989 1268 2994 κ

150 3053 254 3116 aratus
281 3053 352 3107 erat.
392 3045 447 3105 iarn
475 3053 592 3106 senatus
613 3053 725 3106 uterum
747 3044 906 3127 Poppaeae
930 3043 1187 3110 commendauerat
1267 3101 1268 3116 ,

177 3130 221 3191 dis
237 3138 365 3209 votaque
380 3128 498 3208 publice
517 3137 706 3208 susceperat,
722 3116 804 3209 ‘qnae
822 3128 1014 3210 multiplicata
1038 3129 1185 3192 exsoluta·

176 3232 242 3294 que.
274 3223 303 3276 et
329 3213 444 3276 additae
471 3213 702 3293 supplicationes
729 3213 925 3295 templumque
946 3211 1133 3278 Fecunditati
1159 3218 1189 3272 et

177 3305 323 3361 certamen
344 3299 380 3361 ad
401 3296 553 3378 exemplar
573 3297 715 3362 Actiacae
737 3297 890 3379 religionis
906 3298 1076 3380 decretum,
1098 3305 1187 3384 utque

176 3378 363 3445 Fortunarum
379 3381 496 3463 efigies
511 3400 619 3447 aureae
637 3383 667 3446 in
687 3381 765 3448 solio
782 3381 940 3470 capitolini
953 3381 1036 3448 lovis
1050 3383 1189 3446 locaren·
1267 3435 1268 3480 3
