2568 3870
426 159 531 208 ursus
545 159 596 208 111.
620 159 693 208 cur.
710 159 831 214 :tr-47.
1067 154 1122 216 111

125 316 195 388 lites
215 334 232 377 a
249 314 370 376 Vitellio
393 314 528 394 prouecti
551 324 703 393 expertum
719 318 773 377 iam
792 318 952 398 principem
974 321 1050 380 anxii
1066 339 1125 381 mn·

127 401 235 462 tabant.

74 479 76 483 ’
189 485 240 546 45.
262 481 305 542 lla
328 481 472 541 discordia
486 490 523 554 ,et
545 481 659 542 crebris
680 483 752 543 belli
775 484 869 545 civilis
886 486 1048 546 rumoribus
1062 487 1124 546 Bri·
1179 491 1185 501 '

127 569 204 629 tauni
233 564 378 625 sustulere
401 564 512 624 animos
534 574 655 625 auctore
671 568 816 643 Venutio,
840 571 888 647 qui
909 587 999 648 super
1013 573 1126 631 insitam

126 652 266 714 ferociam
282 657 312 706 et
325 648 447 706 Romani
460 649 581 707 nominis
596 651 691 709 odium
707 653 835 729 propriis
851 653 879 711 iu
895 653 1125 715 Cartimanduam

126 736 256 810 reginam
271 728 394 789 stimulis
412 729 637 792 accendebatur.
660 730 862 795 Cartimandua
874 735 1059 812 Brigantibus
1074 739 1124 798 im·

125 815 282 896 peritabat,
298 812 414 891 pollens
430 812 595 884 nobilitate;
612 824 642 875 et
655 826 775 877 auxerat
786 821 954 897 potentiam,
970 829 1124 899 postquam
1137 838 1150 878 ι

125 907 213 978 capto
229 916 283 977 per
301 896 397 957 dolum
414 914 487 974 rege
504 895 647 959 Carataco
664 901 837 962 instruxisse
851 903 1023 982 triumphum
1040 903 1125 965 Clan-

125 984 164 1044 dii
190 980 326 1042 Caesaris
353 979 515 1041 videbatur.
563 982 630 1041 inde
656 1001 730 1063 opes
749 994 787 1044 et
812 1003 909 1046 rerum
933 987 1126 1048 secundarum

126 1067 226 1126 luxus:
241 1075 342 1143 spreto
354 1065 481 1126 Venutio
495 1065 534 1143 (is
550 1066 602 1127 luit
615 1067 748 1146 maritus)
764 1069 937 1146 armigerum
949 1073 1011 1131 eius
1024 1071 1125 1132 Vello-

1 1130 3 1164 ⁸
49 1173 51 1176 ·
128 1158 222 1221 catum
242 1151 271 1208 iu
291 1149 502 1209 matrimonium
517 1167 697 1228 regnumque
712 1153 839 1230 accepit.
872 1171 1015 1214 concussa
1030 1157 1126 1217 statim

127 1235 237 1312 llagitio
253 1233 369 1304 domus:
384 1233 551 1311 promerito
565 1233 658 1294 studia
671 1237 805 1312 civitatis,
821 1254 876 1314 pro
888 1238 1021 1298 adultero
1034 1239 1124 1300 libido
1134 1252 1160 1295 uo

127 1321 247 1396 reginae
271 1326 300 1377 et
321 1317 451 1377 saevitia.
490 1319 577 1394 igitur
593 1319 734 1380 Venutius
759 1320 860 1380 accitis
885 1322 1015 1398 auxiliis,
1041 1323 1125 1387 simul

127 1404 254 1479 ipsorum
268 1400 435 1478 Brigantum
452 1401 618 1463 delectione
633 1404 661 1462 in
683 1412 841 1463 extremum
862 1404 1016 1464 discrimen
1033 1404 1124 1466 Carti·

127 1484 277 1546 manduam
299 1483 425 1544 adduxit.
465 1489 523 1543 tuin
545 1488 634 1563 petita
657 1487 825 1547 allomauis
842 1486 997 1563 praesidia.
1029 1497 1059 1549 et
1076 1506 1124 1549 oo·
1152 1503 1156 1506 ’

126 1569 227 1629 hortea
242 1567 365 1646 alaeque
380 1576 498 1628 nostrae
514 1569 603 1636 uariis
620 1569 760 1649 proeliis,
781 1588 919 1630 exemere
937 1581 1032 1631 tamen
1048 1575 1124 1651 peri·

129 1652 195 1712 oulo
212 1655 356 1729 reginam;
375 1653 655 1730 reguum'llenutio,
674 1652 782 1713 bellum
797 1653 881 1714 uobis
897 1654 1039 1715 relictum.
1134 1666 1161 1708 1⁶

140 1800 141 1804 ,
190 1735 241 1796 46.
263 1735 388 1796 Turbata
405 1754 458 1814 per
474 1736 594 1796 eosdem
610 1737 672 1797 dieo
689 1736 856 1806 Germania3
877 1748 906 1798 et
923 1739 1058 1800 socordia
1076 1741 1125 1801 du·

129 1837 207 1896 cunr,
227 1819 371 1879 seditione
386 1818 551 1897 legionum,
572 1830 692 1898 externa
706 1823 753 1897 vi,
775 1822 897 1900 perfidia
913 1821 1016 1883 sociali
1032 1841 1126 1903 prope

127 1904 242 1964 addicta
256 1904 385 1963 Romana
399 1922 458 1963 res.
481 1905 519 1963 *id
533 1903 641 1964 bellurn
658 1923 722 1965 curn
738 1906 835 1965 causis
851 1915 880 1965 et
897 1906 1049 1966 eventibus
1068 1910 1124 1988 (et-

128 1989 203 2048 enim
224 1986 339 2064 lougius
361 1996 532 2065 provectum
554 1988 615 2067 est)
637 2005 706 2048 rnox
725 1989 959 2050 memorabimus.
999 2000 1076 2051 mota
1097 2000 1127 2050 et

73 2115 77 2123 .
125 2073 272 2131 Dacorum
297 2088 371 2147 gens
395 2087 548 2148 numquam
573 2071 646 2148 fida,
675 2081 743 2132 tuuc
771 2076 834 2132 siue
858 2079 947 2146 metu,
962 2071 1087 2134 abducto
1108 2093 1153 2134 ee

126 2156 238 2216 llloesia
256 2156 398 2214 exercitu.
428 2153 482 2214 sed
496 2155 589 2232 prima
601 2173 697 2215 rerum
712 2157 802 2233 quieti
817 2156 1058 2235 speculabantur:
1078 2156 1127 2216 ubi
1227 2176 1229 2180 ’

127 2241 252 2316 llagrare
267 2237 376 2298 ltaliam
391 2236 483 2312 bello,
501 2246 603 2298 cuncta
620 2239 648 2298 iu
665 2241 757 2299 uicem
771 2238 888 2300 lrostilia
902 2257 1060 2318 accepere,
1077 2258 1126 2300 ex·

130 2325 264 2402 pugnatis
280 2322 442 2382 cohortium
460 2320 626 2400 alarumque
645 2321 775 2382 hibemls
790 2331 911 2401 utraque
925 2322 1047 2384 Danuvii
1063 2325 1127 2404 ripa

130 2405 322 2482 potiebantur.
355 2407 468 2485 iamque
486 2414 579 2464 castra
596 2404 742 2482 legionum
759 2407 917 2466 excindere
931 2406 1083 2485 parabant,
1098 2409 1127 2467 ui

129 2489 275 2549 Mucianus
297 2499 408 2550 sextam
424 2488 570 2566 legionem
586 2491 792 2569 opposuisset,
803 2488 1020 2560 ¹Cremonensis
1035 2493 1126 2551 victo·
1136 2509 1165 2550 uo

127 2575 190 2633 riae
201 2590 318 2650 guarus,
335 2591 370 2634 ac
381 2591 418 2632 ue
430 2581 550 2633 externa
560 2572 654 2633 moles
665 2574 807 2653 utrimque
820 2575 979 2651 ingrueret,
995 2575 1127 2636 siliacus

129 2659 345 2737 Germanusque
361 2657 469 2717 diversi
484 2659 669 2737 inrupissent.
699 2657 801 2733 adfuit,
817 2666 848 2716 ut
862 2676 953 2736 saepe
969 2658 1051 2734 allas,
1067 2660 1126 2718 ior-

128 2754 195 2803 tuua
216 2742 317 2820 populi
332 2741 471 2818 Romani,
491 2759 567 2820 quae
585 2742 746 2803 blucianum
762 2743 901 2819 uiresque
919 2743 1040 2801 orientis
1057 2741 1128 2802 illuc

128 2826 202 2901 tulit,
214 2825 330 2905 etqnod
339 2823 501 2887 Cremonae
509 2828 622 2886 iuterim
630 2825 833 2903 transegimus.
846 2824 986 2885 Fonteius
993 2823 1126 2904 Agrippa

128 2930 166 2970 ex
175 2909 246 2970 Asia
255 2910 327 2990 (pro
340 2910 462 2971 consule
473 2927 537 2970 eam
549 2911 727 2989 provinciam
738 2925 832 2969 annuo
842 2909 964 2986 imperio
978 2909 1124 2987 tenuerat)
1136 2933 1162 2974 re

128 2994 259 3054 bloesiae
274 2995 460 3073 praepositus
478 3003 533 3071 est,
550 2993 653 3055 additis
669 2994 763 3071 copiis
778 3011 795 3052 e
808 2993 967 3054 Vitelliano
984 2993 1126 3068 exercitu,

130 3093 216 3155 quern
237 3079 337 3155 spargi
361 3095 413 3155 per
436 3078 602 3156 provincias
624 3086 653 3138 et
674 3085 795 3138 externo
817 3076 897 3136 bello
918 3075 1033 3152 inligari
1058 3093 1128 3154 pars

131 3160 246 3219 consilii
260 3161 400 3238 pacisque
415 3170 486 3220 erat.
539 3193 541 3198 ,

193 3245 244 3304 47.
271 3241 335 3304 Nec
357 3252 473 3304 ceterae
491 3245 626 3307 nationes
645 3243 779 3305 silebant.
816 3240 910 3307 subita
932 3261 987 3322 per
1007 3243 1130 3302 Pontum

131 3341 209 3387 arma
232 3326 385 3388 barbarum
406 3329 595 3406 mancipium,
621 3330 724 3405 regiae
747 3326 890 3406 quondam
914 3325 1018 3386 classis
1042 3343 1126 3404 prae·

45 3419 49 3426 ‘
131 3413 241 3493 lectus,
263 3421 403 3474 mouerat.
433 3413 458 3472 is
472 3412 525 3472 luit
537 3412 682 3472 ¹Anicetus
696 3411 863 3470 Polemonis
880 3409 1019 3484 libertus,
1041 3425 1127 3485 prae·
