2596 3872
436 189 611 239 manans.
628 190 703 239 oar.
720 188 833 244 6-11-
952 189 957 198 ·
1072 179 1134 246 187

130 361 236 424 magua
253 344 355 423 specie
369 345 672 428 volitabant)‚naves
693 345 887 424 magnitudine
909 344 1091 427 praestantes
1106 357 1135 410 et

132 445 262 490 conexas
277 425 406 491 'trabibus
428 448 463 492 ac
478 429 603 491 turribus
619 439 718 493 111111
733 431 795 506 agit
809 447 862 510 per
879 448 989 492 amnem
1008 432 1160 513 catapuls

130 513 228 592 tisque
243 520 273 572 et
289 511 402 575 balistis
418 513 570 593 proturbat
586 513 744 592 barbaros,
766 516 795 574 iu
813 531 887 594 quos
902 533 973 576 sana
989 523 1019 576 et
1035 515 1135 578 bastae

131 596 248 674 longius
263 596 468 677 permeabant,
490 616 574 678 quam
591 607 621 659 ut
636 599 782 678 contrario
799 599 968 676 sagittarum
988 601 1064 661 iactu
1086 600 1134 660 ad·
1179 614 1183 621 ·

132 689 337 760 aequarentur.
376 681 444 743 deiu
464 700 540 761 pons
561 684 744 745 continuatus
765 682 918 762 collesque
940 684 1057 745 adversi
1082 695 1135 764 per
1202 701 1205 706 ·

131 767 229 826 socias
245 763 400 844 cobortes,
414 776 482 846 post
494 766 643 844 legionum
661 769 764 829 castris
781 776 977 846 occupantur,
994 777 1134 830 tanta'oe·

129 851 247 911 leritate
265 857 295 909 et
313 852 507 912 ostentatione
521 853 639 930 virium,
658 860 688 913 ut
701 851 801 913 Parthi
812 847 920 912 omisso
937 861 1040 932 paratu
1055 855 1132 913 inra-
1144 871 1169 912 au

72 997 76 1011 ,
130 931 245 996 dandae
260 933 363 996 Suriae
377 952 461 1015 spem
476 952 590 996 omnem
605 937 634 996 in
649 935 815 998 Armeniam
830 945 988 1014 verterent,
1000 935 1048 996 ubi
1063 936 1133 998 Pae·
1161 933 1179 962 ⁸

130 1028 177 1080 tus
199 1018 402 1091 imminentium
422 1020 539 1081 nesoius
562 1022 686 1099 quintam
706 1019 853 1099 legionem
877 1019 980 1100 procul
999 1023 1028 1080 in
1042 1021 1134 1082 Ponto

128 1101 268 1180 babebat,
280 1103 407 1183 reliquas
419 1105 574 1186 promiscis
584 1104 919 1166 militumoommeatibus
931 1105 1134 1181 iuiirmaverat,

130 1185 228 1248 donee
239 1185 395 1250 adventare
405 1187 582 1267 Vologesen
590 1206 694 1266 magno
708 1197 738 1249 et
749 1188 863 1250 inlenso
876 1190 990 1266 agmiue
1000 1188 1133 1250 auditum.

197 1271 247 1334 10.
266 1269 388 1333 Accitur
403 1272 490 1350 legio
501 1270 690 1351 duodecuma,
707 1273 825 1350 etvuade
840 1273 944 1335 lamam
959 1274 1035 1334 aneti
1051 1292 1134 1334 exer·

133 1356 207 1418 citus
228 1365 415 1434 sperauerat,
441 1354 554 1436 prodita
580 1357 790 1437 infrequentia,
817 1374 873 1436 qua
900 1365 995 1418 tamen
1017 1358 1134 1418 retineri

134 1447 229 1502 eastra
248 1447 279 1501 et
299 1438 376 1501 eludi
395 1439 516 1502 Partbus
537 1449 630 1502 tractu
649 1440 719 1502 belli
741 1449 873 1520 poterat,
898 1442 923 1500 si
938 1440 1027 1500 Paeto
1044 1449 1091 1501 aut
1106 1441 1135 1500 in

134 1525 194 1586 suia
214 1531 263 1585 aut
282 1525 312 1584 in
331 1524 434 1585 alienis
457 1523 587 1585 consiliis
610 1525 770 1586 constantia
789 1524 907 1585 luisset:
927 1541 1026 1584 rerum
1048 1523 1097 1583 ubi
1119 1543 1135 1584 a

134 1608 203 1669 viris
220 1606 390 1668 militaribus
407 1607 546 1670 adversus
562 1617 719 1686 urguentes
735 1625 820 1671 casus
834 1609 961 1669 firmatus
977 1615 1050 1684 erat,
1072 1626 1157 1668 rur-s
1214 1663 1216 1670 .

132 1711 197 1771 sus,
221 1707 259 1751 ne
280 1691 392 1754 alienae
415 1694 576 1754 seutentiae
592 1692 726 1770 indigens
741 1692 904 1770 videretur,
927 1693 955 1751 in
971 1691 1085 1754 diversa
1100 1710 1136 1754 ac

131 1775 279 1838 deteriora
294 1776 442 1838 transibat.
473 1785 503 1836 et
523 1785 590 1838 tune
609 1775 720 1838 relictis
738 1775 866 1838 bibernis
881 1793 940 1836 non
961 1777 1070 1836 fossam
1086 1794 1134 1836 ne·

131 1878 191 1942 que
205 1857 311 1920 vallum
327 1860 398 1939 sibi,
420 1859 473 1922 sed
489 1876 614 1941 corpora
631 1868 662 1922 et
677 1877 754 1922 arma
777 1863 806 1920 iu
824 1859 940 1921 bostem
957 1859 1021 1922 data
1039 1860 1134 1921 elami-

131 1954 214 2021 taus,
231 1941 311 2005 dunlt
325 1944 461 2022 legiones
476 1945 558 2024 quasi
574 1944 691 2025 proelio
707 1953 875 2006 certaturus.
908 1943 1012 2004 deinde
1029 1944 1149 2004 amisso·

134 2029 304 2111 centurione
323 2037 353 2088 et
368 2031 469 2109 paucis
488 2028 641 2106 militibus,
664 2044 738 2108 quos
756 2026 885 2088 visendis
900 2025 1025 2088 hostium
1041 2028 1168 2108 copiisto

135 2113 341 2193 praemiserat,
357 2113 488 2192 trepidus
508 2113 658 2174 remearit.
689 2121 718 2172 et
734 2113 800 2191 quia
815 2112 907 2172 minus
923 2112 1029 2172 acriter
1043 2111 1135 2174 Volo·

133 2213 224 2275 geses
239 2197 397 2274 institerat,
417 2214 492 2258 vana
513 2213 612 2258 rursus
628 2193 730 2256 liduoia
747 2196 801 2255 tria
815 2194 892 2256 milia
909 2193 1015 2255 delecti
1031 2194 1135 2273 peditis
1229 2259 1230 2262 ,

134 2280 269 2362 proximo
288 2280 373 2342 Tauri
388 2283 457 2360 iugo
474 2281 625 2360 imposuit,
643 2295 700 2358 quo
718 2279 866 2339 transitum
886 2278 966 2354 regis
986 2288 1134 2347 arcerent;

133 2364 230 2427 alares
255 2380 372 2444 quoque
394 2365 576 2442 Pannonios,
600 2363 689 2424 robur
709 2363 868 2442 equitatus,
893 2363 921 2421 in
943 2370 1026 2442 parte
1042 2363 1147 2440 campi-

131 2448 221 2510 loeat.
253 2451 376 2510 coniunx
393 2466 429 2510 ac
443 2447 518 2510 filius
533 2447 673 2525 castello,
696 2449 741 2508 eui
756 2444 945 2506 Arsamosata
959 2447 1064 2506 nomen
1080 2455 1132 2522 est,
1146 2466 1169 2508 rs

132 2531 237 2612 abditi,
253 2532 318 2594 data
333 2535 361 2594 in
376 2532 550 2613 praesidium
569 2531 691 2592 cohorte
707 2549 743 2592 ac
760 2529 894 2609 disperso
916 2528 1022 2606 milite,
1045 2530 1136 2610 quiin

132 2635 190 2678 uno
212 2615 327 2678 babitus
347 2635 453 2696 vagum
475 2616 588 2678 bostem
610 2615 770 2696 promptius
781 2615 1016 2683 sustentavisset.
1042 2631 1134 2692 aegre

134 2701 315 2780 compulsum
336 2701 450 2778 lerunt,
476 2708 507 2760 ut
526 2701 682 2760 instantem
700 2695 861 2758 Corbuloni
887 2697 1041 2758 laberetur.
1083 2714 1137 2756 nec

135 2784 339 2849 aGorbulone
362 2793 568 2864 properatum,
589 2799 646 2861 quo
669 2780 864 2859 gliscentibus
887 2780 1026 2860 perieulis
1050 2781 1136 2839 etiam
1212 2842 1214 2847 ,

133 2869 255 2932 subsidii
269 2869 333 2932 laus
350 2877 516 2949 augeretur.
547 2865 679 2947 expediri
700 2875 793 2926 tamen
814 2864 909 2926 itineri
931 2861 1045 2943 singula
1059 2864 1133 2925 milia
1146 2883 1170 2924 aa

134 2973 172 3016 ex
193 2954 286 3017 tribus
301 2953 466 3032 legionibus
487 2962 516 3013 et
531 2953 639 3032 alarios
657 2953 859 3028 octingentos,
875 2967 975 3028 parem
990 2966 1136 3008 numerum

134 3058 151 3100 e
170 3037 340 3101 cohortibus
356 3039 449 3099 iussit.

201 3123 250 3183 11.
273 3122 315 3183 At
326 3122 504 3201 Vologeses,
521 3119 650 3199 quamvis
666 3117 788 3178 obsessa
805 3136 821 3178 a
835 3117 925 3177 Paeto
948 3116 1050 3177 itinera
1070 3115 1136 3175 hine

134 3206 266 3287 peditatu
279 3207 347 3268 iude
362 3206 459 3292 equite
473 3203 657 3284 accepisset,
677 3201 746 3262 nihil
759 3209 865 3262 mutato
884 3199 1021 3276 oonsilio,
1040 3198 1092 3260 sed
1107 3200 1136 3258 vi

134 3309 172 3352 ac
199 3291 282 3352 minis
299 3289 572 3365 alares‘exterruit,
595 3286 775 3364 legionarios
797 3284 929 3361 obtrivit,
952 3299 1008 3342 uno
1029 3290 1136 3344 tantum

125 3375 306 3438 ¹centurione
329 3367 480 3455 Tarquitio
499 3373 659 3448 crescente
685 3371 801 3445 turrim,
828 3370 857 3428 in
883 3385 940 3445 qua
962 3364 1136 3445 praesidium

135 3457 280 3539 agitabat,
300 3458 459 3521 defendere
475 3475 545 3519 auso
563 3455 699 3533 iactaque
720 3455 839 3533 saepius
854 3449 1006 3527 eruptione
1024 3456 1053 3507 et
1070 3465 1133 3506 oae-
