2568 3870
434 224 538 272 ursas
551 227 588 273 11.
611 226 686 276 car.
701 227 820 282 66—70.
1080 223 1121 284 'lo

119 378 248 458 orplinae
269 379 421 438 oleastris
443 378 591 457 propiora.
621 380 709 457 igitur
725 380 837 444 duobus
857 384 1008 464 militibus,
1026 387 1120 474 altero

118 463 248 540 legionis
269 461 401 540 quintae,
424 460 518 538 altero
539 463 662 525 eGallis
678 465 880 546 auxiliaribus,
903 486 957 547 per
972 468 1119 530 lasolviam

118 546 155 608 ad
177 553 324 606 certamen
344 543 470 603 laetandi
485 547 634 624 sorensis,
660 557 811 628 pomauarn
826 551 1007 630 legionarias
1021 553 1117 633 prool-
1129 573 1155 614 ro

119 630 221 704 derat,
236 626 391 689 insultante
407 625 491 689 Gallo
507 637 535 687 et
549 630 584 689 iis
598 631 647 708 qui
660 630 696 689 ad
712 635 901 711 spectandum
923 644 1120 696 oouueoerunt

118 715 147 773 iu
163 713 257 774 studia
277 709 416 788 didnutis,
437 729 563 790 erupere
583 712 736 790 legionarii
754 717 784 775 in
811 719 971 796 perniciem
999 718 1119 778 auxilio·

117 815 180 858 rum
205 813 241 856 ao
262 794 335 855 dnae
362 793 500 854 cohortes
521 794 703 870 interieotae.
739 801 895 861 remedium
914 801 1050 862 tumultus
1066 801 1120 861 luit
1145 827 1172 886 ρ

118 878 194 940 alius
210 876 355 937 tumultus.
386 876 483 954 pulvis
506 878 609 956 prooul
633 887 663 938 et
686 897 764 941 arura
779 882 1027 962 adspioiebantnr:
1050 899 1119 943 oon·

120 962 272 1021 clamatum
291 969 414 1038 repente
439 968 567 1039 quartam
582 960 731 1022 decumam
746 963 893 1042 legionem
911 983 998 1027 uerso
1013 967 1118 1026 itinere
1128 986 1152 1026 rs

121 1045 158 1104 ad
181 1041 319 1120 proelium
345 1043 462 1112 venire;
489 1043 544 1103 sed
566 1053 649 1104 eraut
669 1048 790 1122 agminis
811 1059 983 1110 conolores:
1009 1047 1118 1126 adgniti

121 1126 275 1204 dempsere
287 1124 520 1186 sollieitudinenu.
543 1127 654 1187 interim
666 1128 797 1205 Verginii
809 1148 912 1191 servus
926 1131 1003 1191 iorte
1015 1130 1118 1191 obvius

119 1218 150 1269 ut
166 1225 322 1287 pereussor
337 1208 449 1270 Vitellii
466 1209 656 1270 insimulatur:
673 1212 817 1273 struebat
837 1215 873 1274 ad
889 1214 1051 1274 canusium
1066 1213 1118 1272 mi·

119 1293 180 1369 les,
200 1299 321 1351 mortem
332 1292 464 1369 Verginii
477 1309 654 1371 exposcens.
676 1311 712 1353 ne
727 1296 863 1357 Vitellius
878 1297 1003 1375 quidem,
1020 1309 1117 1375 quam·

119 1393 204 1455 quarn
226 1374 262 1435 ad
285 1375 582 1452 omnessuspioioues
594 1376 731 1455 pavidus,
754 1376 790 1437 de
805 1379 968 1439 innoeentia
986 1380 1049 1438 eius
1067 1374 1152 1438 dum

118 1459 233 1518 bitavit:
251 1475 341 1535 aegre
358 1467 453 1518 tamen
468 1457 586 1519 oolribiti
602 1459 651 1537 qni
671 1460 788 1520 exitium
805 1460 967 1522 oonsulurls
983 1469 1014 1520 et
1026 1478 1116 1540 qnon-

118 1542 182 1602 dam
197 1540 279 1601 dunis
295 1543 338 1601 sui
355 1540 532 1618 flagitabant.
560 1558 615 1601 neo
630 1559 801 1621 quemquam
813 1545 930 1623 saepius
945 1561 1029 1623 quam
1041 1544 1115 1603 Ver·

118 1625 225 1702 ginium
252 1624 344 1684 omnis
370 1623 475 1684 seditio
501 1623 663 1686 infestavit:
692 1624 828 1687 manebat
846 1625 996 1687 admiratio
1013 1626 1068 1685 riri
1087 1633 1118 1685 et

11 1759 12 1770 a
119 1709 210 1783 ianua,
226 1715 272 1767 set
287 1707 410 1767 oderant
425 1715 456 1766 ut
469 1707 596 1772 fastiditi.

180 1790 232 1852 69.
253 1789 377 1851 Postero
392 1790 439 1850 die
453 1790 599 1868 Vitellius,
616 1801 733 1853 senatus
747 1792 895 1871 legatione
914 1810 998 1871 quarn
1014 1791 1052 1851 ibi
1064 1808 1115 1870 op·

11 1865 13 1950 {
115 1875 207 1952 periri
221 1875 347 1934 iusserat
363 1873 476 1951 audita,
504 1883 708 1952 transgressus·
728 1877 756 1936 in
774 1883 869 1937 eastra
886 1876 962 1937 ultro
977 1876 1116 1954 pietatem

117 1957 235 2018 militum
257 1956 458 2034 ueniundum,
478 1957 666 2019 trementibus
686 1961 800 2020 auxiliis
820 1967 928 2020 tanturn
943 1958 1117 2035 impunitatls

96 2055 101 2066 ·
117 2050 205 2119 atque
221 2039 409 2118 adrogantiae
424 2040 591 2118 legionariis
607 2042 782 2103 aoeessisse.
817 2042 990 2103 Batavorum
1012 2040 1116 2100 oolror·

11 2191 12 2206 2
116 2132 163 2185 tes
187 2141 224 2184 ne
250 2123 318 2203 quid
341 2123 531 2183 trasulentius
550 2123 704 2199 auderent,
724 2126 753 2183 in
768 2124 948 2186 Germaniam
962 2123 1135 2197 remissae‚s

116 2207 289 2287 principium
310 2207 423 2267 interno
444 2206 528 2266 simul
549 2215 729 2286 externoque
753 2206 832 2266 bello
854 2205 1022 2286 parantibus
1037 2205 1114 2264 istis.

10 2297 11 2342 f
115 2289 229 2351 reddita
244 2289 408 2350 eivitatibas
423 2287 570 2351 llallorara
587 2289 707 2366 auxilia,
723 2291 827 2366 ingens
838 2306 973 2349 numerus
985 2297 1014 2348 et
1025 2289 1116 2366 primu

10 2399 12 2426 r
117 2373 212 2434 statim
236 2372 401 2433 deiectione
424 2359 498 2432 irlter
518 2373 612 2432 inania
635 2371 705 2432 belli
726 2371 903 2451 adsumptus.
935 2380 1064 2430 ueterum
1086 2378 1117 2429 ut

112 2455 318 2531 ‘largitionibus
332 2456 467 2518 adiectae
482 2457 538 2516 lem
553 2457 665 2535 imperii
681 2473 758 2534 opes
771 2455 959 2532 salinarem,
978 2453 1116 2530 amputari

10 2541 12 2590 i
117 2537 263 2615 legionum
279 2539 508 2618 auxiliorumque
525 2555 660 2600 numeros
674 2538 755 2600 iubet
768 2538 866 2614 vetitis
889 2535 1114 2616 supplementisr
1125 2551 1150 2592 rr

116 2631 148 2682 et
164 2624 328 2701 promissae
342 2623 496 2684 missiones
512 2621 719 2683 offerebantur¹
749 2620 898 2682 exitiabile
920 2619 949 2679 id
964 2617 1006 2679 rei
1023 2611 1116 2697 publi·

116 2723 188 2782 eae,
210 2706 351 2784 ingratum
370 2707 466 2784 militi,
486 2707 531 2766 oui
548 2705 651 2766 eude'nr
668 2706 763 2766 munia
778 2705 854 2764 inter
871 2719 983 2782 pannos
1000 2701 1115 2779 perieu-

115 2788 203 2868 laqne
226 2807 261 2850 ao
280 2789 364 2851 labor
385 2789 517 2850 erebrius
541 2789 688 2859 redibant;
712 2797 742 2848 ot
763 2785 926 2847 vireslnxu
949 2801 1114 2863 uorrnmpe·
1144 2813 1147 2818 ·

114 2873 229 2950 bantur,
242 2883 343 2934 eontra
359 2880 489 2934 veterem
504 2871 683 2951 disciplinam
697 2879 727 2932 et
737 2871 865 2932 instituta
877 2869 1027 2946 maiorum,
1040 2866 1115 2946 apud

114 2971 191 3035 ¹l¹¹⁰⁸
209 2956 315 3016 virtute
334 2974 418 3035 quam
434 2956 557 3034 pecunia
571 2973 620 3015 res
635 2956 764 3017 llornaua
778 2954 881 3014 melius
900 2954 988 3014 stetit.
1125 2967 1148 3006 as
1265 2987 1267 2994 .

181 3039 232 3102 70.
261 3038 332 3099 Inde
351 3039 486 3100 Vitellius
508 3037 677 3100 Cremonam
697 3039 780 3100 derit
797 3047 827 3098 et
849 3045 982 3116 spectato
996 3035 1115 3096 munere

115 3121 260 3183 Gaeoiuae
273 3123 408 3184 insistere
424 3121 665 3183 bedriacensibus
682 3124 792 3201 eampis
806 3139 842 3180 ao
854 3121 977 3198 vestigia
989 3118 1115 3180 recentis

114 3205 257 3286 victoriae
271 3205 396 3267 lustrare
413 3207 506 3268 oculis
519 3207 696 3286 concupivit,
713 3205 830 3266 inedum
842 3213 929 3282 atque
945 3211 1029 3262 atrox
1048 3216 1114 3280 spe·

116 3287 266 3349 eteuuluru.
284 3289 358 3350 iutra
374 3289 641 3368 quadragensimum
658 3287 858 3368 pugnasdieru
870 3286 1114 3361 laceratorpora
1264 3351 1265 3354 Ἴ

114 3372 208 3432 truuei
235 3381 332 3450 artus,
359 3382 461 3453 putres
487 3375 612 3433 virorum
639 3388 837 3451 equorumque
849 3368 976 3442 formae,
1005 3365 1137 3436 infestas
1263 3387 1265 3438 ᾗ

113 3452 183 3515 tabo
198 3454 311 3533 burnus,
328 3456 456 3536 protritis
472 3455 624 3517 arboribus
635 3473 671 3517 ao
684 3454 818 3534 frugibus
832 3451 895 3512 dira
906 3449 1034 3510 vasatas.
1058 3464 1115 3506 nee
1264 3443 1265 3462 ¹
