2540 3874
183 151 227 215 42
433 162 600 210 coauanrr
620 159 740 209 racrrr
760 159 945 208 cursurum

218 321 303 400 Nouos
326 318 436 368 honores
457 326 590 369 aversatur
605 316 729 368 Tiberius.
765 316 809 368 88.
830 316 939 366 Arminii
960 316 1051 368 caedes
1072 323 1195 381 etprae-

218 402 338 506 coninua}
354 463 428 522 gesta
448 455 523 503 annis
538 462 671 517 quattuor,
689 469 756 504 coss.
780 455 809 506 T.
826 453 923 504 Statilio
939 453 1048 504 Sisenna
1063 447 1145 502 Tauro
1169 460 1196 502 et

218 527 250 580 L.
271 525 403 576 Scribonio
418 522 529 584 Libone,
551 523 579 575 0.
597 523 682 574 Gaeiio
698 521 766 574 linio
788 534 813 573 et
827 522 856 572 L.
873 523 1013 588 Pomponio
1028 523 1132 582 Flacco,
1152 520 1193 569 ti.

219 592 513 714 gaspzmpgnppppcpil
533 601 558 642 et
573 590 723 643 Germanico
736 592 844 643 caesare
860 593 899 654 11,
919 592 953 642 Μ.
971 593 1045 642 Innio
1060 589 1147 640 Silano
1168 598 1195 638 et

249 753 277 809 1.
300 749 422 808 Sisenna
459 746 573 806 Statilio
589 745 708 828 [demo]
723 745 754 807 L.
780 745 890 806 Libone
919 744 1086 808 consnlihus
1115 753 1197 804 mota

185 833 305 896 orientis
327 849 418 908 regna
438 831 667 909 provinciaeque
683 830 847 907 Romanae,
873 829 954 890 initio
976 829 1052 909 apud
1069 827 1196 890 Parthos

185 929 268 995 orto,
286 918 334 994 qui
348 915 469 996 petitum
481 915 574 976 Roma
590 923 799 994 acceptumque
816 931 934 992 regem,
951 914 1081 994 quamvis
1095 915 1195 990 gentis

184 999 404 1076 Arsacidarum,
426 1006 456 1060 nt
479 1007 628 1060 externum
646 997 886 1077 aspernabantur.
921 1000 947 1058 is
968 999 1021 1060 init
1039 997 1196 1075 Vonones,

160 1087 274 1149 sohses
293 1084 427 1160 Augusto
447 1080 531 1143 datus
553 1100 571 1142 a
590 1081 723 1144 Phraate.
772 1101 838 1143 nam
861 1081 1002 1143 Phraates
1023 1100 1196 1162 quamquam

185 1169 346 1250 depulisset
363 1168 509 1227 exercitus
524 1166 674 1245 ducesque
687 1166 853 1245 Romanos,
877 1176 980 1228 cuncta
995 1167 1196 1227 venerantium

186 1255 283 1316 oiiicia
313 1250 348 1312 ad
366 1250 528 1328 Augustum
557 1257 685 1311 verterat
714 1261 884 1331 partemque
915 1251 1008 1331 prolis
1037 1249 1196 1312 iirmandae

185 1339 328 1402 amicitiae
346 1337 479 1414 miserat,
500 1333 575 1396 haud
598 1333 720 1414 perinde
736 1337 829 1399 nostri
849 1343 926 1398 metu
945 1354 1030 1416 quarn
1051 1333 1118 1396 iidei
1140 1352 1195 1416 po·

186 1423 327 1504 pulerium
342 1419 464 1482 diffisus.

114 1503 116 1514 '
268 1507 298 1568 2.
313 1506 384 1566 Post
397 1506 481 1565 finem
496 1503 626 1564 Phraatis
641 1513 672 1564 et
685 1505 866 1583 sequentiam
883 1521 985 1582 regunt
1000 1504 1038 1564 oh
1063 1505 1195 1568 internas

168 1617 171 1623 ’
186 1591 292 1653 caedes
306 1607 416 1650 venere
432 1585 462 1649 in'
476 1587 577 1648 urhenr
592 1587 683 1666 iegati
699 1606 715 1650 a
732 1587 905 1668 primoribus
921 1587 1050 1668 Parthis,
1067 1589 1115 1668 qui
1130 1588 1194 1649 Vo-

184 1693 290 1736 nonem
304 1674 527 1734 vetustissimum
542 1670 700 1732 liberorum
715 1675 778 1736 eius
793 1675 932 1734 accirent.
963 1673 1149 1751 magnificum
1164 1672 1194 1733 id

186 1760 241 1819 sihi
263 1753 387 1818 credidit
409 1755 518 1816 Caesar
541 1757 677 1836 auxitque
701 1757 816 1838 opihns.
855 1766 885 1817 at
906 1774 1051 1836 accepere
1075 1756 1193 1817 barbari

159 1843 347 1918 siaetantes,
366 1850 396 1900 nt
415 1839 507 1900 ferme
528 1840 564 1902 ad
578 1857 655 1901 nova
669 1842 799 1921 imperia.
832 1847 902 1902 mox
921 1840 1007 1912 subiit
1025 1841 1120 1922 pudor
1144 1841 1191 1900 de·
1251 1865 1252 1870 ¹

185 1927 375 2006 generavisse
389 1924 529 1986 Parthos:
554 1927 672 2005 petitum
693 1925 750 1988 alio
772 1945 810 1986 ex
830 1925 902 1988 orhe
927 1944 1044 2004 regent,
1066 1925 1191 1990 hostium

184 2010 296 2072 artibus
318 2010 472 2077 iniectum
492 2011 548 2072 iam
570 2011 645 2070 inter
666 2011 832 2089 provincias
847 2011 993 2072 Romanae
1016 2010 1120 2072 solium
1130 2011 1192 2070 Ar·

184 2094 345 2156 saeidarurn
372 2093 473 2154 haberi
500 2092 630 2172 darique.
671 2093 720 2154 uhi
747 2094 825 2155 iilam
846 2094 970 2172 gloriam
989 2095 1193 2156 trucidantium
1250 2139 1251 2168 ,

185 2179 337 2256 Crassum,
364 2177 575 2238 exturbantium
595 2177 768 2258 Antonium,
801 2179 826 2237 si
847 2179 1019 2260 mancipium
1043 2178 1192 2254 Caesaris,
1250 2177 1251 2222 t

149 2274 175 2317 tt
184 2273 227 2325 tot
248 2281 302 2342 per
321 2279 412 2322 annos
432 2263 599 2322 servitutem
616 2279 805 2342 perpessum,
825 2261 939 2326 Parthis
953 2259 1120 2344 imperitet?
1142 2281 1180 2323 ac
1201 2324 1204 2329 ,

185 2346 328 2410 candebat
347 2345 537 2423 dedignantes
562 2354 592 2406 et
612 2345 677 2424 ipse
698 2345 831 2408 diversus
853 2347 1023 2408 amaiornnr
1040 2348 1192 2423 institutis,

183 2449 251 2492 raro
269 2439 390 2508 venatu,
412 2432 495 2508 segni
511 2447 651 2509 equorum
668 2447 751 2502 oura3
774 2431 908 2510 quotiens
923 2449 978 2510 per
998 2430 1084 2494 nrbes
1107 2430 1190 2490 ince-
1249 2449 1250 2527 p

184 2515 285 2592 deret,
303 2514 427 2574 lecticae
442 2515 602 2592 gestamine
617 2514 751 2594 fastuque
767 2533 839 2592 erga
855 2517 964 2594 patrias
980 2514 1099 2594 epulas..
1118 2514 1190 2574 inri-

184 2598 324 2660 debantur
354 2606 384 2658 et
407 2597 510 2660 Graeci
536 2600 656 2660 comites
689 2616 724 2659 ac
756 2598 895 2659 vilissima
914 2598 1088 2660 utensilium·
1102 2599 1192 2660 anulo

149 2682 293 2746 reclausa.
327 2681 379 2744 sed
399 2685 524 2762 prompti
546 2682 657 2761 aditus,
680 2683 767 2744 chria
782 2685 917 2762 comitas,
940 2685 1060 2762 ignotae
1076 2681 1193 2744 Parthis

183 2770 318 2844 virtutes,
342 2784 417 2828 nora
433 2769 518 2837 vitia;
534 2776 563 2828 et
576 2769 643 2846 quia
656 2768 785 2847 ipsorum
798 2767 926 2830 morihns
941 2767 1052 2846 aliena,
1068 2767 1192 2847 perinde
1248 2763 1249 2833 i

184 2851 278 2912 odium
297 2852 395 2930 pravis
411 2850 592 2911 ethonestis.
630 2915 633 2920 ,
954 2895 956 2900 ,

246 2937 275 2998 3.
302 2935 393 3012 Igitur
412 2935 575 2998 Artabanus
584 2933 800 3008 ,Arsacidarum
829 2955 845 2996 e
868 2935 1009 3014 sanguine
1032 2936 1108 3015 apud
1132 2936 1192 2998 Da-

182 3020 235 3081 has
256 3018 369 3083 adultus
386 3020 512 3097 excitur,
533 3022 684 3102 primoque
700 3038 860 3099 congressu
879 3020 960 3081 inens
979 3029 1096 3100 reparat
1110 3022 1193 3082 vires
1247 3049 1248 3100 ,

181 3121 334 3182 regnoque
352 3106 468 3183 potitur.
498 3107 575 3166 victo
591 3105 709 3167 Vononi
724 3105 887 3185 perfugium
901 3103 1039 3167 Armenia
1053 3105 1123 3183 iuit,
1141 3123 1191 3166 va·
1247 3101 1248 3139 ¹

182 3205 236 3248 oua
262 3197 330 3248 tnnc
364 3189 497 3267 interque
524 3188 692 3250 Parthorum
715 3199 745 3250 ot
768 3190 912 3252 Romanas
938 3205 1013 3268 opes
1037 3189 1125 3250 infida
1150 3189 1191 3251 oh

157 3272 279 3332 ascolus
301 3269 433 3350 Antonii,
465 3274 514 3351 qui
533 3272 714 3334 Artavasden
734 3291 836 3352 regem
859 3273 1062 3334 Armeniorum
1085 3277 1191 3353 specie
1246 3345 1247 3348 Ἴ

181 3355 324 3418 amicitiae
337 3356 486 3437 iniectum,
509 3356 575 3439 dein
591 3359 700 3419 catenis
718 3367 884 3436 oneratum,
901 3367 1051 3438 postremo
1067 3359 1189 3419 interie-
1246 3367 1247 3445 t

182 3441 369 3500 concheios
391 3440 466 3501 iilius
487 3441 639 3522 Artaxias,
666 3443 804 3504 memoria
825 3443 914 3521 patris
936 3440 1021 3503 nohis
1043 3443 1188 3524 infensus,
