<?xml version="1.0" encoding="UTF-8"?>
<!DOCTYPE html PUBLIC "-//W3C//DTD XHTML 1.0 Transitional//EN"
    "http://www.w3.org/TR/xhtml1/DTD/xhtml1-transitional.dtd">
<html xmlns="http://www.w3.org/1999/xhtml" xml:lang="en" lang="en">
 <head>
  <title>
</title>
<meta http-equiv="Content-Type" content="text/html;charset=utf-8" />
  <meta name='ocr-system' content='tesseract 3.04.00' />
  <meta name='ocr-capabilities' content='ocr_page ocr_carea ocr_par ocr_line ocrx_word'/>
</head>
<body>
  <div class='ocr_page' id='page_1' title='image "./libriquisupersu02tacigoog/libriquisupersu02tacigoog_0614.png"; bbox 0 0 2536 3870; ppageno 0'>
   <div class='ocr_carea' id='block_1_1' title="bbox 190 87 1083 217">
    <p class='ocr_par' dir='ltr' id='par_1_1' title="bbox 190 87 1083 217">
     <span class='ocr_line' id='line_1_1' title="bbox 190 87 1083 217; baseline 0.007 -39"><span class='ocrx_word' id='word_1_1' title='bbox 190 87 196 94; x_wconf 48' lang='grc'><strong>’</strong></span> <span class='ocrx_word' id='word_1_2' title='bbox 305 213 308 217; x_wconf 20' lang='lat'><em>¹</em></span> <span class='ocrx_word' id='word_1_3' title='bbox 381 130 486 180; x_wconf 77' lang='lat' dir='ltr'><strong>nisos</strong></span> <span class='ocrx_word' id='word_1_4' title='bbox 501 133 548 182; x_wconf 87' lang='lat' dir='ltr'><strong>rv.</strong></span> <span class='ocrx_word' id='word_1_5' title='bbox 569 133 645 182; x_wconf 80' lang='lat' dir='ltr'><strong>cnr.</strong></span> <span class='ocrx_word' id='word_1_6' title='bbox 660 131 781 186; x_wconf 78' lang='lat' dir='ltr'><strong>tit—to.</strong></span> <span class='ocrx_word' id='word_1_7' title='bbox 842 143 845 148; x_wconf 94' lang='lat'>·</span> <span class='ocrx_word' id='word_1_8' title='bbox 1023 123 1083 185; x_wconf 77' lang='grc'><strong>169</strong></span> 
     </span>
    </p>
   </div>
   <div class='ocr_carea' id='block_1_2' title="bbox 46 285 1184 3472">
    <p class='ocr_par' dir='ltr' id='par_1_2' title="bbox 58 285 1119 535">
     <span class='ocr_line' id='line_1_2' title="bbox 59 285 1080 369; baseline 0.003 -21"><span class='ocrx_word' id='word_1_9' title='bbox 59 288 168 368; x_wconf 89' lang='lat' dir='ltr'><strong>periis</strong></span> <span class='ocrx_word' id='word_1_10' title='bbox 180 287 324 348; x_wconf 89' lang='lat' dir='ltr'><strong>obiectari</strong></span> <span class='ocrx_word' id='word_1_11' title='bbox 339 285 424 347; x_wconf 89' lang='lat' dir='ltr'><strong>solita</strong></span> <span class='ocrx_word' id='word_1_12' title='bbox 440 287 687 367; x_wconf 79' lang='lat' dir='ltr'><strong>contumeliasque</strong></span> <span class='ocrx_word' id='word_1_13' title='bbox 702 297 732 348; x_wconf 92' lang='lat' dir='ltr'><strong>et</strong></span> <span class='ocrx_word' id='word_1_14' title='bbox 749 287 882 349; x_wconf 87' lang='lat' dir='ltr'><strong>invidiam</strong></span> <span class='ocrx_word' id='word_1_15' title='bbox 899 289 928 349; x_wconf 90' lang='lat' dir='ltr'><strong>in</strong></span> <span class='ocrx_word' id='word_1_16' title='bbox 943 290 1080 369; x_wconf 90' lang='lat' dir='ltr'><strong>populum</strong></span> 
     </span>
     <span class='ocr_line' id='line_1_3' title="bbox 58 369 1079 453; baseline 0.001 -20"><span class='ocrx_word' id='word_1_17' title='bbox 58 373 238 433; x_wconf 85' lang='lat' dir='ltr'><strong>Romanum</strong></span> <span class='ocrx_word' id='word_1_18' title='bbox 262 369 380 448; x_wconf 77' lang='lat' dir='ltr'><strong>effodit,</strong></span> <span class='ocrx_word' id='word_1_19' title='bbox 399 369 529 431; x_wconf 92' lang='lat' dir='ltr'><strong>turbidus</strong></span> <span class='ocrx_word' id='word_1_20' title='bbox 549 371 704 432; x_wconf 89' lang='lat' dir='ltr'><strong>miscendis</strong></span> <span class='ocrx_word' id='word_1_21' title='bbox 721 371 911 434; x_wconf 77' lang='lat' dir='ltr'><strong>seditionibus</strong></span> <span class='ocrx_word' id='word_1_22' title='bbox 932 381 962 434; x_wconf 91' lang='lat' dir='ltr'><strong>et</strong></span> <span class='ocrx_word' id='word_1_23' title='bbox 976 374 1079 453; x_wconf 90' lang='lat' dir='ltr'><strong>pleris-</strong></span> 
     </span>
     <span class='ocr_line' id='line_1_4' title="bbox 61 453 1119 535; baseline 0 -19"><span class='ocrx_word' id='word_1_24' title='bbox 61 474 130 535; x_wconf 92' lang='lat' dir='ltr'><strong>que</strong></span> <span class='ocrx_word' id='word_1_25' title='bbox 147 463 251 531; x_wconf 87' lang='lat' dir='ltr'><strong>gratus</strong></span> <span class='ocrx_word' id='word_1_26' title='bbox 266 453 405 515; x_wconf 88' lang='lat' dir='ltr'><strong>vaecordi</strong></span> <span class='ocrx_word' id='word_1_27' title='bbox 418 453 561 517; x_wconf 77' lang='lat' dir='ltr'><strong>facundia.</strong></span> <span class='ocrx_word' id='word_1_28' title='bbox 1089 468 1119 508; x_wconf 74' lang='lat' dir='ltr'><strong>tt</strong></span> 
     </span>
    </p>

    <p class='ocr_par' dir='ltr' id='par_1_3' title="bbox 46 536 1184 2029">
     <span class='ocr_line' id='line_1_5' title="bbox 137 536 1142 619; baseline 0 -18"><span class='ocrx_word' id='word_1_29' title='bbox 137 539 191 601; x_wconf 86' lang='grc'><strong>69.</strong></span> <span class='ocrx_word' id='word_1_30' title='bbox 215 539 254 599; x_wconf 82' lang='lat' dir='ltr'><strong>At</strong></span> <span class='ocrx_word' id='word_1_31' title='bbox 275 536 364 599; x_wconf 89' lang='lat' dir='ltr'><strong>lulius</strong></span> <span class='ocrx_word' id='word_1_32' title='bbox 385 536 508 619; x_wconf 77' lang='lat' dir='ltr'><strong>Auspex</strong></span> <span class='ocrx_word' id='word_1_33' title='bbox 526 557 544 600; x_wconf 91' lang='lat' dir='ltr'><strong>e</strong></span> <span class='ocrx_word' id='word_1_34' title='bbox 560 539 733 618; x_wconf 91' lang='lat' dir='ltr'><strong>primoribus</strong></span> <span class='ocrx_word' id='word_1_35' title='bbox 747 541 922 618; x_wconf 79' lang='lat' dir='ltr'>Remorum,</span> <span class='ocrx_word' id='word_1_36' title='bbox 947 543 1004 601; x_wconf 89' lang='lat' dir='ltr'><strong>vim</strong></span> <span class='ocrx_word' id='word_1_37' title='bbox 1019 542 1078 603; x_wconf 85' lang='lat' dir='ltr'><strong>Ro·</strong></span> <span class='ocrx_word' id='word_1_38' title='bbox 1138 551 1142 556; x_wconf 86' lang='grc'><em>’</em></span> 
     </span>
     <span class='ocr_line' id='line_1_6' title="bbox 62 619 1079 702; baseline 0.001 -18"><span class='ocrx_word' id='word_1_39' title='bbox 62 641 186 684; x_wconf 84' lang='lat' dir='ltr'><strong>mamam</strong></span> <span class='ocrx_word' id='word_1_40' title='bbox 211 623 351 702; x_wconf 90' lang='lat' dir='ltr'><strong>pacisque</strong></span> <span class='ocrx_word' id='word_1_41' title='bbox 374 619 451 683; x_wconf 89' lang='lat' dir='ltr'><strong>bona</strong></span> <span class='ocrx_word' id='word_1_42' title='bbox 474 622 650 700; x_wconf 75' lang='lat' dir='ltr'><strong>dissertans,</strong></span> <span class='ocrx_word' id='word_1_43' title='bbox 677 633 706 684; x_wconf 88' lang='lat' dir='ltr'><strong>et</strong></span> <span class='ocrx_word' id='word_1_44' title='bbox 726 625 797 685; x_wconf 91' lang='lat' dir='ltr'><strong>sumi</strong></span> <span class='ocrx_word' id='word_1_45' title='bbox 816 623 925 685; x_wconf 88' lang='lat' dir='ltr'><strong>bellom</strong></span> <span class='ocrx_word' id='word_1_46' title='bbox 942 626 1029 686; x_wconf 91' lang='lat' dir='ltr'><strong>etiam</strong></span> <span class='ocrx_word' id='word_1_47' title='bbox 1044 625 1079 686; x_wconf 94' lang='lat' dir='ltr'><strong>ab</strong></span> 
     </span>
     <span class='ocr_line' id='line_1_7' title="bbox 61 707 1080 791; baseline 0 -21"><span class='ocrx_word' id='word_1_48' title='bbox 61 710 205 786; x_wconf 87' lang='lat' dir='ltr'><strong>ignavis,</strong></span> <span class='ocrx_word' id='word_1_49' title='bbox 228 707 418 767; x_wconf 73' lang='lat' dir='ltr'><strong>strenuissimi</strong></span> <span class='ocrx_word' id='word_1_50' title='bbox 440 709 578 786; x_wconf 89' lang='lat' dir='ltr'><strong>cuiusque</strong></span> <span class='ocrx_word' id='word_1_51' title='bbox 601 708 733 787; x_wconf 88' lang='lat' dir='ltr'><strong>periculo</strong></span> <span class='ocrx_word' id='word_1_52' title='bbox 754 709 835 786; x_wconf 86' lang='lat' dir='ltr'><strong>geri,</strong></span> <span class='ocrx_word' id='word_1_53' title='bbox 856 710 970 788; x_wconf 90' lang='lat' dir='ltr'><strong>iamque</strong></span> <span class='ocrx_word' id='word_1_54' title='bbox 991 727 1080 791; x_wconf 90' lang='lat' dir='ltr'><strong>super</strong></span> 
     </span>
     <span class='ocr_line' id='line_1_8' title="bbox 63 789 1078 872; baseline 0.002 -20"><span class='ocrx_word' id='word_1_55' title='bbox 63 800 161 872; x_wconf 87' lang='lat' dir='ltr'><strong>ceput</strong></span> <span class='ocrx_word' id='word_1_56' title='bbox 178 789 331 868; x_wconf 77' lang='lat' dir='ltr'><strong>legiones,</strong></span> <span class='ocrx_word' id='word_1_57' title='bbox 353 791 595 870; x_wconf 87' lang='lat' dir='ltr'><strong>sapientissimum</strong></span> <span class='ocrx_word' id='word_1_58' title='bbox 616 809 760 872; x_wconf 83' lang='lat' dir='ltr'><strong>quemque</strong></span> <span class='ocrx_word' id='word_1_59' title='bbox 775 795 940 854; x_wconf 87' lang='lat' dir='ltr'><strong>reverentia</strong></span> <span class='ocrx_word' id='word_1_60' title='bbox 953 793 1078 872; x_wconf 84' lang='lat' dir='ltr'><strong>fideque,</strong></span> 
     </span>
     <span class='ocr_line' id='line_1_9' title="bbox 60 874 1107 954; baseline -0.003 -16"><span class='ocrx_word' id='word_1_61' title='bbox 60 878 203 938; x_wconf 89' lang='lat' dir='ltr'><strong>iuniores</strong></span> <span class='ocrx_word' id='word_1_62' title='bbox 217 874 351 954; x_wconf 81' lang='lat' dir='ltr'><strong>periculo</strong></span> <span class='ocrx_word' id='word_1_63' title='bbox 363 892 399 936; x_wconf 91' lang='lat' dir='ltr'><strong>ao</strong></span> <span class='ocrx_word' id='word_1_64' title='bbox 411 883 488 936; x_wconf 89' lang='lat' dir='ltr'><strong>metu</strong></span> <span class='ocrx_word' id='word_1_65' title='bbox 503 875 655 936; x_wconf 80' lang='lat' dir='ltr'><strong>continuit:</strong></span> <span class='ocrx_word' id='word_1_66' title='bbox 679 885 708 936; x_wconf 93' lang='lat' dir='ltr'><strong>et</strong></span> <span class='ocrx_word' id='word_1_67' title='bbox 721 875 868 938; x_wconf 86' lang='lat' dir='ltr'><strong>Valentini</strong></span> <span class='ocrx_word' id='word_1_68' title='bbox 882 879 1004 938; x_wconf 88' lang='lat' dir='ltr'><strong>animum</strong></span> <span class='ocrx_word' id='word_1_69' title='bbox 1018 877 1076 938; x_wconf 93' lang='lat' dir='ltr'><strong>lau·</strong></span> <span class='ocrx_word' id='word_1_70' title='bbox 1091 897 1107 935; x_wconf 85' lang='lat' dir='ltr'><strong>s</strong></span> 
     </span>
     <span class='ocr_line' id='line_1_10' title="bbox 64 959 1079 1039; baseline 0 -19"><span class='ocrx_word' id='word_1_71' title='bbox 64 959 197 1036; x_wconf 91' lang='lat' dir='ltr'><strong>dabant,</strong></span> <span class='ocrx_word' id='word_1_72' title='bbox 223 959 376 1019; x_wconf 90' lang='lat' dir='ltr'><strong>consilium</strong></span> <span class='ocrx_word' id='word_1_73' title='bbox 395 959 532 1039; x_wconf 80' lang='lat' dir='ltr'><strong>Auspicis</strong></span> <span class='ocrx_word' id='word_1_74' title='bbox 553 960 761 1037; x_wconf 85' lang='lat' dir='ltr'><strong>sequebantur.</strong></span> <span class='ocrx_word' id='word_1_75' title='bbox 800 969 916 1022; x_wconf 89' lang='lat' dir='ltr'><strong>constat</strong></span> <span class='ocrx_word' id='word_1_76' title='bbox 930 961 1079 1022; x_wconf 86' lang='lat' dir='ltr'><strong>obstitisse</strong></span> 
     </span>
     <span class='ocr_line' id='line_1_11' title="bbox 65 1042 1081 1125; baseline 0 -21"><span class='ocrx_word' id='word_1_77' title='bbox 65 1044 214 1104; x_wconf 82' lang='lat' dir='ltr'><strong>Treveris</strong></span> <span class='ocrx_word' id='word_1_78' title='bbox 232 1042 468 1124; x_wconf 81' lang='lat' dir='ltr'><strong>Lingonibusque</strong></span> <span class='ocrx_word' id='word_1_79' title='bbox 497 1044 575 1123; x_wconf 91' lang='lat' dir='ltr'><strong>apud</strong></span> <span class='ocrx_word' id='word_1_80' title='bbox 596 1042 723 1123; x_wconf 83' lang='lat' dir='ltr'><strong>Gallias,</strong></span> <span class='ocrx_word' id='word_1_81' title='bbox 750 1045 830 1125; x_wconf 93' lang='lat' dir='ltr'><strong>quod</strong></span> <span class='ocrx_word' id='word_1_82' title='bbox 849 1045 980 1106; x_wconf 89' lang='lat' dir='ltr'><strong>Vindicis</strong></span> <span class='ocrx_word' id='word_1_83' title='bbox 1000 1054 1081 1105; x_wconf 89' lang='lat' dir='ltr'><strong>moto</strong></span> 
     </span>
     <span class='ocr_line' id='line_1_12' title="bbox 69 1127 1079 1209; baseline 0 -20"><span class='ocrx_word' id='word_1_84' title='bbox 69 1146 139 1189; x_wconf 91' lang='lat' dir='ltr'><strong>cum</strong></span> <span class='ocrx_word' id='word_1_85' title='bbox 167 1127 310 1205; x_wconf 85' lang='lat' dir='ltr'><strong>Verginio</strong></span> <span class='ocrx_word' id='word_1_86' title='bbox 330 1136 480 1189; x_wconf 86' lang='lat' dir='ltr'><strong>steterant.</strong></span> <span class='ocrx_word' id='word_1_87' title='bbox 518 1127 658 1189; x_wconf 89' lang='lat' dir='ltr'><strong>deterruit</strong></span> <span class='ocrx_word' id='word_1_88' title='bbox 676 1127 836 1208; x_wconf 89' lang='lat' dir='ltr'><strong>plerosque</strong></span> <span class='ocrx_word' id='word_1_89' title='bbox 865 1130 1079 1209; x_wconf 89' lang='lat' dir='ltr'><strong>provinciarum</strong></span> 
     </span>
     <span class='ocr_line' id='line_1_13' title="bbox 68 1209 1077 1293; baseline -0.001 -20"><span class='ocrx_word' id='word_1_90' title='bbox 68 1211 248 1273; x_wconf 86' lang='lat' dir='ltr'><strong>aemulatio:</strong></span> <span class='ocrx_word' id='word_1_91' title='bbox 280 1209 358 1290; x_wconf 90' lang='lat' dir='ltr'><strong>quod</strong></span> <span class='ocrx_word' id='word_1_92' title='bbox 372 1210 452 1272; x_wconf 92' lang='lat' dir='ltr'><strong>bello</strong></span> <span class='ocrx_word' id='word_1_93' title='bbox 475 1209 581 1291; x_wconf 80' lang='lat' dir='ltr'><strong>caput?</strong></span> <span class='ocrx_word' id='word_1_94' title='bbox 613 1211 688 1272; x_wconf 90' lang='lat' dir='ltr'><strong>unde</strong></span> <span class='ocrx_word' id='word_1_95' title='bbox 704 1215 748 1274; x_wconf 92' lang='lat' dir='ltr'><strong>ius</strong></span> <span class='ocrx_word' id='word_1_96' title='bbox 763 1215 980 1293; x_wconf 87' lang='lat' dir='ltr'><strong>auspiciumque</strong></span> <span class='ocrx_word' id='word_1_97' title='bbox 998 1222 1077 1292; x_wconf 90' lang='lat' dir='ltr'><strong>pete·</strong></span> 
     </span>
     <span class='ocr_line' id='line_1_14' title="bbox 67 1293 1154 1375; baseline -0.007 -17"><span class='ocrx_word' id='word_1_98' title='bbox 67 1293 173 1358; x_wconf 81' lang='lat' dir='ltr'><strong>netur?</strong></span> <span class='ocrx_word' id='word_1_99' title='bbox 209 1313 307 1374; x_wconf 91' lang='lat' dir='ltr'><strong>quam,</strong></span> <span class='ocrx_word' id='word_1_100' title='bbox 327 1296 353 1356; x_wconf 92' lang='lat' dir='ltr'><strong>si</strong></span> <span class='ocrx_word' id='word_1_101' title='bbox 377 1304 479 1358; x_wconf 88' lang='lat' dir='ltr'><strong>cuncta</strong></span> <span class='ocrx_word' id='word_1_102' title='bbox 495 1296 715 1375; x_wconf 80' lang='lat' dir='ltr'><strong>provenissent,</strong></span> <span class='ocrx_word' id='word_1_103' title='bbox 737 1297 836 1358; x_wconf 89' lang='lat' dir='ltr'><strong>sedem</strong></span> <span class='ocrx_word' id='word_1_104' title='bbox 856 1297 979 1374; x_wconf 89' lang='lat' dir='ltr'><strong>imperio</strong></span> <span class='ocrx_word' id='word_1_105' title='bbox 994 1296 1075 1373; x_wconf 86' lang='lat' dir='ltr'><strong>lege·</strong></span> <span class='ocrx_word' id='word_1_106' title='bbox 1090 1313 1116 1351; x_wconf 76' lang='lat' dir='ltr'><strong>ro</strong></span> <span class='ocrx_word' id='word_1_107' title='bbox 1143 1331 1154 1340; x_wconf 85' lang='grc'><strong>--</strong></span> 
     </span>
     <span class='ocr_line' id='line_1_15' title="bbox 70 1377 1076 1457; baseline 0 -17"><span class='ocrx_word' id='word_1_108' title='bbox 70 1377 157 1440; x_wconf 78' lang='lat' dir='ltr'><strong>renti</strong></span> <span class='ocrx_word' id='word_1_109' title='bbox 191 1378 315 1439; x_wconf 89' lang='lat' dir='ltr'><strong>nondum</strong></span> <span class='ocrx_word' id='word_1_110' title='bbox 337 1379 477 1456; x_wconf 89' lang='lat' dir='ltr'><strong>victoria,</strong></span> <span class='ocrx_word' id='word_1_111' title='bbox 503 1381 559 1440; x_wconf 90' lang='lat' dir='ltr'><strong>iam</strong></span> <span class='ocrx_word' id='word_1_112' title='bbox 575 1377 722 1440; x_wconf 90' lang='lat' dir='ltr'><strong>discordia</strong></span> <span class='ocrx_word' id='word_1_113' title='bbox 742 1389 822 1457; x_wconf 89' lang='lat' dir='ltr'><strong>erat,</strong></span> <span class='ocrx_word' id='word_1_114' title='bbox 841 1379 915 1440; x_wconf 85' lang='lat' dir='ltr'><strong>aliis</strong></span> <span class='ocrx_word' id='word_1_115' title='bbox 944 1379 1076 1456; x_wconf 86' lang='lat' dir='ltr'><strong>foedera,</strong></span> 
     </span>
     <span class='ocr_line' id='line_1_16' title="bbox 69 1461 1077 1544; baseline -0.001 -21"><span class='ocrx_word' id='word_1_116' title='bbox 69 1461 241 1544; x_wconf 88' lang='lat' dir='ltr'><strong>quibusdam</strong></span> <span class='ocrx_word' id='word_1_117' title='bbox 258 1479 332 1542; x_wconf 94' lang='lat' dir='ltr'><strong>opes</strong></span> <span class='ocrx_word' id='word_1_118' title='bbox 353 1465 494 1542; x_wconf 89' lang='lat' dir='ltr'><strong>viresque</strong></span> <span class='ocrx_word' id='word_1_119' title='bbox 516 1471 565 1522; x_wconf 89' lang='lat' dir='ltr'><strong>aut</strong></span> <span class='ocrx_word' id='word_1_120' title='bbox 581 1471 753 1522; x_wconf 86' lang='lat' dir='ltr'><strong>vetustatem</strong></span> <span class='ocrx_word' id='word_1_121' title='bbox 776 1463 898 1540; x_wconf 86' lang='lat' dir='ltr'><strong>originis</strong></span> <span class='ocrx_word' id='word_1_122' title='bbox 914 1473 968 1542; x_wconf 86' lang='lat' dir='ltr'><strong>per</strong></span> <span class='ocrx_word' id='word_1_123' title='bbox 984 1463 1077 1540; x_wconf 85' lang='lat' dir='ltr'><strong>iurgia</strong></span> 
     </span>
     <span class='ocr_line' id='line_1_17' title="bbox 68 1546 1080 1626; baseline -0.003 -17"><span class='ocrx_word' id='word_1_124' title='bbox 68 1546 259 1609; x_wconf 88' lang='lat' dir='ltr'><strong>iactantibus:</strong></span> <span class='ocrx_word' id='word_1_125' title='bbox 289 1547 386 1607; x_wconf 87' lang='lat' dir='ltr'><strong>taedio</strong></span> <span class='ocrx_word' id='word_1_126' title='bbox 408 1547 567 1607; x_wconf 86' lang='lat' dir='ltr'><strong>futurorum</strong></span> <span class='ocrx_word' id='word_1_127' title='bbox 582 1547 747 1626; x_wconf 91' lang='lat' dir='ltr'><strong>praesentia</strong></span> <span class='ocrx_word' id='word_1_128' title='bbox 764 1547 913 1626; x_wconf 88' lang='lat' dir='ltr'><strong>placuere.</strong></span> <span class='ocrx_word' id='word_1_129' title='bbox 946 1546 1080 1606; x_wconf 79' lang='lat' dir='ltr'><strong>scribun-</strong></span> 
     </span>
     <span class='ocr_line' id='line_1_18' title="bbox 71 1627 1184 1710; baseline -0.002 -18"><span class='ocrx_word' id='word_1_130' title='bbox 71 1643 118 1692; x_wconf 90' lang='lat' dir='ltr'><strong>tur</strong></span> <span class='ocrx_word' id='word_1_131' title='bbox 136 1630 172 1690; x_wconf 92' lang='lat' dir='ltr'><strong>ad</strong></span> <span class='ocrx_word' id='word_1_132' title='bbox 193 1631 340 1691; x_wconf 80' lang='lat' dir='ltr'><strong>Treveros</strong></span> <span class='ocrx_word' id='word_1_133' title='bbox 363 1629 506 1710; x_wconf 84' lang='lat' dir='ltr'><strong>epistulae</strong></span> <span class='ocrx_word' id='word_1_134' title='bbox 528 1629 643 1690; x_wconf 89' lang='lat' dir='ltr'><strong>nomime</strong></span> <span class='ocrx_word' id='word_1_135' title='bbox 660 1627 829 1706; x_wconf 79' lang='lat' dir='ltr'><strong>Galliarum,</strong></span> <span class='ocrx_word' id='word_1_136' title='bbox 853 1637 884 1690; x_wconf 90' lang='lat' dir='ltr'><strong>ut</strong></span> <span class='ocrx_word' id='word_1_137' title='bbox 899 1628 1079 1690; x_wconf 89' lang='lat' dir='ltr'><strong>abstinerent</strong></span> <span class='ocrx_word' id='word_1_138' title='bbox 1180 1649 1184 1660; x_wconf 92' lang='lat'><strong>·</strong></span> 
     </span>
     <span class='ocr_line' id='line_1_19' title="bbox 73 1713 1113 1794; baseline -0.005 -17"><span class='ocrx_word' id='word_1_139' title='bbox 73 1716 176 1792; x_wconf 88' lang='lat' dir='ltr'><strong>armis,</strong></span> <span class='ocrx_word' id='word_1_140' title='bbox 198 1713 373 1793; x_wconf 87' lang='lat' dir='ltr'><strong>impetrabili</strong></span> <span class='ocrx_word' id='word_1_141' title='bbox 388 1715 472 1774; x_wconf 89' lang='lat' dir='ltr'><strong>venia</strong></span> <span class='ocrx_word' id='word_1_142' title='bbox 491 1722 520 1773; x_wconf 90' lang='lat' dir='ltr'><strong>et</strong></span> <span class='ocrx_word' id='word_1_143' title='bbox 534 1715 643 1793; x_wconf 87' lang='lat' dir='ltr'><strong>paratis</strong></span> <span class='ocrx_word' id='word_1_144' title='bbox 658 1713 915 1792; x_wconf 84' lang='lat' dir='ltr'><strong>deprecatoribus,</strong></span> <span class='ocrx_word' id='word_1_145' title='bbox 937 1715 962 1774; x_wconf 90' lang='lat' dir='ltr'><strong>si</strong></span> <span class='ocrx_word' id='word_1_146' title='bbox 978 1715 1113 1794; x_wconf 80' lang='lat' dir='ltr'><strong>pacni-ra</strong></span> 
     </span>
     <span class='ocr_line' id='line_1_20' title="bbox 69 1796 1076 1877; baseline -0.003 -16"><span class='ocrx_word' id='word_1_147' title='bbox 69 1807 164 1861; x_wconf 88' lang='lat' dir='ltr'><strong>teret:</strong></span> <span class='ocrx_word' id='word_1_148' title='bbox 200 1800 307 1859; x_wconf 88' lang='lat' dir='ltr'><strong>restitit</strong></span> <span class='ocrx_word' id='word_1_149' title='bbox 332 1797 408 1858; x_wconf 90' lang='lat' dir='ltr'><strong>idern</strong></span> <span class='ocrx_word' id='word_1_150' title='bbox 434 1797 606 1858; x_wconf 83' lang='lat' dir='ltr'><strong>Valentinus</strong></span> <span class='ocrx_word' id='word_1_151' title='bbox 634 1796 835 1877; x_wconf 85' lang='lat' dir='ltr'><strong>obstruxitque</strong></span> <span class='ocrx_word' id='word_1_152' title='bbox 857 1797 982 1857; x_wconf 91' lang='lat' dir='ltr'><strong>civitatis</strong></span> <span class='ocrx_word' id='word_1_153' title='bbox 1006 1815 1076 1858; x_wconf 87' lang='lat' dir='ltr'><strong>suae</strong></span> 
     </span>
     <span class='ocr_line' id='line_1_21' title="bbox 70 1880 1078 1962; baseline -0.005 -17"><span class='ocrx_word' id='word_1_154' title='bbox 70 1901 173 1961; x_wconf 86' lang='lat' dir='ltr'><strong>aures,</strong></span> <span class='ocrx_word' id='word_1_155' title='bbox 190 1883 265 1944; x_wconf 88' lang='lat' dir='ltr'><strong>haud</strong></span> <span class='ocrx_word' id='word_1_156' title='bbox 284 1881 404 1962; x_wconf 87' lang='lat' dir='ltr'><strong>perinde</strong></span> <span class='ocrx_word' id='word_1_157' title='bbox 419 1880 586 1943; x_wconf 90' lang='lat' dir='ltr'><strong>instruendo</strong></span> <span class='ocrx_word' id='word_1_158' title='bbox 602 1881 683 1942; x_wconf 89' lang='lat' dir='ltr'><strong>bello</strong></span> <span class='ocrx_word' id='word_1_159' title='bbox 697 1882 823 1942; x_wconf 89' lang='lat' dir='ltr'><strong>intentus</strong></span> <span class='ocrx_word' id='word_1_160' title='bbox 838 1899 921 1961; x_wconf 92' lang='lat' dir='ltr'><strong>quam</strong></span> <span class='ocrx_word' id='word_1_161' title='bbox 936 1882 1078 1962; x_wconf 80' lang='lat' dir='ltr'><strong>frequens</strong></span> 
     </span>
     <span class='ocr_line' id='line_1_22' title="bbox 46 1965 698 2029; baseline -0.009 -1"><span class='ocrx_word' id='word_1_162' title='bbox 46 2023 49 2028; x_wconf 91' lang='lat'><strong>.</strong></span> <span class='ocrx_word' id='word_1_163' title='bbox 72 1965 266 2029; x_wconf 88' lang='lat' dir='ltr'><strong>contionibus.</strong></span> <span class='ocrx_word' id='word_1_164' title='bbox 690 1987 698 1998; x_wconf 64' lang='lat'><strong>.</strong></span> 
     </span>
    </p>

    <p class='ocr_par' dir='ltr' id='par_1_4' title="bbox 72 2047 1113 3472">
     <span class='ocr_line' id='line_1_23' title="bbox 136 2047 1076 2129; baseline -0.001 -18"><span class='ocrx_word' id='word_1_165' title='bbox 136 2051 185 2111; x_wconf 85' lang='grc'><strong>70.</strong></span> <span class='ocrx_word' id='word_1_166' title='bbox 208 2049 302 2129; x_wconf 89' lang='lat' dir='ltr'><strong>lgitur</strong></span> <span class='ocrx_word' id='word_1_167' title='bbox 315 2065 373 2111; x_wconf 91' lang='lat' dir='ltr'><strong>non</strong></span> <span class='ocrx_word' id='word_1_168' title='bbox 391 2047 513 2110; x_wconf 79' lang='lat' dir='ltr'><strong>Treveri</strong></span> <span class='ocrx_word' id='word_1_169' title='bbox 536 2067 631 2127; x_wconf 88' lang='lat' dir='ltr'><strong>neque</strong></span> <span class='ocrx_word' id='word_1_170' title='bbox 646 2048 793 2127; x_wconf 86' lang='lat' dir='ltr'><strong>Lingones</strong></span> <span class='ocrx_word' id='word_1_171' title='bbox 809 2058 964 2111; x_wconf 87' lang='lat' dir='ltr'><strong>ceteraeve</strong></span> <span class='ocrx_word' id='word_1_172' title='bbox 979 2050 1076 2110; x_wconf 89' lang='lat' dir='ltr'><strong>rebel·</strong></span> 
     </span>
     <span class='ocr_line' id='line_1_24' title="bbox 73 2132 1077 2213; baseline -0.002 -17"><span class='ocrx_word' id='word_1_173' title='bbox 73 2138 141 2196; x_wconf 90' lang='lat' dir='ltr'><strong>lium</strong></span> <span class='ocrx_word' id='word_1_174' title='bbox 161 2135 293 2195; x_wconf 89' lang='lat' dir='ltr'><strong>civitates</strong></span> <span class='ocrx_word' id='word_1_175' title='bbox 320 2150 374 2213; x_wconf 94' lang='lat' dir='ltr'><strong>pro</strong></span> <span class='ocrx_word' id='word_1_176' title='bbox 397 2132 592 2212; x_wconf 84' lang='lat' dir='ltr'><strong>magnitudine</strong></span> <span class='ocrx_word' id='word_1_177' title='bbox 614 2133 745 2211; x_wconf 90' lang='lat' dir='ltr'><strong>suscepti</strong></span> <span class='ocrx_word' id='word_1_178' title='bbox 766 2133 938 2193; x_wconf 87' lang='lat' dir='ltr'><strong>discriminis</strong></span> <span class='ocrx_word' id='word_1_179' title='bbox 969 2151 1077 2211; x_wconf 86' lang='lat' dir='ltr'><strong>agere;</strong></span> 
     </span>
     <span class='ocr_line' id='line_1_25' title="bbox 72 2214 1075 2297; baseline -0.004 -17"><span class='ocrx_word' id='word_1_180' title='bbox 72 2238 111 2280; x_wconf 89' lang='lat' dir='ltr'><strong>nc</strong></span> <span class='ocrx_word' id='word_1_181' title='bbox 126 2217 214 2279; x_wconf 89' lang='lat' dir='ltr'><strong>duces</strong></span> <span class='ocrx_word' id='word_1_182' title='bbox 228 2217 343 2297; x_wconf 89' lang='lat' dir='ltr'><strong>quidem</strong></span> <span class='ocrx_word' id='word_1_183' title='bbox 365 2219 492 2277; x_wconf 87' lang='lat' dir='ltr'><strong>inunum</strong></span> <span class='ocrx_word' id='word_1_184' title='bbox 509 2215 681 2294; x_wconf 88' lang='lat' dir='ltr'><strong>consulere,</strong></span> <span class='ocrx_word' id='word_1_185' title='bbox 703 2216 757 2277; x_wconf 90' lang='lat' dir='ltr'><strong>sed</strong></span> <span class='ocrx_word' id='word_1_186' title='bbox 775 2214 876 2277; x_wconf 79' lang='lat' dir='ltr'><strong>Civilis</strong></span> <span class='ocrx_word' id='word_1_187' title='bbox 892 2216 955 2279; x_wconf 90' lang='lat' dir='ltr'><strong>avia</strong></span> <span class='ocrx_word' id='word_1_188' title='bbox 970 2215 1075 2294; x_wconf 86' lang='lat' dir='ltr'><strong>Belga·</strong></span> 
     </span>
     <span class='ocr_line' id='line_1_26' title="bbox 72 2299 1075 2380; baseline -0.005 -16"><span class='ocrx_word' id='word_1_189' title='bbox 72 2321 134 2364; x_wconf 90' lang='lat' dir='ltr'><strong>rum</strong></span> <span class='ocrx_word' id='word_1_190' title='bbox 155 2302 340 2380; x_wconf 90' lang='lat' dir='ltr'><strong>circumibat,</strong></span> <span class='ocrx_word' id='word_1_191' title='bbox 362 2300 428 2361; x_wconf 89' lang='lat' dir='ltr'><strong>dum</strong></span> <span class='ocrx_word' id='word_1_192' title='bbox 443 2300 593 2362; x_wconf 79' lang='lat' dir='ltr'><strong>Claudium</strong></span> <span class='ocrx_word' id='word_1_193' title='bbox 607 2299 774 2361; x_wconf 88' lang='lat' dir='ltr'><strong>Labeonem</strong></span> <span class='ocrx_word' id='word_1_194' title='bbox 793 2318 901 2379; x_wconf 86' lang='lat' dir='ltr'><strong>cepere</strong></span> <span class='ocrx_word' id='word_1_195' title='bbox 916 2309 963 2360; x_wconf 90' lang='lat' dir='ltr'><strong>aut</strong></span> <span class='ocrx_word' id='word_1_196' title='bbox 979 2310 1075 2360; x_wconf 85' lang='lat' dir='ltr'><strong>extor-</strong></span> 
     </span>
     <span class='ocr_line' id='line_1_27' title="bbox 73 2383 1101 2464; baseline -0.011 -16"><span class='ocrx_word' id='word_1_197' title='bbox 73 2389 143 2448; x_wconf 90' lang='lat' dir='ltr'><strong>bare</strong></span> <span class='ocrx_word' id='word_1_198' title='bbox 161 2387 271 2457; x_wconf 88' lang='lat' dir='ltr'><strong>uititnr;</strong></span> <span class='ocrx_word' id='word_1_199' title='bbox 295 2385 443 2447; x_wconf 80' lang='lat' dir='ltr'><strong>Classicus</strong></span> <span class='ocrx_word' id='word_1_200' title='bbox 463 2402 556 2464; x_wconf 90' lang='lat' dir='ltr'><strong>segne</strong></span> <span class='ocrx_word' id='word_1_201' title='bbox 574 2384 746 2464; x_wconf 88' lang='lat' dir='ltr'><strong>plerumque</strong></span> <span class='ocrx_word' id='word_1_202' title='bbox 762 2385 850 2444; x_wconf 91' lang='lat' dir='ltr'><strong>otium</strong></span> <span class='ocrx_word' id='word_1_203' title='bbox 865 2383 984 2457; x_wconf 85' lang='lat' dir='ltr'><strong>trahens</strong></span> <span class='ocrx_word' id='word_1_204' title='bbox 995 2383 1101 2444; x_wconf 76' lang='lat' dir='ltr'><strong>veluto</strong></span> 
     </span>
     <span class='ocr_line' id='line_1_28' title="bbox 73 2467 1075 2553; baseline -0.005 -21"><span class='ocrx_word' id='word_1_205' title='bbox 73 2479 155 2552; x_wconf 90' lang='lat' dir='ltr'><strong>parto</strong></span> <span class='ocrx_word' id='word_1_206' title='bbox 171 2472 294 2553; x_wconf 91' lang='lat' dir='ltr'><strong>imperio</strong></span> <span class='ocrx_word' id='word_1_207' title='bbox 308 2468 474 2542; x_wconf 68' lang='lat' dir='ltr'><strong>innobatum</strong></span> <span class='ocrx_word' id='word_1_208' title='bbox 489 2486 526 2529; x_wconf 89' lang='lat' dir='ltr'><strong>no</strong></span> <span class='ocrx_word' id='word_1_209' title='bbox 540 2468 633 2530; x_wconf 81' lang='lat' dir='ltr'><strong>&#39;lutor</strong></span> <span class='ocrx_word' id='word_1_210' title='bbox 648 2468 762 2549; x_wconf 89' lang='lat' dir='ltr'><strong>quidem</strong></span> <span class='ocrx_word' id='word_1_211' title='bbox 776 2468 928 2529; x_wconf 88' lang='lat' dir='ltr'><strong>maturavit</strong></span> <span class='ocrx_word' id='word_1_212' title='bbox 942 2467 1075 2549; x_wconf 83' lang='lat' dir='ltr'><strong>superio-</strong></span> 
     </span>
     <span class='ocr_line' id='line_1_29' title="bbox 73 2550 1077 2634; baseline -0.006 -18"><span class='ocrx_word' id='word_1_213' title='bbox 73 2573 133 2616; x_wconf 91' lang='lat' dir='ltr'><strong>rem</strong></span> <span class='ocrx_word' id='word_1_214' title='bbox 152 2553 320 2616; x_wconf 80' lang='lat' dir='ltr'><strong>Germaniae</strong></span> <span class='ocrx_word' id='word_1_215' title='bbox 341 2553 434 2634; x_wconf 91' lang='lat' dir='ltr'><strong>ripam</strong></span> <span class='ocrx_word' id='word_1_216' title='bbox 454 2562 485 2614; x_wconf 90' lang='lat' dir='ltr'><strong>et</strong></span> <span class='ocrx_word' id='word_1_217' title='bbox 508 2553 595 2616; x_wconf 87' lang='lat' dir='ltr'><strong>ardua</strong></span> <span class='ocrx_word' id='word_1_218' title='bbox 617 2553 734 2632; x_wconf 81' lang='lat' dir='ltr'><strong>Alpium</strong></span> <span class='ocrx_word' id='word_1_219' title='bbox 753 2551 906 2632; x_wconf 86' lang='lat' dir='ltr'><strong>praesidiis</strong></span> <span class='ocrx_word' id='word_1_220' title='bbox 928 2550 1077 2612; x_wconf 89' lang='lat' dir='ltr'><strong>claudere.</strong></span> 
     </span>
     <span class='ocr_line' id='line_1_30' title="bbox 72 2633 1074 2718; baseline -0.005 -18"><span class='ocrx_word' id='word_1_221' title='bbox 72 2649 157 2718; x_wconf 90' lang='lat' dir='ltr'><strong>atque</strong></span> <span class='ocrx_word' id='word_1_222' title='bbox 169 2640 283 2700; x_wconf 91' lang='lat' dir='ltr'><strong>interim</strong></span> <span class='ocrx_word' id='word_1_223' title='bbox 298 2639 544 2700; x_wconf 79' lang='lat' dir='ltr'><strong>unaetvicensima</strong></span> <span class='ocrx_word' id='word_1_224' title='bbox 559 2637 639 2715; x_wconf 90' lang='lat' dir='ltr'><strong>legio</strong></span> <span class='ocrx_word' id='word_1_225' title='bbox 657 2637 848 2715; x_wconf 86' lang='lat' dir='ltr'><strong>Vindonissa,</strong></span> <span class='ocrx_word' id='word_1_226' title='bbox 868 2635 1008 2697; x_wconf 80' lang='lat' dir='ltr'><strong>Sextilius</strong></span> <span class='ocrx_word' id='word_1_227' title='bbox 1020 2633 1074 2696; x_wconf 82' lang='lat' dir='ltr'><strong>Fe·</strong></span> 
     </span>
     <span class='ocr_line' id='line_1_31' title="bbox 73 2721 1076 2801; baseline -0.003 -18"><span class='ocrx_word' id='word_1_228' title='bbox 73 2725 115 2784; x_wconf 90' lang='lat' dir='ltr'><strong>lix</strong></span> <span class='ocrx_word' id='word_1_229' title='bbox 130 2741 191 2783; x_wconf 90' lang='lat' dir='ltr'><strong>cum</strong></span> <span class='ocrx_word' id='word_1_230' title='bbox 207 2722 365 2784; x_wconf 84' lang='lat' dir='ltr'><strong>auxiliariis</strong></span> <span class='ocrx_word' id='word_1_231' title='bbox 380 2722 550 2784; x_wconf 88' lang='lat' dir='ltr'><strong>cohortibus</strong></span> <span class='ocrx_word' id='word_1_232' title='bbox 562 2741 616 2801; x_wconf 88' lang='lat' dir='ltr'><strong>per</strong></span> <span class='ocrx_word' id='word_1_233' title='bbox 629 2723 760 2784; x_wconf 84' lang='lat' dir='ltr'><strong>Raetiam</strong></span> <span class='ocrx_word' id='word_1_234' title='bbox 775 2721 929 2800; x_wconf 88' lang='lat' dir='ltr'><strong>inrupere;</strong></span> <span class='ocrx_word' id='word_1_235' title='bbox 947 2721 1076 2781; x_wconf 86' lang='lat' dir='ltr'><strong>accessit</strong></span> 
     </span>
     <span class='ocr_line' id='line_1_32' title="bbox 74 2804 1113 2886; baseline -0.005 -18"><span class='ocrx_word' id='word_1_236' title='bbox 74 2807 119 2868; x_wconf 92' lang='lat' dir='ltr'><strong>ala</strong></span> <span class='ocrx_word' id='word_1_237' title='bbox 130 2807 325 2886; x_wconf 87' lang='lat' dir='ltr'><strong>singularium,</strong></span> <span class='ocrx_word' id='word_1_238' title='bbox 338 2809 435 2869; x_wconf 87' lang='lat' dir='ltr'><strong>excita</strong></span> <span class='ocrx_word' id='word_1_239' title='bbox 444 2808 512 2869; x_wconf 91' lang='lat' dir='ltr'><strong>olim</strong></span> <span class='ocrx_word' id='word_1_240' title='bbox 523 2825 540 2866; x_wconf 95' lang='lat' dir='ltr'><strong>a</strong></span> <span class='ocrx_word' id='word_1_241' title='bbox 551 2805 682 2883; x_wconf 89' lang='lat' dir='ltr'><strong>Vitellio,</strong></span> <span class='ocrx_word' id='word_1_242' title='bbox 695 2804 799 2866; x_wconf 90' lang='lat' dir='ltr'><strong>deinde</strong></span> <span class='ocrx_word' id='word_1_243' title='bbox 811 2806 840 2866; x_wconf 89' lang='lat' dir='ltr'><strong>io</strong></span> <span class='ocrx_word' id='word_1_244' title='bbox 852 2806 1072 2886; x_wconf 85' lang='lat' dir='ltr'><strong>partechspa·</strong></span> <span class='ocrx_word' id='word_1_245' title='bbox 1084 2821 1113 2863; x_wconf 80' lang='lat' dir='ltr'><strong>ro</strong></span> 
     </span>
     <span class='ocr_line' id='line_1_33' title="bbox 74 2887 1073 2971; baseline -0.003 -20"><span class='ocrx_word' id='word_1_246' title='bbox 74 2891 144 2951; x_wconf 91' lang='lat' dir='ltr'><strong>siani</strong></span> <span class='ocrx_word' id='word_1_247' title='bbox 159 2899 354 2969; x_wconf 91' lang='lat' dir='ltr'><strong>transgressa.</strong></span> <span class='ocrx_word' id='word_1_248' title='bbox 394 2899 531 2971; x_wconf 91' lang='lat' dir='ltr'><strong>praeerat</strong></span> <span class='ocrx_word' id='word_1_249' title='bbox 546 2889 635 2950; x_wconf 90' lang='lat' dir='ltr'><strong>lulius</strong></span> <span class='ocrx_word' id='word_1_250' title='bbox 651 2889 834 2968; x_wconf 89' lang='lat' dir='ltr'><strong>Briganticus</strong></span> <span class='ocrx_word' id='word_1_251' title='bbox 850 2906 954 2951; x_wconf 89' lang='lat' dir='ltr'><strong>sorore</strong></span> <span class='ocrx_word' id='word_1_252' title='bbox 972 2887 1073 2968; x_wconf 72' lang='lat' dir='ltr'><strong>Civilis</strong></span> 
     </span>
     <span class='ocr_line' id='line_1_34' title="bbox 74 2973 1075 3054; baseline 0 -22"><span class='ocrx_word' id='word_1_253' title='bbox 74 2975 202 3051; x_wconf 90' lang='lat' dir='ltr'><strong>genitus,</strong></span> <span class='ocrx_word' id='word_1_254' title='bbox 227 2984 257 3034; x_wconf 91' lang='lat' dir='ltr'><strong>ut</strong></span> <span class='ocrx_word' id='word_1_255' title='bbox 281 2976 373 3036; x_wconf 82' lang='lat' dir='ltr'><strong>terme</strong></span> <span class='ocrx_word' id='word_1_256' title='bbox 395 2977 536 3035; x_wconf 83' lang='lat' dir='ltr'><strong>acerrime</strong></span> <span class='ocrx_word' id='word_1_257' title='bbox 559 2974 758 3054; x_wconf 85' lang='lat' dir='ltr'><strong>proximorum</strong></span> <span class='ocrx_word' id='word_1_258' title='bbox 780 2973 845 3035; x_wconf 88' lang='lat' dir='ltr'><strong>odia</strong></span> <span class='ocrx_word' id='word_1_259' title='bbox 861 2981 942 3052; x_wconf 84' lang='lat' dir='ltr'><strong>suot,</strong></span> <span class='ocrx_word' id='word_1_260' title='bbox 964 2973 1075 3032; x_wconf 90' lang='lat' dir='ltr'><strong>invisus</strong></span> 
     </span>
     <span class='ocr_line' id='line_1_35' title="bbox 76 3055 1074 3137; baseline -0.001 -21"><span class='ocrx_word' id='word_1_261' title='bbox 76 3055 215 3116; x_wconf 90' lang='lat' dir='ltr'><strong>avonculo</strong></span> <span class='ocrx_word' id='word_1_262' title='bbox 240 3057 437 3136; x_wconf 83' lang='lat' dir='ltr'><strong>infensusque.</strong></span> <span class='ocrx_word' id='word_1_263' title='bbox 480 3059 571 3118; x_wconf 81' lang='lat' dir='ltr'><strong>Tutor</strong></span> <span class='ocrx_word' id='word_1_264' title='bbox 596 3057 791 3118; x_wconf 83' lang='lat' dir='ltr'><strong>Treverorum</strong></span> <span class='ocrx_word' id='word_1_265' title='bbox 816 3059 934 3137; x_wconf 89' lang='lat' dir='ltr'><strong>copias,</strong></span> <span class='ocrx_word' id='word_1_266' title='bbox 961 3057 1074 3116; x_wconf 90' lang='lat' dir='ltr'><strong>recenti</strong></span> 
     </span>
     <span class='ocr_line' id='line_1_36' title="bbox 75 3137 1072 3218; baseline -0.001 -18"><span class='ocrx_word' id='word_1_267' title='bbox 75 3140 268 3218; x_wconf 71' lang='lat' dir='ltr'><strong>langiorum,</strong></span> <span class='ocrx_word' id='word_1_268' title='bbox 291 3137 506 3218; x_wconf 78' lang='lat' dir='ltr'><strong>Caeracatiom,</strong></span> <span class='ocrx_word' id='word_1_269' title='bbox 528 3140 719 3203; x_wconf 80' lang='lat' dir='ltr'><strong>Tribocorum</strong></span> <span class='ocrx_word' id='word_1_270' title='bbox 734 3141 841 3203; x_wconf 86' lang='lat' dir='ltr'><strong>dilecto</strong></span> <span class='ocrx_word' id='word_1_271' title='bbox 857 3150 971 3217; x_wconf 89' lang='lat' dir='ltr'><strong>auctas,</strong></span> <span class='ocrx_word' id='word_1_272' title='bbox 993 3148 1072 3200; x_wconf 91' lang='lat' dir='ltr'><strong>vete·</strong></span> 
     </span>
     <span class='ocr_line' id='line_1_37' title="bbox 75 3221 1111 3388; baseline -0.003 -20"><span class='ocrx_word' id='word_1_273' title='bbox 75 3221 353 3384; x_wconf 65' lang='lat' dir='ltr'><strong>tttdtdttt</strong></span> <span class='ocrx_word' id='word_1_274' title='bbox 368 3221 1111 3388; x_wconf 49' lang='lat' dir='ltr'><strong>ttiblttildtddiititititiis</strong></span> 
     </span>
     <span class='ocr_line' id='line_1_38' title="bbox 74 3387 1076 3472; baseline -0.012 -14"><span class='ocrx_word' id='word_1_275' title='bbox 74 3387 168 3458; x_wconf 78' lang='lat' dir='ltr'><strong>Felice</strong></span> <span class='ocrx_word' id='word_1_276' title='bbox 197 3391 387 3472; x_wconf 82' lang='lat' dir='ltr'><strong>intericiunt,</strong></span> <span class='ocrx_word' id='word_1_277' title='bbox 408 3409 478 3454; x_wconf 87' lang='lat' dir='ltr'><strong>mox</strong></span> <span class='ocrx_word' id='word_1_278' title='bbox 504 3392 551 3453; x_wconf 91' lang='lat' dir='ltr'><strong>nbi</strong></span> <span class='ocrx_word' id='word_1_279' title='bbox 577 3393 669 3454; x_wconf 87' lang='lat' dir='ltr'><strong>duces</strong></span> <span class='ocrx_word' id='word_1_280' title='bbox 695 3395 900 3470; x_wconf 84' lang='lat' dir='ltr'><strong>exercitusque</strong></span> <span class='ocrx_word' id='word_1_281' title='bbox 926 3392 1076 3451; x_wconf 85' lang='lat' dir='ltr'><strong>Romanus</strong></span> 
     </span>
    </p>
   </div>
   <div class='ocr_carea' id='block_1_3' title="bbox 0 0 1284 3870">
    <p class='ocr_par' dir='ltr' id='par_1_5' title="bbox 0 0 1284 3870">
     <span class='ocr_line' id='line_1_39' title="bbox 0 0 1284 3870; baseline 0 0"><span class='ocrx_word' id='word_1_282' title='bbox 0 0 1284 3870; x_wconf 95' lang='lat' dir='ltr'><strong> </strong></span> 
     </span>
    </p>
   </div>
  </div>
 </body>
</html>
