2540 3874
139 169 199 232 126
395 176 561 228 scamnum
574 171 889 222 remurmuremus

200 333 251 397 28.
279 333 376 396 Isdem
407 330 574 394 oonsulibus
602 329 781 390 miseriarum
809 345 843 387 ac
875 327 1014 388 saevitiae
1043 344 1137 386 exem-

138 421 216 502 plum
231 427 325 496 atrox,
339 435 408 478 reus
423 424 522 497 pater,
544 421 696 476 accusator
711 413 786 474 lilius
808 412 936 491 (nomen
956 409 1068 491 utrique
1089 411 1139 472 Vi-

136 506 202 566 bius
224 501 368 580 Serenus)
390 502 420 561 iu
439 508 568 562 senatum
587 497 696 558 inducti
717 503 791 558 suut.
822 495 858 555 ab
882 494 970 556 exilio
996 502 1140 572 retractus

136 589 302 667 inluvieque
317 605 353 648 nc
373 584 511 664 squalore
533 582 645 644 obsitus
665 590 695 642 et
714 591 773 642 tum
796 588 898 642 catena
923 581 1036 640 vinctus
1056 587 1142 658 pater

114 673 232 734 roranti
260 671 319 732 lilio
359 676 559 748 comparatur.
570 664 744 728 adulescens
772 663 867 724 multis
893 663 1053 740 munditiis,
1081 663 1140 724 ala·

138 759 184 818 cri
195 754 286 832 vultu,
300 761 425 815 seueras
436 752 561 833 principi
576 749 709 829 insidias,
729 749 835 810 missus
851 747 880 808 in
901 746 1022 810 Galliam
1043 748 1140 809 conci-

137 837 297 901 torosbelli
305 833 734 912 iudexidemettestisdicebat,
743 830 974 912 adnectebatque
984 830 1140 894 Caecilium

139 924 294 985 Cornutum
311 921 488 1003 praetorium
502 919 711 980 ministravisse
730 916 896 997 pecuniam:
919 917 968 996 qui
981 916 1078 977 taedio
1093 934 1139 975 cu-

138 1026 242 1084 rarum,
261 1015 290 1068 et
306 1007 372 1086 quia
387 1005 547 1086 periculum
563 1021 618 1082 pro
633 1003 722 1063 exitio
737 997 907 1079 habebatur,
922 1009 1045 1062 mortem
1060 1001 1088 1060 in
1108 1017 1140 1059 se

104 1101 128 1143 ¹⁰
139 1091 296 1152 festinavit.
327 1098 355 1150 at
376 1097 476 1149 contra
494 1106 562 1149 reus
587 1086 656 1148 nilril
677 1085 801 1148 iniraoto
824 1086 919 1147 animo
945 1084 1088 1146 obversus
1112 1083 1141 1142 in

138 1175 226 1238 fllium
248 1182 367 1255 quatere
390 1172 500 1250 vincla,
520 1189 630 1233 vocare
651 1170 763 1233 ultores
785 1169 876 1248 deos,
900 1168 1004 1232 nisibi
1027 1167 1142 1250 quidem

137 1258 292 1322 redderent
308 1256 435 1333 exilium,
450 1255 500 1316 ubi
513 1255 618 1335 procul
633 1255 683 1316 tali
703 1272 784 1316 more
801 1264 918 1334 ageret,
943 1255 1030 1316 illium
1047 1261 1141 1314 autern

138 1343 311 1424 quandoqqe
331 1339 475 1421 supplicia
495 1348 695 1419 sequerentur.
733 1337 983 1418 adseverabatque
1005 1339 1139 1398 inuocan-

139 1438 196 1489 tem
213 1426 369 1488 cornutum
385 1432 414 1486 et
428 1424 504 1486 ialso
522 1425 703 1493 exterritum
725 1422 813 1503 idque
827 1422 915 1485 iacile
928 1422 1096 1499 intellectu,
1117 1422 1141 1480 si

105 1534 129 1576 rs
140 1510 332 1592 proderentur
348 1509 410 1570 alii:
434 1509 582 1570 nonenim
599 1525 632 1568 re
649 1506 768 1574 caedem
783 1507 923 1588 principis
939 1517 968 1569 et
985 1524 1034 1569 res
1047 1523 1141 1569 novos

138 1612 195 1655 uno
210 1595 293 1654 socio
309 1594 469 1672 cogitasse.

202 1678 252 1741 29.
275 1676 346 1739 'lum
367 1686 523 1738 accusator
545 1675 598 1738 On.
617 1676 767 1738 Lentulum
789 1685 818 1737 et
838 1677 935 1737 Seium
957 1675 1140 1738 Tuberonem
1238 1668 1249 1681 '

138 1762 281 1837 nominat,
305 1777 412 1838 magua
436 1760 548 1840 pudore
569 1759 722 1839 Caesaris,
749 1778 813 1820 cum
838 1761 982 1841 primores
1005 1761 1139 1837 civitatis,

137 1845 227 1906 intimi
238 1846 334 1923 ‚ipsius
349 1843 444 1922 amici,
458 1843 597 1905 Lentulus
608 1845 768 1905 senectutis
783 1853 946 1925 extremae,
959 1843 1076 1906 Tubero
1091 1844 1139 1906 de·

137 1930 218 1990 fecto
240 1944 383 2008 corpore,
404 1927 540 1988 tumultus
562 1926 676 1988 hostilis
696 1936 726 1990 et
748 1927 905 1990 turbandae
930 1929 974 1990 rei
1006 1928 1141 2009 publicae

113 2021 370 2076 saccerserentur.
402 2010 455 2073 sed
468 2010 496 2072 lui
515 2010 628 2092 quidem
644 2013 739 2074 statim
755 2015 897 2094 exempti:
922 2013 951 2072 in
971 2022 1082 2093 patrem
1103 2030 1141 2073 ex

138 2097 232 2157 servis
254 2096 431 2175 quaesitum,
459 2104 489 2156 et
516 2096 648 2175 quaestio
669 2096 793 2159 adversa
811 2097 975 2160 accusatori
996 2097 1057 2158 luit.
1092 2097 1140 2176 qui

138 2180 253 2242 scelere
268 2197 403 2258 vaecors,
419 2180 503 2240 simul
521 2179 601 2258 vulgi
614 2197 730 2242 rumore
746 2180 877 2260 territus,
891 2179 980 2243 robur
995 2190 1025 2242 et
1040 2199 1140 2242 saxum

137 2273 186 2326 aut
200 2263 406 2345 parricidarum
424 2283 536 2344 poenas
550 2264 750 2343 minitantium,
774 2265 861 2327 cessit
881 2263 965 2326 urbe.
996 2282 1030 2326 ac
1051 2273 1139 2326 retra·

139 2358 201 2408 ctus
214 2348 352 2410 Ravenna
370 2349 491 2428 exsequi
507 2349 723 2411 accusationem
740 2347 876 2428 adigitur,
897 2366 955 2410 uon
975 2348 1140 2410 occultante

104 2431 257 2494 ro'l'iberio
272 2440 356 2492 vetus
373 2433 468 2493 odium
487 2433 642 2494 adversum
665 2432 778 2494 exulem
802 2433 951 2494 Serenum.
986 2451 1050 2493 nam
1073 2441 1141 2511 post
1198 2509 1201 2512 Ι

137 2516 298 2577 damnatum
311 2514 451 2578 bibonam
473 2517 569 2577 missis
589 2516 626 2578 ad
650 2515 806 2579 Gaesarem
827 2517 918 2578 literis
940 2515 1138 2596 exprobrave-

87 2623 89 2626 ·
136 2609 181 2660 rat
201 2617 281 2660 suum
301 2608 408 2661 tantum
429 2600 552 2662 studium
583 2602 646 2662 siue
670 2601 766 2663 fructu
797 2601 905 2680 luisse,
932 2595 1158 2682 addideratque¹

137 2683 278 2764 quaedam
300 2685 495 2746 contumacius
517 2703 601 2764 quam
621 2695 709 2747 tutum
734 2685 810 2768 apud
835 2705 921 2749 aures
946 2685 1086 2766 superbas
1111 2693 1140 2744 et

137 2767 291 2830 oliensioni
306 2771 469 2849 proniores.
502 2787 537 2830 ea
552 2768 661 2832 Caesar
677 2779 745 2831 octo
758 2779 826 2850 post
841 2788 932 2832 annos
945 2769 1064 2848 rettulit,
1080 2787 1139 2830 me·

104 2877 127 2918 rs
138 2852 213 2912 dium
234 2863 346 2934 tempus
367 2855 448 2915 varie
468 2871 610 2932 arguens,
640 2857 725 2916 etiam
751 2855 775 2916 si
802 2862 944 2916 tornacuta
974 2853 1139 2936 pervicacia

136 2953 287 2999 servornm
302 2947 402 2999 contra
417 2939 592 2999 evenissent.

200 3020 263 3111 30,
274 3023 366 3083 Dictis
393 3022 458 3083 dein
485 3024 634 3084 sententiis
668 3032 698 3083 ut
726 3025 853 3084 Serenus
886 3040 967 3084 more
1002 3015 1159 3082 maiorum'

137 3105 300 3185 puniretur,
316 3123 373 3186 quo
390 3105 516 3167 molliret
531 3107 684 3185 invidiam,
699 3107 874 3170 intercessit.
906 3106 1004 3168 Gallus
1021 3104 1139 3167 Asinius

135 3207 204 3248 eom
225 3187 321 3264 Gyaro
343 3199 391 3250 aut
411 3190 528 3252 Donusa
561 3190 750 3252 claudendum
781 3200 931 3268 censeret,
960 3191 988 3252 id
1021 3207 1138 3270 quoque

53 3319 56 3324 .
135 3281 307 3351 aspernatus
328 3283 387 3351 est,
421 3292 543 3351 egenam
571 3293 664 3356 aquae
691 3285 840 3356 utramque
864 3275 984 3337 insulam
1004 3274 1139 3335 referens

111 3353 304 3434 adandosque
333 3357 409 3419 vitae
436 3376 505 3420 usus
534 3359 579 3420 cui
600 3361 659 3423 vita
684 3361 904 3422 concederetur.
940 3361 980 3421 ita
1009 3359 1139 3420 Serenus
1216 3400 1223 3423 ι

134 3434 292 3514 Amorgum
320 3451 494 3522 reportatur.
540 3453 569 3504 et
601 3446 665 3526 quia
693 3442 836 3506 Cornutus
866 3462 917 3507 sua
946 3462 1030 3506 manu
1059 3442 1136 3503 ceci·
1230 3454 1249 3498 u
