2596 3872
162 138 224 204 ιιι
416 151 715 202 connumerandum
726 151 907 202 ιιιιιιιιι

163 308 236 370 lustu
253 306 372 368 ultione.
402 316 431 368 et
452 307 575 370 modicis
590 305 726 368 remediis
741 306 851 386 primos
866 313 961 366 matus
977 306 1166 368 consedisse:

53 460 58 472 ,
127 391 407 538 ²⁵{ztsuirgpsperent
420 409 541 486 uxorem
556 389 685 454 Neronis
703 391 769 452 inre
783 389 946 469 Octaviam,
968 391 1010 452 iili
1035 393 1166 452 maritum

226 587 277 651 ιι.
303 589 410 651 Varius
431 597 527 652 sermo
549 600 579 651 et
606 589 643 650 ad
668 600 774 656 metum
792 597 878 670 atque
906 589 976 651 iram
1002 601 1165 652 accommo-

165 677 247 738 datus
267 674 371 735 terruit
393 671 475 734 simul
497 673 658 736 audientem
678 683 708 736 et
727 672 868 735 accendit.
899 673 951 734 sed
967 689 1066 753 parum
1085 676 1165 736 rale-

164 762 215 821 bat
229 758 358 839 suspicio
373 758 402 818 iu
421 773 510 820 servo
533 766 564 820 et
583 756 800 839 quaestionibus
815 757 982 819 ancillarum
996 756 1077 818 elusa
1093 767 1163 820 erat.

165 861 238 922 ergo
255 842 471 903 confessionem
486 842 606 904 alicuius
624 860 724 923 quaen
717 843 852 923 piacet,
875 843 920 903 cui
934 861 1030 903 rerum
1048 838 1165 924 quodue

137 943 303 991 amararum
328 927 437 987 ιιιιιιι
462 925 669 1005 adtingeretur.
704 935 735 988 et
761 929 840 988 risus
870 925 990 988 idoneus
1018 934 1167 988 maternae

163 1014 245 1073 necis
259 1018 390 1090 patrator
404 1009 560 1088 Anicetus,
577 1011 663 1073 classi
680 1009 755 1090 apud
770 1007 926 1091 Misenum,
951 1019 981 1071 ut
996 1013 1167 1089 memoravi,

164 1096 345 1178 praefectus,
368 1095 427 1155 leri
446 1104 514 1175 post
528 1056 681 1156 admissum
697 1095 794 1156 scelus
809 1097 918 1174 gratia,
939 1093 1005 1155 dein
1025 1097 1166 1174 graviore

164 1179 269 1278 odio,
278 1179 343 1258 quia
366 1178 505 1240 malorum
525 1178 684 1240 facinorum
706 1179 827 1240 ministri
849 1181 930 1260 quasi
952 1179 1168 1259 exprobrantes

164 1263 349 1344 aspiciuntur.
378 1259 467 1342 igitur
487 1264 611 1325 accitum
637 1279 702 1325 euru
723 1259 833 1325 Caesar
859 1275 970 1345 operae
990 1264 1096 1342 prioris
1116 1263 1165 1324 ad·
1288 1269 1289 1276 ’

131 1363 153 1406 ιι
163 1356 276 1410 monet
308 1346 401 1408 solum
432 1347 619 1410 incolumitati
643 1348 783 1427 principis
813 1347 952 1409 aduersus
984 1345 1170 1409 insidiantem

164 1441 283 1495 matrem
304 1431 491 1503 subvenirem
515 1432 611 1494 locum
632 1431 707 1492 baud
727 1431 845 1492 minoris
866 1433 978 1510 gratiae
993 1432 1118 1510 instare,
1141 1431 1166 1494 si
1288 1419 1289 1436 ³

165 1520 318 1596 coniugem
340 1516 482 1577 infensam
504 1513 677 1597 depelleret.
709 1533 765 1577 nec
778 1533 862 1576 manu
876 1523 923 1576 aut
939 1515 998 1574 telo
1015 1532 1104 1596 opus:
1123 1516 1164 1603 ia·

163 1612 272 1662 teretur
299 1596 438 1663 Octaviae
465 1599 645 1661 adulterium.
679 1599 794 1663 occulta
819 1599 934 1679 quidem
961 1597 997 1660 ad
1016 1591 1165 1678 praesens

164 1684 217 1746 sed
232 1701 335 1762 magna
351 1686 378 1744 ei
396 1684 523 1763 praemia
538 1692 567 1744 et
582 1702 719 1746 secessus
734 1699 872 1744 amoenae
887 1683 1044 1763 promittit,
1059 1683 1124 1760 vel,
1142 1698 1164 1746 st
1288 1733 1289 1740 ,

130 1770 344 1846 renegavisset,
360 1783 462 1828 necem
478 1769 606 1828 intentat.
633 1767 683 1829 ille
705 1767 788 1828 insita
804 1765 960 1829 vaecordia
983 1775 1012 1828 et
1026 1767 1167 1828 iacilitate

164 1853 291 1931 priorum
305 1847 495 1951 flagitiorum,
519 1850 602 1929 plura
623 1851 708 1911 etiam
723 1868 806 1931 quam
826 1852 933 1912 iussum
949 1859 1015 1912 erat
1026 1849 1161 1928 lingitia·

163 1943 295 2014 teturque
316 1933 392 2033 apud
414 1935 540 2012 amicos,
564 1952 637 2014 quos
659 1931 738 1996 uelut
760 1935 881 1996 consilio
904 1931 1073 1996 adhibuerat
1089 1936 1165 2015 prin-

164 2035 246 2118 ceps.
275 2019 354 2078 tum
346 2035 373 2078 m
388 2017 548 2080 Sardiniam
563 2018 692 2099 pellitur,
712 2016 761 2079 ubi
776 2036 834 2112 non
855 2019 940 2100 inops
957 2019 1074 2080 exilium
1091 2017 1165 2089 tole·

163 2103 237 2164 ravit
252 2111 282 2163 et
297 2102 358 2163 iate
375 2101 455 2164 obiit.

229 2229 280 2293 63.
300 2230 342 2291 m
356 2225 444 2292 Nera
454 2231 664 2311 praelectum
654 2249 686 2290 ιι
705 2247 789 2310 spem
803 2228 961 2292 molendae
977 2229 1080 2290 ιιειιιι
1097 2245 1163 2290 eor·

163 2324 292 2394 ruptum,
316 2323 347 2375 et
361 2316 511 2396 incusatae
525 2315 611 2396 paulo
632 2323 698 2376 ante
717 2314 878 2376 sterilitatis
897 2313 1021 2390 oblitus,
1044 2312 1167 2374 abactos

164 2408 264 2478 partus
279 2391 457 2460 conscientia
472 2398 620 2460 libidinum
626 2414 747 2478 ,eaqne
761 2398 819 2459 sibi
832 2357 1092 2478 compertae’nero
1106 2413 1165 2457 me·
1289 2429 1290 2474 t

164 2491 258 2543 morat
279 2483 430 2563 insulaque
444 2482 613 2546 Pandataria
626 2445 778 2544 Ὀιιιιιιιι
800 2482 920 2544 claudit
950 2497 1009 2542 nen
1025 2480 1081 2542 alia
1097 2481 1167 2541 exul
1289 2477 1290 2526 t

139 2568 318 2628 urinantium
345 2567 448 2628 oculos
473 2569 584 2630 maiore
606 2567 808 2643 misericordia
836 2565 953 2628 adiecit.
979 2567 1167 2625 meminerunt

164 2650 258 2712 adbue
285 2649 400 2730 perduc
420 2651 545 2733 Agrippa
547 2669 602 2712 uae
627 2649 796 2721 aluberto
822 2650 971 2712 recentior
990 2648 1082 2710 iuliae
1107 2665 1166 2708 me·

163 2735 255 2795 moria
271 2734 481 2798 obversabatur
499 2734 656 2798 aclaudio
670 2727 796 2814 pulsae:
816 2732 868 2796 sed
888 2733 948 2796 illis
960 2732 1050 2794 robur
1064 2732 1167 2794 aetatis

164 2818 410 2888 adfuerat31aeta
430 2819 527 2900 aliqua
540 2819 672 2880 alrimunt
693 2829 722 2882 et
739 2827 923 2910 praesentem
940 2818 1090 2880 ιιιιιιιιιι
1107 2834 1166 2878 roe·

164 2903 249 2964 lieris
271 2902 340 2963 alirn
360 2902 493 2964 icrtunae
518 2902 724 2965 recordatione
746 2898 928 2968 adlev'abant.
957 2901 1025 2962 bnic
1044 2902 1167 2981 primunr

131 3001 154 3045 rc
163 2988 322 3065 nuptiarum
343 2985 406 3048 dies
427 2987 494 3049 loco
516 2987 627 3048 ιιιιιιι
646 2986 714 3065 init,
739 2987 901 3050 deductae
892 3003 921 3048 ιι
939 2985 1077 3048 dunum
1067 3002 1099 3045 ru
1112 3001 1165 3064 qus

163 3070 234 3132 nilril
254 3072 308 3132 nisi
328 3071 490 3132 mutuom
508 3070 645 3149 baberet,
670 3080 774 3153 erepte
798 3088 852 3151 per
874 3085 1017 3134 ιιιιιιιιι
1035 3078 1119 3150 patre
1139 3075 1169 3128 ιι

164 3156 260 3218 matina
273 3156 380 3225 tratre:
406 3165 463 3217 turn
484 3155 588 3217 ancilla
609 3154 722 3218 ιοιιιιιιι
745 3155 868 3218 validior
889 3164 919 3218 ιι
943 3154 1081 3234 Poppaea
1109 3169 1167 3212 non

163 3241 218 3300 nisi
233 3241 263 3299 ιι
279 3239 438 3318 pernicicm
452 3240 553 3311 uxoris
570 3247 673 3320 nupta,
695 3248 845 3321 postremo
860 3239 969 3302 crimen
984 3237 1060 3300 omni
1076 3236 1166 3298 exitia

164 3341 292 3400 granas.
359 3357 361 3362 ·

112 3425 278 3526 sbi.
299 3422 346 3486 de
367 3424 464 3506 puella
484 3423 644 3488 vicensimo
665 3425 769 3488 aetatis
790 3439 865 3488 anne
884 3423 959 3488 inter
979 3421 1166 3486 centuriones
