2568 3870
180 151 221 213 58
390 160 555 210 oosunuu
571 160 687 207 uacum
702 157 942 206 memoraturum

179 318 257 377 baut
290 318 390 395 gravis
410 315 536 394 alioquin
557 312 660 373 seditio
676 321 845 388 exarserat,
867 331 951 392 qnam
965 313 1070 375 altiore
1092 316 1178 376 initio

177 404 288 480 (neque
312 401 386 460 euim
410 416 503 458 rerum
524 416 541 457 a
563 395 688 458 Caecina
703 404 849 472 gestarum
865 396 1016 457 ordinem'
1007 403 1179 479 interrumpi

178 486 363 582 oportuerat)
386 490 525 562 repetam.
555 479 691 540 cohortes
715 479 901 558 batavorum,
924 497 996 557 quas
1019 481 1100 541 bello
1117 481 1181 543 Ne·

145 569 257 628 toronis
279 586 295 628 a
316 575 416 646 quarta
441 565 560 625 decuma
582 564 701 642 legione
722 563 887 639 digressas,
919 581 982 625 cum
1002 564 1180 627 Britanniam

178 658 320 730 peterent,
336 648 432 708 audito
451 648 561 709 Vitellii
576 657 654 707 motu
670 648 699 707 in
712 648 828 706 civitate
838 646 997 723 Lingonum
1010 648 1102 709 Fabio
1118 650 1181 709 Va·

177 735 247 796 lenti
264 733 410 793 adiunctas
428 732 588 793 rettulimus
595 729 747 810 ,superbe
764 730 907 808 agebant,
932 743 962 792 ut
978 734 1119 811 cuiusque
1135 733 1181 793 le·

177 819 272 895 pionis
287 817 409 876 tentoria
427 816 636 891 accessissent,
650 815 796 876 coercitos
812 832 872 874 ase
886 815 1181 893 quartadecumanos,

178 900 300 960 ablatam
323 898 432 960 Neroni
449 898 559 959 ltaliam
578 906 664 978 atque
679 915 793 958 omnem
807 895 877 958 belli
892 898 1059 960 fortunam
1050 918 1079 959 ιιι
1094 901 1180 979 ipso·

143 1000 240 1046 rsruur
254 1000 337 1042 manu
352 983 434 1042 sitam
448 983 599 1042 iactantes.
628 981 865 1042 contumeliosum
883 981 910 1041 id
928 983 1074 1060 militibus,
1092 1001 1180 1046 acer·

177 1067 243 1125 bum
259 1065 337 1133 duci;
355 1073 490 1143 corrupta
509 1064 608 1141 iurgiis
624 1074 672 1124 aut
685 1066 755 1125 rixis
768 1064 934 1145 discipliua;
949 1065 984 1126 ad
998 1075 1180 1146 postremum

177 1149 287 1211 Valens
304 1167 322 1208 e
344 1147 500 1226 petulantia
516 1149 601 1208 etiam
616 1147 764 1226 perfidiam
779 1150 975 1226 suspectabat.

219 1233 269 1294 28.
297 1230 388 1309 luitur
411 1231 508 1290 nuntio
530 1230 625 1290 adlato
649 1232 760 1310 pulsam
782 1231 974 1292 Treverorum
1001 1234 1076 1293 alam
1102 1231 1177 1292 'luu-

177 1333 307 1396 quosque
326 1333 343 1374 a
365 1314 470 1400 classe
487 1312 609 1375 Othonis
631 1325 660 1375 et
680 1313 900 1376 Narbonensem
916 1316 1037 1377 Galliam
1054 1317 1170 1376 circum·

177 1403 228 1476 iri,
258 1399 341 1458 simul
366 1416 434 1459 cura
459 1392 558 1458 socios
579 1398 675 1458 tuendi
698 1407 727 1457 et
749 1398 864 1458 militari
884 1409 946 1460 astu
963 1400 1172 1459 cobortestur·

178 1482 260 1542 bidas
275 1499 334 1580 ao,
337 1482 362 1541 si
376 1498 432 1541 uua
446 1481 559 1556 iurent,
575 1481 758 1559 praevalidas
777 1480 981 1560 dispergendi,
999 1491 1112 1559 partem
1123 1479 1177 1540 Br-

153 1576 309 1627 starorum
325 1565 368 1625 ire
382 1564 409 1623 in
426 1564 581 1624 subsidium
599 1563 689 1624 iubet.
721 1563 798 1641 quod
813 1563 861 1623 ubi
877 1563 1001 1624 auditum
1016 1565 1177 1641 volgatum-

177 1667 253 1726 que,
270 1664 403 1708 maerere
418 1647 504 1720 socii,
520 1647 646 1706 iremere
661 1646 805 1723 legiones.
838 1645 934 1707 orbari
955 1665 988 1707 se
1003 1647 1179 1706 fortissimo-

100 1803 104 1812 ·
176 1750 239 1790 rum
259 1731 386 1790 virorum
409 1728 532 1796 auxilio:
553 1729 753 1788 reteresillos
770 1737 800 1788 et
814 1737 856 1789 tot
877 1729 1020 1790 bellorum
1035 1729 1179 1805 victores,
1271 1759 1272 1804 3

177 1821 330 1892 postquam
349 1813 378 1871 in
401 1819 561 1889 conspectu
585 1811 621 1870 sit
641 1811 748 1886 hostis,
771 1811 851 1871 velut
872 1832 910 1872 ex
925 1814 989 1870 acie
1009 1811 1123 1872 abduci.
1154 1813 1180 1872 si

178 1895 328 1975 provincia
355 1892 425 1954 urbe
447 1902 476 1953 et
495 1893 588 1952 salute
609 1895 721 1969 imperii
739 1896 834 1974 potior
852 1899 903 1973 sit,
925 1895 1113 1956 omnesilluo
1130 1913 1179 1955 se·

143 1993 167 2032 ro
181 1986 353 2058 querentur:
381 1978 425 2036 sin
446 1977 587 2037 uictoriae
609 1977 749 2056 leonitas,
779 1977 1018 2059 sustentaculum]
1042 1978 1180 2038 columen

176 2066 205 2122 in
228 2059 311 2122 ltalia
332 2068 512 2136 verteretur,
540 2077 598 2120 uon
622 2059 836 2140 abrumpendos
857 2071 886 2122 ut
900 2065 1017 2142 corpori
1033 2061 1179 2122 validissi-

176 2164 238 2206 mos
255 2153 342 2204 artus.
385 2155 388 2164 “

240 2227 291 2288 29.
316 2227 396 2288 llaec
422 2227 563 2287 ferociter
581 2228 727 2304 iactando,
751 2237 902 2308 postquam
925 2229 1176 2306 inmissislictori-
1269 2231 1270 2242 ¹

176 2312 230 2372 bus
253 2310 365 2372 Valens
385 2328 529 2371 coercere
544 2309 715 2371 seditionem
731 2311 902 2391 coeptabat,
922 2314 1015 2392 ipsum
1028 2310 1177 2386 inuadunt,

133 2419 138 2430 ·
166 2413 249 2456 saxa
264 2396 380 2471 iaciunt,
397 2393 556 2470 lugientem
572 2404 718 2455 secuntur.
748 2395 843 2473 spolia
861 2395 1015 2457 Galliarum
1037 2404 1067 2454 et
1086 2395 1177 2456 Vien-

177 2480 310 2540 nensium
334 2480 566 2556 aurum,·pretia
592 2478 722 2538 laborum
751 2496 888 2553 suorum,
920 2476 1064 2536 occultari
1078 2477 1177 2537 clami·

154 2572 290 2638 stantes,
316 2562 437 2638 direptis
458 2561 581 2622 sarcinis
596 2559 782 2621 tabernacula
800 2561 907 2622 ducis
897 2579 1048 2643 ipsamque
1062 2541 1178 2620 humum
1268 2567 1269 2592 l

176 2647 246 2724 pilis
269 2654 299 2704 et
323 2644 434 2705 lanceis
459 2643 647 2712 rimabantur;
671 2663 736 2706 uam
756 2645 866 2706 Valens
886 2646 985 2706 servili
1002 2653 1085 2704 veste
1100 2645 1178 2724 apud

178 2729 367 2789 decurionem
395 2727 520 2807 equitum
547 2728 708 2806 tegebatur.
740 2740 797 2789 tum
824 2729 946 2790 Alienus
973 2730 1068 2789 Varus
1092 2745 1178 2806 prae·
1267 2803 1268 2810 ἵ

176 2815 272 2873 sectus
297 2819 473 2888 castrorum,
495 2811 673 2889 deflagrante
688 2813 823 2892 paulatim
838 2814 995 2890 seditione,
1012 2810 1089 2873 addit
1107 2829 1178 2872 con

178 2895 290 2973 silium,
319 2895 417 2955 vetitis
443 2893 527 2956 obire
551 2896 666 2973 vigilias
689 2899 921 2976 centurionibus,
952 2900 1061 2958 omisso
1088 2894 1180 2957 tubae

142 2997 169 3038 ro
180 2996 272 3056 sono,
291 2995 359 3058 quo
357 2979 447 3039 miles
463 2977 499 3038 ad
513 2978 583 3039 belli
595 2981 687 3041 munia
702 2982 803 3044 cietur.
832 2984 918 3060 igitur
932 2991 1052 3062 torpere
1068 2982 1179 3059 cuncti,

179 3065 426 3143 circumspectare
447 3063 523 3123 inter
542 3082 575 3123 se
599 3067 709 3125 attoniti
725 3075 754 3126 et
770 3066 920 3147 idipsum,
936 3065 1014 3144 qnod
1027 3082 1113 3126 nemo
1130 3083 1179 3124 re·
1266 3067 1267 3128 ι

178 3156 281 3225 geret,
306 3155 464 3244 paveptes,
484 3146 618 3225 silentio,
640 3151 789 3245 patientia,
811 3159 959 3230 postremo
980 3147 1119 3230 precibus
1141 3167 1178 3209 au

178 3231 306 3290 lacrimis
328 3231 441 3289 reniam
464 3230 650 3308 quaerebant.
683 3243 712 3293 ut
737 3251 808 3295 vero
832 3234 971 3294 deformis
996 3243 1026 3293 et
1052 3232 1178 3293 denset

181 3323 300 3388 praeter
314 3331 397 3393 spem
413 3313 564 3375 incolumis
579 3315 688 3376 Valens
711 3318 873 3396 processit,
903 3316 1036 3396 gaudium
1057 3317 1179 3376 misera·

151 3393 226 3450 tatio
245 3396 345 3458 lavor:
369 3396 448 3456 uersi
462 3398 489 3456 in
504 3397 656 3474 laetitiam,
677 3409 706 3460 ut
723 3410 770 3462 est
791 3402 893 3518 volgus
912 3411 1034 3479 utroque
1054 3398 1180 3460 inmodi-
