<?xml version="1.0" encoding="UTF-8"?>
<!DOCTYPE html PUBLIC "-//W3C//DTD XHTML 1.0 Transitional//EN"
    "http://www.w3.org/TR/xhtml1/DTD/xhtml1-transitional.dtd">
<html xmlns="http://www.w3.org/1999/xhtml" xml:lang="en" lang="en">
 <head>
  <title>
</title>
<meta http-equiv="Content-Type" content="text/html;charset=utf-8" />
  <meta name='ocr-system' content='tesseract 3.04.00' />
  <meta name='ocr-capabilities' content='ocr_page ocr_carea ocr_par ocr_line ocrx_word'/>
</head>
<body>
  <div class='ocr_page' id='page_1' title='image "./libriquisupersu02tacigoog/libriquisupersu02tacigoog_0216.png"; bbox 0 0 2570 3878; ppageno 0'>
   <div class='ocr_carea' id='block_1_1' title="bbox 449 146 1136 223">
    <p class='ocr_par' dir='ltr' id='par_1_1' title="bbox 449 146 1136 223">
     <span class='ocr_line' id='line_1_1' title="bbox 449 146 1136 223; baseline -0.012 -9"><span class='ocrx_word' id='word_1_1' title='bbox 449 165 556 218; x_wconf 77' lang='lat' dir='ltr'><strong>crena</strong></span> <span class='ocrx_word' id='word_1_2' title='bbox 576 169 623 217; x_wconf 88' lang='lat' dir='ltr'><strong>vr.</strong></span> <span class='ocrx_word' id='word_1_3' title='bbox 647 171 723 223; x_wconf 80' lang='lat' dir='ltr'><strong>car.</strong></span> <span class='ocrx_word' id='word_1_4' title='bbox 745 171 830 223; x_wconf 80' lang='lat' dir='ltr'><strong>t-o,</strong></span> <span class='ocrx_word' id='word_1_5' title='bbox 1075 146 1136 208; x_wconf 76' lang='lat'><strong>157</strong></span> 
     </span>
    </p>
   </div>
   <div class='ocr_carea' id='block_1_2' title="bbox 124 297 1169 1148">
    <p class='ocr_par' dir='ltr' id='par_1_2' title="bbox 126 297 1160 876">
     <span class='ocr_line' id='line_1_2' title="bbox 192 297 1135 390; baseline 0.004 -20"><span class='ocrx_word' id='word_1_6' title='bbox 192 304 221 374; x_wconf 81' lang='grc'><strong>7.</strong></span> <span class='ocrx_word' id='word_1_7' title='bbox 255 308 326 374; x_wconf 86' lang='lat' dir='ltr'><strong>Tum</strong></span> <span class='ocrx_word' id='word_1_8' title='bbox 337 309 413 372; x_wconf 84' lang='lat' dir='ltr'><strong>iacta</strong></span> <span class='ocrx_word' id='word_1_9' title='bbox 423 309 553 390; x_wconf 85' lang='lat' dir='ltr'><strong>patribus</strong></span> <span class='ocrx_word' id='word_1_10' title='bbox 565 319 711 390; x_wconf 87' lang='lat' dir='ltr'><strong>potestate</strong></span> <span class='ocrx_word' id='word_1_11' title='bbox 723 311 865 374; x_wconf 88' lang='lat' dir='ltr'><strong>statuendi</strong></span> <span class='ocrx_word' id='word_1_12' title='bbox 877 313 913 374; x_wconf 89' lang='lat' dir='ltr'><strong>de</strong></span> <span class='ocrx_word' id='word_1_13' title='bbox 922 311 957 376; x_wconf 80' lang='grc' dir='ltr'><strong>Ο.</strong></span> <span class='ocrx_word' id='word_1_14' title='bbox 967 297 1135 376; x_wconf 75' lang='lat' dir='ltr'><strong>Caecilian&#39;o</strong></span> 
     </span>
     <span class='ocr_line' id='line_1_3' title="bbox 128 393 1135 478; baseline 0.002 -22"><span class='ocrx_word' id='word_1_15' title='bbox 128 402 276 473; x_wconf 85' lang='lat' dir='ltr'><strong>senatore,</strong></span> <span class='ocrx_word' id='word_1_16' title='bbox 293 395 342 473; x_wconf 78' lang='lat' dir='ltr'><strong>qui</strong></span> <span class='ocrx_word' id='word_1_17' title='bbox 355 394 478 474; x_wconf 85' lang='lat' dir='ltr'><strong>plurima</strong></span> <span class='ocrx_word' id='word_1_18' title='bbox 493 395 645 460; x_wconf 81' lang='lat' dir='ltr'><strong>adversum</strong></span> <span class='ocrx_word' id='word_1_19' title='bbox 661 393 774 458; x_wconf 79' lang='lat' dir='ltr'><strong>Cottam</strong></span> <span class='ocrx_word' id='word_1_20' title='bbox 787 406 982 478; x_wconf 75' lang='lat' dir='ltr'><strong>prompserat,</strong></span> <span class='ocrx_word' id='word_1_21' title='bbox 997 397 1135 478; x_wconf 90' lang='lat' dir='ltr'><strong>placitum</strong></span> 
     </span>
     <span class='ocr_line' id='line_1_4' title="bbox 129 476 1133 562; baseline 0.005 -22"><span class='ocrx_word' id='word_1_22' title='bbox 129 476 250 540; x_wconf 73' lang='lat' dir='ltr'><strong>eandm</strong></span> <span class='ocrx_word' id='word_1_23' title='bbox 272 495 397 558; x_wconf 82' lang='lat' dir='ltr'><strong>poenam</strong></span> <span class='ocrx_word' id='word_1_24' title='bbox 415 479 547 558; x_wconf 67' lang='lat' dir='ltr'><strong>moecari</strong></span> <span class='ocrx_word' id='word_1_25' title='bbox 563 497 647 558; x_wconf 83' lang='lat' dir='ltr'><strong>quam</strong></span> <span class='ocrx_word' id='word_1_26' title='bbox 668 481 698 542; x_wconf 89' lang='lat' dir='ltr'><strong>in</strong></span> <span class='ocrx_word' id='word_1_27' title='bbox 712 480 867 545; x_wconf 80' lang='lat' dir='ltr'><strong>Aruseium</strong></span> <span class='ocrx_word' id='word_1_28' title='bbox 889 490 920 542; x_wconf 90' lang='lat' dir='ltr'><strong>et</strong></span> <span class='ocrx_word' id='word_1_29' title='bbox 935 480 1133 562; x_wconf 82' lang='lat' dir='ltr'><strong>Sauqniuinm,</strong></span> 
     </span>
     <span class='ocr_line' id='line_1_5' title="bbox 128 561 1133 643; baseline 0.006 -20"><span class='ocrx_word' id='word_1_30' title='bbox 128 570 318 627; x_wconf 67' lang='lat' dir='ltr'><strong>accusatores</strong></span> <span class='ocrx_word' id='word_1_31' title='bbox 334 561 367 626; x_wconf 82' lang='lat' dir='ltr'><strong>b.</strong></span> <span class='ocrx_word' id='word_1_32' title='bbox 383 562 527 634; x_wconf 77' lang='lat' dir='ltr'><strong>Arruntii3</strong></span> <span class='ocrx_word' id='word_1_33' title='bbox 545 581 603 643; x_wconf 87' lang='lat' dir='ltr'><strong>quo</strong></span> <span class='ocrx_word' id='word_1_34' title='bbox 618 581 677 628; x_wconf 90' lang='lat' dir='ltr'><strong>uon</strong></span> <span class='ocrx_word' id='word_1_35' title='bbox 691 563 768 628; x_wconf 89' lang='lat' dir='ltr'><strong>alind</strong></span> <span class='ocrx_word' id='word_1_36' title='bbox 778 563 1017 630; x_wconf 80' lang='lat' dir='ltr'><strong>honorificentius</strong></span> <span class='ocrx_word' id='word_1_37' title='bbox 1028 564 1133 629; x_wconf 77' lang='lat' dir='ltr'><strong>cottae</strong></span> 
     </span>
     <span class='ocr_line' id='line_1_6' title="bbox 127 645 1160 730; baseline 0.006 -24"><span class='ocrx_word' id='word_1_38' title='bbox 127 645 240 724; x_wconf 84' lang='lat' dir='ltr'><strong>evenit,</strong></span> <span class='ocrx_word' id='word_1_39' title='bbox 262 647 310 726; x_wconf 82' lang='lat' dir='ltr'><strong>qui</strong></span> <span class='ocrx_word' id='word_1_40' title='bbox 325 647 433 712; x_wconf 87' lang='lat' dir='ltr'><strong>nobilis</strong></span> <span class='ocrx_word' id='word_1_41' title='bbox 449 648 580 728; x_wconf 84' lang='lat' dir='ltr'><strong>quidem,</strong></span> <span class='ocrx_word' id='word_1_42' title='bbox 596 657 642 709; x_wconf 88' lang='lat' dir='ltr'><strong>set</strong></span> <span class='ocrx_word' id='word_1_43' title='bbox 656 667 751 726; x_wconf 77' lang='lat' dir='ltr'><strong>egens</strong></span> <span class='ocrx_word' id='word_1_44' title='bbox 765 648 804 710; x_wconf 91' lang='lat' dir='ltr'><strong>ob</strong></span> <span class='ocrx_word' id='word_1_45' title='bbox 820 648 933 727; x_wconf 82' lang='lat' dir='ltr'><strong>luxum,</strong></span> <span class='ocrx_word' id='word_1_46' title='bbox 953 667 1009 729; x_wconf 87' lang='lat' dir='ltr'><strong>per</strong></span> <span class='ocrx_word' id='word_1_47' title='bbox 1024 650 1133 730; x_wconf 74' lang='lat' dir='ltr'><strong>lingitis</strong></span> <span class='ocrx_word' id='word_1_48' title='bbox 1146 665 1160 705; x_wconf 80' lang='lat'>⁵</span> 
     </span>
     <span class='ocr_line' id='line_1_7' title="bbox 126 730 1132 815; baseline 0.005 -24"><span class='ocrx_word' id='word_1_49' title='bbox 126 730 251 810; x_wconf 73' lang='lat' dir='ltr'><strong>infamis,</strong></span> <span class='ocrx_word' id='word_1_50' title='bbox 267 732 458 795; x_wconf 72' lang='lat' dir='ltr'><strong>sanctissimis</strong></span> <span class='ocrx_word' id='word_1_51' title='bbox 469 731 598 796; x_wconf 76' lang='lat' dir='ltr'><strong>Acuuntii</strong></span> <span class='ocrx_word' id='word_1_52' title='bbox 613 732 724 796; x_wconf 85' lang='lat' dir='ltr'><strong>artibus</strong></span> <span class='ocrx_word' id='word_1_53' title='bbox 739 731 878 812; x_wconf 78' lang='lat' dir='ltr'><strong>dignitate</strong></span> <span class='ocrx_word' id='word_1_54' title='bbox 894 733 1013 796; x_wconf 89' lang='lat' dir='ltr'><strong>ultionis</strong></span> <span class='ocrx_word' id='word_1_55' title='bbox 1026 751 1132 815; x_wconf 84' lang='lat' dir='ltr'><strong>nequa·</strong></span> 
     </span>
     <span class='ocr_line' id='line_1_8' title="bbox 126 814 333 876; baseline 0.01 -1"><span class='ocrx_word' id='word_1_56' title='bbox 126 814 220 876; x_wconf 86' lang='lat' dir='ltr'><strong>batur.</strong></span> <span class='ocrx_word' id='word_1_57' title='bbox 330 841 333 848; x_wconf 90' lang='lat'>·</span> 
     </span>
    </p>

    <p class='ocr_par' dir='ltr' id='par_1_3' title="bbox 124 899 1169 1148">
     <span class='ocr_line' id='line_1_9' title="bbox 191 899 1132 980; baseline 0.002 -20"><span class='ocrx_word' id='word_1_58' title='bbox 191 899 235 974; x_wconf 79' lang='lat' dir='ltr'><strong>Q..</strong></span> <span class='ocrx_word' id='word_1_59' title='bbox 250 899 396 965; x_wconf 79' lang='lat' dir='ltr'><strong>Servaeus</strong></span> <span class='ocrx_word' id='word_1_60' title='bbox 412 900 535 980; x_wconf 84' lang='lat' dir='ltr'><strong>posthac</strong></span> <span class='ocrx_word' id='word_1_61' title='bbox 556 911 585 962; x_wconf 89' lang='lat' dir='ltr'><strong>et</strong></span> <span class='ocrx_word' id='word_1_62' title='bbox 603 901 745 964; x_wconf 81' lang='lat' dir='ltr'><strong>Minucius</strong></span> <span class='ocrx_word' id='word_1_63' title='bbox 759 900 902 966; x_wconf 80' lang='lat' dir='ltr'><strong>Thermus</strong></span> <span class='ocrx_word' id='word_1_64' title='bbox 919 900 1043 980; x_wconf 85' lang='lat' dir='ltr'><strong>inducti,</strong></span> <span class='ocrx_word' id='word_1_65' title='bbox 1065 901 1132 962; x_wconf 87' lang='lat' dir='ltr'><strong>Ser·</strong></span> 
     </span>
     <span class='ocr_line' id='line_1_10' title="bbox 124 984 1132 1064; baseline 0.002 -21"><span class='ocrx_word' id='word_1_66' title='bbox 124 1001 217 1046; x_wconf 77' lang='lat' dir='ltr'><strong>naeus</strong></span> <span class='ocrx_word' id='word_1_67' title='bbox 234 992 370 1063; x_wconf 82' lang='lat' dir='ltr'><strong>praetura</strong></span> <span class='ocrx_word' id='word_1_68' title='bbox 382 985 498 1050; x_wconf 87' lang='lat' dir='ltr'><strong>iunctus</strong></span> <span class='ocrx_word' id='word_1_69' title='bbox 515 993 545 1048; x_wconf 91' lang='lat' dir='ltr'><strong>et</strong></span> <span class='ocrx_word' id='word_1_70' title='bbox 567 985 710 1064; x_wconf 81' lang='lat' dir='ltr'><strong>quondam</strong></span> <span class='ocrx_word' id='word_1_71' title='bbox 723 984 887 1046; x_wconf 84' lang='lat' dir='ltr'><strong>Germanici</strong></span> <span class='ocrx_word' id='word_1_72' title='bbox 904 1002 1021 1061; x_wconf 86' lang='lat' dir='ltr'><strong>onmes,</strong></span> <span class='ocrx_word' id='word_1_73' title='bbox 1041 985 1132 1048; x_wconf 87' lang='lat' dir='ltr'><strong>llinu·</strong></span> 
     </span>
     <span class='ocr_line' id='line_1_11' title="bbox 126 1067 1169 1148; baseline -0.002 -20"><span class='ocrx_word' id='word_1_74' title='bbox 126 1067 188 1128; x_wconf 88' lang='lat' dir='ltr'><strong>cius</strong></span> <span class='ocrx_word' id='word_1_75' title='bbox 204 1069 334 1147; x_wconf 75' lang='lat' dir='ltr'><strong>equestri</strong></span> <span class='ocrx_word' id='word_1_76' title='bbox 349 1067 431 1148; x_wconf 87' lang='lat' dir='ltr'><strong>locu,</strong></span> <span class='ocrx_word' id='word_1_77' title='bbox 444 1068 579 1132; x_wconf 87' lang='lat' dir='ltr'><strong>modeste</strong></span> <span class='ocrx_word' id='word_1_78' title='bbox 593 1069 690 1134; x_wconf 84' lang='lat' dir='ltr'><strong>habita</strong></span> <span class='ocrx_word' id='word_1_79' title='bbox 705 1069 806 1130; x_wconf 87' lang='lat' dir='ltr'><strong>Seiani</strong></span> <span class='ocrx_word' id='word_1_80' title='bbox 821 1069 962 1141; x_wconf 88' lang='lat' dir='ltr'><strong>amicitia;</strong></span> <span class='ocrx_word' id='word_1_81' title='bbox 983 1069 1059 1130; x_wconf 91' lang='lat' dir='ltr'><strong>unde</strong></span> <span class='ocrx_word' id='word_1_82' title='bbox 1075 1069 1133 1131; x_wconf 88' lang='lat' dir='ltr'><strong>illis</strong></span> <span class='ocrx_word' id='word_1_83' title='bbox 1142 1083 1169 1126; x_wconf 76' lang='lat' dir='ltr'><strong>no</strong></span> 
     </span>
    </p>
   </div>
   <div class='ocr_carea' id='block_1_3' title="bbox 9 1152 1131 1233">
    <p class='ocr_par' dir='ltr' id='par_1_4' title="bbox 9 1152 1131 1233">
     <span class='ocr_line' id='line_1_12' title="bbox 9 1152 1131 1233; baseline 0.001 -21"><span class='ocrx_word' id='word_1_84' title='bbox 9 1199 10 1228; x_wconf 77' lang='lat'><strong>,</strong></span> <span class='ocrx_word' id='word_1_85' title='bbox 124 1152 219 1214; x_wconf 85' lang='lat' dir='ltr'><strong>maior</strong></span> <span class='ocrx_word' id='word_1_86' title='bbox 237 1152 401 1216; x_wconf 60' lang='lat' dir='ltr'><strong>virriseratio.</strong></span> <span class='ocrx_word' id='word_1_87' title='bbox 428 1163 531 1217; x_wconf 80' lang='lat' dir='ltr'><strong>cenna</strong></span> <span class='ocrx_word' id='word_1_88' title='bbox 546 1152 681 1216; x_wconf 85' lang='lat' dir='ltr'><strong>liberius</strong></span> <span class='ocrx_word' id='word_1_89' title='bbox 698 1153 877 1233; x_wconf 83' lang='lat' dir='ltr'><strong>praecipuus</strong></span> <span class='ocrx_word' id='word_1_90' title='bbox 896 1152 933 1214; x_wconf 89' lang='lat' dir='ltr'><strong>ad</strong></span> <span class='ocrx_word' id='word_1_91' title='bbox 954 1153 1069 1216; x_wconf 87' lang='lat' dir='ltr'><strong>scelera</strong></span> <span class='ocrx_word' id='word_1_92' title='bbox 1090 1154 1131 1214; x_wconf 93' lang='lat' dir='ltr'><strong>in·</strong></span> 
     </span>
    </p>
   </div>
   <div class='ocr_carea' id='block_1_4' title="bbox 125 1235 1132 1318">
    <p class='ocr_par' dir='ltr' id='par_1_5' title="bbox 125 1235 1132 1318">
     <span class='ocr_line' id='line_1_13' title="bbox 125 1235 1132 1318; baseline 0.004 -22"><span class='ocrx_word' id='word_1_93' title='bbox 125 1253 253 1316; x_wconf 86' lang='lat' dir='ltr'><strong>crepans</strong></span> <span class='ocrx_word' id='word_1_94' title='bbox 275 1235 423 1302; x_wconf 80' lang='lat' dir='ltr'><strong>admonuit</strong></span> <span class='ocrx_word' id='word_1_95' title='bbox 452 1236 488 1300; x_wconf 80' lang='grc' dir='ltr'><strong>Ο.</strong></span> <span class='ocrx_word' id='word_1_96' title='bbox 511 1235 639 1303; x_wconf 76' lang='lat' dir='ltr'><strong>casuum</strong></span> <span class='ocrx_word' id='word_1_97' title='bbox 659 1245 772 1316; x_wconf 87' lang='lat' dir='ltr'><strong>patrem</strong></span> <span class='ocrx_word' id='word_1_98' title='bbox 788 1237 899 1301; x_wconf 72' lang='lat' dir='ltr'><strong>,dicere</strong></span> <span class='ocrx_word' id='word_1_99' title='bbox 921 1238 1034 1300; x_wconf 87' lang='lat' dir='ltr'><strong>senatui</strong></span> <span class='ocrx_word' id='word_1_100' title='bbox 1057 1256 1132 1318; x_wconf 82' lang='lat' dir='ltr'><strong>quae</strong></span> 
     </span>
    </p>
   </div>
   <div class='ocr_carea' id='block_1_5' title="bbox 9 1317 1132 1403">
    <p class='ocr_par' dir='ltr' id='par_1_6' title="bbox 9 1317 1132 1403">
     <span class='ocr_line' id='line_1_14' title="bbox 9 1317 1132 1403; baseline -0.001 -20"><span class='ocrx_word' id='word_1_101' title='bbox 9 1335 10 1394; x_wconf 71' lang='lat' dir='ltr'><strong>i</strong></span> <span class='ocrx_word' id='word_1_102' title='bbox 124 1319 182 1382; x_wconf 83' lang='lat' dir='ltr'><strong>sibi</strong></span> <span class='ocrx_word' id='word_1_103' title='bbox 209 1322 396 1401; x_wconf 75' lang='lat' dir='ltr'><strong>scripsisset,</strong></span> <span class='ocrx_word' id='word_1_104' title='bbox 436 1321 625 1403; x_wconf 83' lang='lat' dir='ltr'><strong>suscepitque</strong></span> <span class='ocrx_word' id='word_1_105' title='bbox 647 1320 763 1386; x_wconf 80' lang='lat' dir='ltr'><strong>cestius</strong></span> <span class='ocrx_word' id='word_1_106' title='bbox 789 1321 1016 1385; x_wconf 74' lang='lat' dir='ltr'><strong>adamationem.</strong></span> <span class='ocrx_word' id='word_1_107' title='bbox 1054 1317 1132 1401; x_wconf 80' lang='lat' dir='ltr'><strong>quod</strong></span> 
     </span>
    </p>
   </div>
   <div class='ocr_carea' id='block_1_6' title="bbox 124 1403 1131 1488">
    <p class='ocr_par' dir='ltr' id='par_1_7' title="bbox 124 1403 1131 1488">
     <span class='ocr_line' id='line_1_15' title="bbox 124 1403 1131 1488; baseline 0 -22"><span class='ocrx_word' id='word_1_108' title='bbox 124 1404 250 1466; x_wconf 78' lang='lat' dir='ltr'><strong>muime</strong></span> <span class='ocrx_word' id='word_1_109' title='bbox 262 1403 415 1469; x_wconf 76' lang='lat' dir='ltr'><strong>exitiabile</strong></span> <span class='ocrx_word' id='word_1_110' title='bbox 429 1405 525 1468; x_wconf 85' lang='lat' dir='ltr'><strong>tulere</strong></span> <span class='ocrx_word' id='word_1_111' title='bbox 536 1405 589 1467; x_wconf 82' lang='lat' dir='ltr'><strong>illa</strong></span> <span class='ocrx_word' id='word_1_112' title='bbox 606 1415 755 1486; x_wconf 88' lang='lat' dir='ltr'><strong>tempora,</strong></span> <span class='ocrx_word' id='word_1_113' title='bbox 777 1423 841 1468; x_wconf 89' lang='lat' dir='ltr'><strong>cunr</strong></span> <span class='ocrx_word' id='word_1_114' title='bbox 853 1407 999 1488; x_wconf 88' lang='lat' dir='ltr'><strong>primores</strong></span> <span class='ocrx_word' id='word_1_115' title='bbox 1013 1415 1131 1467; x_wconf 88' lang='lat' dir='ltr'><strong>senatus</strong></span> 
     </span>
    </p>
   </div>
   <div class='ocr_carea' id='block_1_7' title="bbox 9 1488 1166 1570">
    <p class='ocr_par' dir='ltr' id='par_1_8' title="bbox 9 1488 1166 1570">
     <span class='ocr_line' id='line_1_16' title="bbox 9 1488 1166 1570; baseline -0.005 -22"><span class='ocrx_word' id='word_1_116' title='bbox 9 1501 10 1518; x_wconf 80' lang='lat'>³</span> <span class='ocrx_word' id='word_1_117' title='bbox 124 1489 236 1552; x_wconf 81' lang='lat' dir='ltr'><strong>iniimus</strong></span> <span class='ocrx_word' id='word_1_118' title='bbox 252 1490 338 1552; x_wconf 83' lang='lat' dir='ltr'><strong>etium</strong></span> <span class='ocrx_word' id='word_1_119' title='bbox 352 1488 515 1553; x_wconf 80' lang='lat' dir='ltr'><strong>delationes</strong></span> <span class='ocrx_word' id='word_1_120' title='bbox 530 1499 718 1568; x_wconf 81' lang='lat' dir='ltr'><strong>exercerent,</strong></span> <span class='ocrx_word' id='word_1_121' title='bbox 733 1489 783 1551; x_wconf 87' lang='lat' dir='ltr'><strong>alii</strong></span> <span class='ocrx_word' id='word_1_122' title='bbox 797 1489 966 1570; x_wconf 85' lang='lat' dir='ltr'><strong>propalam,</strong></span> <span class='ocrx_word' id='word_1_123' title='bbox 980 1488 1061 1550; x_wconf 90' lang='lat' dir='ltr'><strong>multi</strong></span> <span class='ocrx_word' id='word_1_124' title='bbox 1077 1508 1132 1570; x_wconf 89' lang='lat' dir='ltr'><strong>per</strong></span> <span class='ocrx_word' id='word_1_125' title='bbox 1141 1501 1166 1544; x_wconf 80' lang='lat' dir='ltr'><strong>ns</strong></span> 
     </span>
    </p>
   </div>
   <div class='ocr_carea' id='block_1_8' title="bbox 122 1573 1131 1822">
    <p class='ocr_par' dir='ltr' id='par_1_9' title="bbox 122 1573 1131 1822">
     <span class='ocr_line' id='line_1_17' title="bbox 125 1573 1131 1654; baseline -0.001 -21"><span class='ocrx_word' id='word_1_126' title='bbox 125 1573 287 1644; x_wconf 72' lang='lat' dir='ltr'><strong>occultum</strong></span> <span class='ocrx_word' id='word_1_127' title='bbox 303 1591 399 1654; x_wconf 83' lang='lat' dir='ltr'><strong>neque</strong></span> <span class='ocrx_word' id='word_1_128' title='bbox 414 1573 600 1636; x_wconf 83' lang='lat' dir='ltr'><strong>discerneres</strong></span> <span class='ocrx_word' id='word_1_129' title='bbox 615 1574 729 1636; x_wconf 87' lang='lat' dir='ltr'><strong>alienos</strong></span> <span class='ocrx_word' id='word_1_130' title='bbox 743 1592 760 1635; x_wconf 89' lang='lat' dir='ltr'><strong>a</strong></span> <span class='ocrx_word' id='word_1_131' title='bbox 775 1573 951 1653; x_wconf 85' lang='lat' dir='ltr'><strong>coniunctis,</strong></span> <span class='ocrx_word' id='word_1_132' title='bbox 968 1574 1079 1634; x_wconf 87' lang='lat' dir='ltr'><strong>amicos</strong></span> <span class='ocrx_word' id='word_1_133' title='bbox 1094 1573 1131 1636; x_wconf 89' lang='lat' dir='ltr'><strong>ab</strong></span> 
     </span>
     <span class='ocr_line' id='line_1_18' title="bbox 124 1656 1130 1738; baseline 0.001 -21"><span class='ocrx_word' id='word_1_134' title='bbox 124 1658 245 1736; x_wconf 73' lang='lat' dir='ltr'><strong>ignotis,</strong></span> <span class='ocrx_word' id='word_1_135' title='bbox 262 1656 331 1737; x_wconf 79' lang='lat' dir='ltr'><strong>quid</strong></span> <span class='ocrx_word' id='word_1_136' title='bbox 343 1676 456 1738; x_wconf 82' lang='lat' dir='ltr'><strong>cepcns</strong></span> <span class='ocrx_word' id='word_1_137' title='bbox 468 1666 518 1721; x_wconf 91' lang='lat' dir='ltr'><strong>aut</strong></span> <span class='ocrx_word' id='word_1_138' title='bbox 530 1667 677 1719; x_wconf 81' lang='lat' dir='ltr'><strong>vetustate</strong></span> <span class='ocrx_word' id='word_1_139' title='bbox 691 1657 862 1720; x_wconf 88' lang='lat' dir='ltr'><strong>obscurum:</strong></span> <span class='ocrx_word' id='word_1_140' title='bbox 881 1657 1002 1737; x_wconf 85' lang='lat' dir='ltr'><strong>perinde</strong></span> <span class='ocrx_word' id='word_1_141' title='bbox 1012 1657 1042 1718; x_wconf 93' lang='lat' dir='ltr'><strong>iu</strong></span> <span class='ocrx_word' id='word_1_142' title='bbox 1053 1658 1130 1734; x_wconf 89' lang='lat' dir='ltr'><strong>iero,</strong></span> 
     </span>
     <span class='ocr_line' id='line_1_19' title="bbox 122 1741 1129 1822; baseline 0.001 -22"><span class='ocrx_word' id='word_1_143' title='bbox 122 1741 153 1804; x_wconf 93' lang='lat' dir='ltr'><strong>in</strong></span> <span class='ocrx_word' id='word_1_144' title='bbox 169 1741 323 1820; x_wconf 76' lang='lat' dir='ltr'><strong>esuritio,</strong></span> <span class='ocrx_word' id='word_1_145' title='bbox 335 1759 452 1822; x_wconf 71' lang='lat' dir='ltr'><strong>quaqua</strong></span> <span class='ocrx_word' id='word_1_146' title='bbox 468 1743 505 1803; x_wconf 90' lang='lat' dir='ltr'><strong>de</strong></span> <span class='ocrx_word' id='word_1_147' title='bbox 519 1759 554 1803; x_wconf 90' lang='lat' dir='ltr'><strong>ro</strong></span> <span class='ocrx_word' id='word_1_148' title='bbox 569 1741 659 1804; x_wconf 90' lang='lat' dir='ltr'><strong>locuti</strong></span> <span class='ocrx_word' id='word_1_149' title='bbox 674 1742 893 1820; x_wconf 81' lang='lat' dir='ltr'><strong>incusabantur,</strong></span> <span class='ocrx_word' id='word_1_150' title='bbox 916 1750 947 1804; x_wconf 92' lang='lat' dir='ltr'><strong>ut</strong></span> <span class='ocrx_word' id='word_1_151' title='bbox 962 1742 1029 1821; x_wconf 82' lang='lat' dir='ltr'><strong>quis</strong></span> <span class='ocrx_word' id='word_1_152' title='bbox 1043 1759 1129 1822; x_wconf 87' lang='lat' dir='ltr'><strong>prae·</strong></span> 
     </span>
    </p>
   </div>
   <div class='ocr_carea' id='block_1_9' title="bbox 9 1825 1130 1914">
    <p class='ocr_par' dir='ltr' id='par_1_10' title="bbox 9 1825 1130 1914">
     <span class='ocr_line' id='line_1_20' title="bbox 9 1825 1130 1914; baseline 0 -28"><span class='ocrx_word' id='word_1_153' title='bbox 9 1891 11 1914; x_wconf 50' lang='lat'>‚</span> <span class='ocrx_word' id='word_1_154' title='bbox 123 1826 226 1887; x_wconf 84' lang='lat' dir='ltr'><strong>venire</strong></span> <span class='ocrx_word' id='word_1_155' title='bbox 250 1835 280 1887; x_wconf 88' lang='lat' dir='ltr'><strong>et</strong></span> <span class='ocrx_word' id='word_1_156' title='bbox 300 1845 381 1891; x_wconf 71' lang='lat' dir='ltr'><strong>marn</strong></span> <span class='ocrx_word' id='word_1_157' title='bbox 402 1825 548 1890; x_wconf 82' lang='lat' dir='ltr'><strong>destinare</strong></span> <span class='ocrx_word' id='word_1_158' title='bbox 571 1835 727 1907; x_wconf 91' lang='lat' dir='ltr'><strong>properat,</strong></span> <span class='ocrx_word' id='word_1_159' title='bbox 754 1844 824 1906; x_wconf 89' lang='lat' dir='ltr'><strong>pars</strong></span> <span class='ocrx_word' id='word_1_160' title='bbox 846 1826 882 1887; x_wconf 89' lang='lat' dir='ltr'><strong>ad</strong></span> <span class='ocrx_word' id='word_1_161' title='bbox 905 1825 1062 1888; x_wconf 86' lang='lat' dir='ltr'><strong>subsidium</strong></span> <span class='ocrx_word' id='word_1_162' title='bbox 1077 1827 1130 1904; x_wconf 90' lang='lat' dir='ltr'><strong>sni,</strong></span> 
     </span>
    </p>
   </div>
   <div class='ocr_carea' id='block_1_10' title="bbox 120 1909 1166 2581">
    <p class='ocr_par' dir='ltr' id='par_1_11' title="bbox 120 1909 1166 2581">
     <span class='ocr_line' id='line_1_21' title="bbox 123 1909 1166 1990; baseline -0.001 -20"><span class='ocrx_word' id='word_1_163' title='bbox 123 1910 225 1990; x_wconf 86' lang='lat' dir='ltr'><strong>plures</strong></span> <span class='ocrx_word' id='word_1_164' title='bbox 246 1909 349 1974; x_wconf 84' lang='lat' dir='ltr'><strong>iniecti</strong></span> <span class='ocrx_word' id='word_1_165' title='bbox 369 1911 451 1990; x_wconf 69' lang='lat' dir='ltr'><strong>quam</strong></span> <span class='ocrx_word' id='word_1_166' title='bbox 471 1911 639 1972; x_wconf 86' lang='lat' dir='ltr'><strong>valetudine</strong></span> <span class='ocrx_word' id='word_1_167' title='bbox 653 1920 684 1974; x_wconf 89' lang='lat' dir='ltr'><strong>et</strong></span> <span class='ocrx_word' id='word_1_168' title='bbox 697 1920 845 1974; x_wconf 82' lang='lat' dir='ltr'><strong>contactu</strong></span> <span class='ocrx_word' id='word_1_169' title='bbox 877 1909 1086 1974; x_wconf 85' lang='lat' dir='ltr'><strong>sedllinucius</strong></span> <span class='ocrx_word' id='word_1_170' title='bbox 1103 1919 1166 1969; x_wconf 83' lang='lat' dir='ltr'><strong>etto</strong></span> 
     </span>
     <span class='ocr_line' id='line_1_22' title="bbox 124 1992 1130 2074; baseline -0.003 -18"><span class='ocrx_word' id='word_1_171' title='bbox 124 1995 272 2058; x_wconf 69' lang='lat' dir='ltr'><strong>Servaeus</strong></span> <span class='ocrx_word' id='word_1_172' title='bbox 290 1992 415 2058; x_wconf 84' lang='lat' dir='ltr'><strong>damnati</strong></span> <span class='ocrx_word' id='word_1_173' title='bbox 435 1994 579 2058; x_wconf 86' lang='lat' dir='ltr'><strong>iudicibus</strong></span> <span class='ocrx_word' id='word_1_174' title='bbox 595 2013 763 2058; x_wconf 83' lang='lat' dir='ltr'><strong>accessere.</strong></span> <span class='ocrx_word' id='word_1_175' title='bbox 793 1996 936 2074; x_wconf 83' lang='lat' dir='ltr'><strong>tractique</strong></span> <span class='ocrx_word' id='word_1_176' title='bbox 953 2002 1019 2056; x_wconf 88' lang='lat' dir='ltr'><strong>sunt</strong></span> <span class='ocrx_word' id='word_1_177' title='bbox 1034 1994 1064 2056; x_wconf 88' lang='lat' dir='ltr'><strong>in</strong></span> <span class='ocrx_word' id='word_1_178' title='bbox 1084 2012 1130 2054; x_wconf 84' lang='lat' dir='ltr'><strong>ca-</strong></span> 
     </span>
     <span class='ocr_line' id='line_1_23' title="bbox 123 2077 1130 2154; baseline -0.003 -14"><span class='ocrx_word' id='word_1_179' title='bbox 123 2097 187 2142; x_wconf 82' lang='lat' dir='ltr'><strong>stau</strong></span> <span class='ocrx_word' id='word_1_180' title='bbox 208 2077 331 2142; x_wconf 72' lang='lat' dir='ltr'><strong>eandm</strong></span> <span class='ocrx_word' id='word_1_181' title='bbox 355 2078 445 2142; x_wconf 89' lang='lat' dir='ltr'><strong>lulius</strong></span> <span class='ocrx_word' id='word_1_182' title='bbox 470 2079 627 2142; x_wconf 78' lang='lat' dir='ltr'><strong>Africanus</strong></span> <span class='ocrx_word' id='word_1_183' title='bbox 655 2099 673 2142; x_wconf 90' lang='lat' dir='ltr'><strong>e</strong></span> <span class='ocrx_word' id='word_1_184' title='bbox 700 2081 838 2144; x_wconf 84' lang='lat' dir='ltr'><strong>Santonis</strong></span> <span class='ocrx_word' id='word_1_185' title='bbox 862 2077 974 2146; x_wconf 81' lang='lat' dir='ltr'><strong>Gallica</strong></span> <span class='ocrx_word' id='word_1_186' title='bbox 1000 2079 1130 2154; x_wconf 82' lang='lat' dir='ltr'><strong>civitate,</strong></span> 
     </span>
     <span class='ocr_line' id='line_1_24' title="bbox 121 2163 1131 2246; baseline -0.007 -18"><span class='ocrx_word' id='word_1_187' title='bbox 121 2165 210 2228; x_wconf 82' lang='lat' dir='ltr'><strong>Seius</strong></span> <span class='ocrx_word' id='word_1_188' title='bbox 225 2163 405 2240; x_wconf 76' lang='lat' dir='ltr'><strong>Quadratus:</strong></span> <span class='ocrx_word' id='word_1_189' title='bbox 425 2164 570 2242; x_wconf 66' lang='lat' dir='ltr'><strong>anginam</strong></span> <span class='ocrx_word' id='word_1_190' title='bbox 583 2181 642 2226; x_wconf 89' lang='lat' dir='ltr'><strong>nnn</strong></span> <span class='ocrx_word' id='word_1_191' title='bbox 655 2166 787 2244; x_wconf 86' lang='lat' dir='ltr'><strong>repperi.</strong></span> <span class='ocrx_word' id='word_1_192' title='bbox 816 2183 913 2246; x_wconf 85' lang='lat' dir='ltr'><strong>noque</strong></span> <span class='ocrx_word' id='word_1_193' title='bbox 929 2179 993 2226; x_wconf 84' lang='lat' dir='ltr'><strong>sum</strong></span> <span class='ocrx_word' id='word_1_194' title='bbox 1012 2163 1131 2242; x_wconf 78' lang='lat' dir='ltr'><strong>ignarus</strong></span> 
     </span>
     <span class='ocr_line' id='line_1_25' title="bbox 120 2247 1129 2332; baseline 0.002 -22"><span class='ocrx_word' id='word_1_195' title='bbox 120 2266 140 2310; x_wconf 85' lang='lat' dir='ltr'><strong>a</strong></span> <span class='ocrx_word' id='word_1_196' title='bbox 154 2247 306 2328; x_wconf 70' lang='lat' dir='ltr'><strong>pterosque</strong></span> <span class='ocrx_word' id='word_1_197' title='bbox 320 2247 515 2328; x_wconf 82' lang='lat' dir='ltr'><strong>scriptoribus</strong></span> <span class='ocrx_word' id='word_1_198' title='bbox 530 2250 637 2310; x_wconf 90' lang='lat' dir='ltr'><strong>omissa</strong></span> <span class='ocrx_word' id='word_1_199' title='bbox 650 2249 803 2310; x_wconf 90' lang='lat' dir='ltr'><strong>multorum</strong></span> <span class='ocrx_word' id='word_1_200' title='bbox 819 2251 950 2330; x_wconf 85' lang='lat' dir='ltr'><strong>pericula</strong></span> <span class='ocrx_word' id='word_1_201' title='bbox 963 2259 993 2312; x_wconf 89' lang='lat' dir='ltr'><strong>et</strong></span> <span class='ocrx_word' id='word_1_202' title='bbox 1007 2265 1129 2332; x_wconf 87' lang='lat' dir='ltr'><strong>poenas,</strong></span> 
     </span>
     <span class='ocr_line' id='line_1_26' title="bbox 123 2331 1164 2413; baseline 0 -19"><span class='ocrx_word' id='word_1_203' title='bbox 123 2332 190 2394; x_wconf 88' lang='lat' dir='ltr'><strong>dum</strong></span> <span class='ocrx_word' id='word_1_204' title='bbox 204 2333 290 2413; x_wconf 88' lang='lat' dir='ltr'><strong>copia</strong></span> <span class='ocrx_word' id='word_1_205' title='bbox 303 2331 442 2394; x_wconf 75' lang='lat' dir='ltr'><strong>ratmunt</strong></span> <span class='ocrx_word' id='word_1_206' title='bbox 455 2340 520 2411; x_wconf 84' lang='lat' dir='ltr'><strong>aut,</strong></span> <span class='ocrx_word' id='word_1_207' title='bbox 541 2351 616 2413; x_wconf 82' lang='lat' dir='ltr'><strong>quac</strong></span> <span class='ocrx_word' id='word_1_208' title='bbox 633 2334 706 2412; x_wconf 84' lang='lat' dir='ltr'><strong>ipsis</strong></span> <span class='ocrx_word' id='word_1_209' title='bbox 720 2334 805 2394; x_wconf 88' lang='lat' dir='ltr'><strong>nimia</strong></span> <span class='ocrx_word' id='word_1_210' title='bbox 825 2343 857 2395; x_wconf 89' lang='lat' dir='ltr'><strong>et</strong></span> <span class='ocrx_word' id='word_1_211' title='bbox 874 2343 984 2398; x_wconf 85' lang='lat' dir='ltr'><strong>maesta</strong></span> <span class='ocrx_word' id='word_1_212' title='bbox 1003 2335 1164 2412; x_wconf 67' lang='lat' dir='ltr'><strong>lucrantes</strong></span> 
     </span>
     <span class='ocr_line' id='line_1_27' title="bbox 123 2415 1130 2499; baseline 0.001 -21"><span class='ocrx_word' id='word_1_213' title='bbox 123 2435 161 2478; x_wconf 88' lang='lat' dir='ltr'><strong>ne</strong></span> <span class='ocrx_word' id='word_1_214' title='bbox 179 2418 242 2497; x_wconf 86' lang='lat' dir='ltr'><strong>pari</strong></span> <span class='ocrx_word' id='word_1_215' title='bbox 263 2415 360 2478; x_wconf 86' lang='lat' dir='ltr'><strong>taedio</strong></span> <span class='ocrx_word' id='word_1_216' title='bbox 381 2416 511 2479; x_wconf 87' lang='lat' dir='ltr'><strong>lecturos</strong></span> <span class='ocrx_word' id='word_1_217' title='bbox 534 2415 694 2478; x_wconf 83' lang='lat' dir='ltr'><strong>edicerent</strong></span> <span class='ocrx_word' id='word_1_218' title='bbox 708 2427 861 2480; x_wconf 80' lang='lat' dir='ltr'><strong>verentur:</strong></span> <span class='ocrx_word' id='word_1_219' title='bbox 882 2418 968 2480; x_wconf 85' lang='lat' dir='ltr'><strong>nobis</strong></span> <span class='ocrx_word' id='word_1_220' title='bbox 990 2418 1130 2499; x_wconf 83' lang='lat' dir='ltr'><strong>ploraque</strong></span> 
     </span>
     <span class='ocr_line' id='line_1_28' title="bbox 124 2500 1053 2581; baseline 0.001 -19"><span class='ocrx_word' id='word_1_221' title='bbox 124 2501 213 2580; x_wconf 74' lang='lat' dir='ltr'><strong>digua</strong></span> <span class='ocrx_word' id='word_1_222' title='bbox 229 2501 347 2579; x_wconf 72' lang='lat' dir='ltr'><strong>cognitu</strong></span> <span class='ocrx_word' id='word_1_223' title='bbox 365 2500 525 2580; x_wconf 76' lang='lat' dir='ltr'><strong>obvenere,</strong></span> <span class='ocrx_word' id='word_1_224' title='bbox 541 2519 711 2581; x_wconf 77' lang='lat' dir='ltr'><strong>quamquam</strong></span> <span class='ocrx_word' id='word_1_225' title='bbox 725 2501 762 2562; x_wconf 90' lang='lat' dir='ltr'><strong>ab</strong></span> <span class='ocrx_word' id='word_1_226' title='bbox 776 2501 845 2564; x_wconf 87' lang='lat' dir='ltr'><strong>aliis</strong></span> <span class='ocrx_word' id='word_1_227' title='bbox 863 2502 1053 2566; x_wconf 86' lang='lat' dir='ltr'><strong>incelebrata.</strong></span> 
     </span>
    </p>
   </div>
   <div class='ocr_carea' id='block_1_11' title="bbox 189 2583 1252 2666">
    <p class='ocr_par' dir='ltr' id='par_1_12' title="bbox 189 2583 1252 2666">
     <span class='ocr_line' id='line_1_29' title="bbox 189 2583 1252 2666; baseline -0.003 -18"><span class='ocrx_word' id='word_1_228' title='bbox 189 2583 222 2648; x_wconf 87' lang='lat'><strong>8.</strong></span> <span class='ocrx_word' id='word_1_229' title='bbox 248 2584 322 2646; x_wconf 87' lang='lat' dir='ltr'><strong>Nam</strong></span> <span class='ocrx_word' id='word_1_230' title='bbox 338 2603 373 2648; x_wconf 91' lang='lat' dir='ltr'><strong>ea</strong></span> <span class='ocrx_word' id='word_1_231' title='bbox 387 2593 571 2666; x_wconf 86' lang='lat' dir='ltr'><strong>tempestate,</strong></span> <span class='ocrx_word' id='word_1_232' title='bbox 589 2604 645 2665; x_wconf 88' lang='lat' dir='ltr'><strong>qua</strong></span> <span class='ocrx_word' id='word_1_233' title='bbox 663 2587 760 2648; x_wconf 90' lang='lat' dir='ltr'><strong>Seiani</strong></span> <span class='ocrx_word' id='word_1_234' title='bbox 776 2587 929 2650; x_wconf 85' lang='lat' dir='ltr'><strong>amicitiam</strong></span> <span class='ocrx_word' id='word_1_235' title='bbox 945 2587 1036 2648; x_wconf 87' lang='lat' dir='ltr'><strong>ceteri</strong></span> <span class='ocrx_word' id='word_1_236' title='bbox 1051 2587 1127 2648; x_wconf 88' lang='lat' dir='ltr'><strong>iulso</strong></span> <span class='ocrx_word' id='word_1_237' title='bbox 1249 2618 1252 2624; x_wconf 92' lang='lat'>·</span> 
     </span>
    </p>
   </div>
   <div class='ocr_carea' id='block_1_12' title="bbox 122 2669 1163 3512">
    <p class='ocr_par' dir='ltr' id='par_1_13' title="bbox 122 2669 1163 3512">
     <span class='ocr_line' id='line_1_30' title="bbox 124 2669 1128 2751; baseline 0.002 -21"><span class='ocrx_word' id='word_1_238' title='bbox 124 2678 276 2748; x_wconf 87' lang='lat' dir='ltr'><strong>exuerant,</strong></span> <span class='ocrx_word' id='word_1_239' title='bbox 291 2687 378 2732; x_wconf 88' lang='lat' dir='ltr'><strong>ansus</strong></span> <span class='ocrx_word' id='word_1_240' title='bbox 396 2678 442 2731; x_wconf 86' lang='lat' dir='ltr'><strong>est</strong></span> <span class='ocrx_word' id='word_1_241' title='bbox 458 2687 550 2750; x_wconf 77' lang='lat' dir='ltr'><strong>eques</strong></span> <span class='ocrx_word' id='word_1_242' title='bbox 563 2671 710 2733; x_wconf 84' lang='lat' dir='ltr'><strong>Romanus</strong></span> <span class='ocrx_word' id='word_1_243' title='bbox 721 2669 759 2732; x_wconf 85' lang='lat' dir='ltr'><strong>ll.</strong></span> <span class='ocrx_word' id='word_1_244' title='bbox 775 2669 940 2751; x_wconf 79' lang='lat' dir='ltr'><strong>Terentius,</strong></span> <span class='ocrx_word' id='word_1_245' title='bbox 957 2669 996 2733; x_wconf 85' lang='lat' dir='ltr'><strong>ob</strong></span> <span class='ocrx_word' id='word_1_246' title='bbox 1008 2670 1036 2732; x_wconf 94' lang='lat' dir='ltr'><strong>id</strong></span> <span class='ocrx_word' id='word_1_247' title='bbox 1048 2689 1128 2749; x_wconf 88' lang='lat' dir='ltr'><strong>rens,</strong></span> 
     </span>
     <span class='ocr_line' id='line_1_31' title="bbox 123 2752 1129 2834; baseline 0.002 -19"><span class='ocrx_word' id='word_1_248' title='bbox 123 2753 276 2834; x_wconf 86' lang='lat' dir='ltr'><strong>amplecti,</strong></span> <span class='ocrx_word' id='word_1_249' title='bbox 291 2753 328 2816; x_wconf 90' lang='lat' dir='ltr'><strong>ad</strong></span> <span class='ocrx_word' id='word_1_250' title='bbox 344 2752 422 2816; x_wconf 90' lang='lat' dir='ltr'><strong>bunc</strong></span> <span class='ocrx_word' id='word_1_251' title='bbox 434 2753 550 2817; x_wconf 86' lang='lat' dir='ltr'><strong>modum</strong></span> <span class='ocrx_word' id='word_1_252' title='bbox 565 2755 642 2834; x_wconf 87' lang='lat' dir='ltr'><strong>apud</strong></span> <span class='ocrx_word' id='word_1_253' title='bbox 659 2763 789 2816; x_wconf 89' lang='lat' dir='ltr'><strong>senatum</strong></span> <span class='ocrx_word' id='word_1_254' title='bbox 805 2755 961 2818; x_wconf 87' lang='lat' dir='ltr'><strong>ordiendo:</strong></span> <span class='ocrx_word' id='word_1_255' title='bbox 982 2755 1129 2817; x_wconf 70' lang='lat' dir='ltr'><strong>‘inmunde</strong></span> 
     </span>
     <span class='ocr_line' id='line_1_32' title="bbox 123 2837 1128 2922; baseline 0.002 -23"><span class='ocrx_word' id='word_1_256' title='bbox 123 2837 239 2918; x_wconf 84' lang='lat' dir='ltr'><strong>quidem</strong></span> <span class='ocrx_word' id='word_1_257' title='bbox 261 2855 345 2900; x_wconf 85' lang='lat' dir='ltr'><strong>meae</strong></span> <span class='ocrx_word' id='word_1_258' title='bbox 370 2839 497 2901; x_wconf 87' lang='lat' dir='ltr'><strong>iortasse</strong></span> <span class='ocrx_word' id='word_1_259' title='bbox 524 2839 616 2900; x_wconf 87' lang='lat' dir='ltr'><strong>minus</strong></span> <span class='ocrx_word' id='word_1_260' title='bbox 643 2839 782 2919; x_wconf 88' lang='lat' dir='ltr'><strong>expediat</strong></span> <span class='ocrx_word' id='word_1_261' title='bbox 807 2839 991 2922; x_wconf 72' lang='lat' dir='ltr'><strong>adgnoscere</strong></span> <span class='ocrx_word' id='word_1_262' title='bbox 1019 2842 1128 2902; x_wconf 86' lang='lat' dir='ltr'><strong>crimen</strong></span> 
     </span>
     <span class='ocr_line' id='line_1_33' title="bbox 124 2921 1152 3003; baseline -0.004 -19"><span class='ocrx_word' id='word_1_263' title='bbox 124 2941 210 3002; x_wconf 81' lang='lat' dir='ltr'><strong>quarn</strong></span> <span class='ocrx_word' id='word_1_264' title='bbox 221 2922 367 2983; x_wconf 87' lang='lat' dir='ltr'><strong>abnuere:</strong></span> <span class='ocrx_word' id='word_1_265' title='bbox 384 2921 438 2984; x_wconf 91' lang='lat' dir='ltr'><strong>sed</strong></span> <span class='ocrx_word' id='word_1_266' title='bbox 449 2932 603 3002; x_wconf 83' lang='lat' dir='ltr'><strong>utcumque</strong></span> <span class='ocrx_word' id='word_1_267' title='bbox 619 2941 722 2984; x_wconf 88' lang='lat' dir='ltr'><strong>casura</strong></span> <span class='ocrx_word' id='word_1_268' title='bbox 734 2941 783 2985; x_wconf 89' lang='lat' dir='ltr'><strong>res</strong></span> <span class='ocrx_word' id='word_1_269' title='bbox 796 2933 852 3003; x_wconf 87' lang='lat' dir='ltr'><strong>est,</strong></span> <span class='ocrx_word' id='word_1_270' title='bbox 864 2924 981 2986; x_wconf 83' lang='lat' dir='ltr'><strong>fatebor</strong></span> <span class='ocrx_word' id='word_1_271' title='bbox 993 2934 1023 2986; x_wconf 89' lang='lat' dir='ltr'><strong>et</strong></span> <span class='ocrx_word' id='word_1_272' title='bbox 1036 2925 1152 2986; x_wconf 85' lang='lat' dir='ltr'><strong>luisses</strong></span> 
     </span>
     <span class='ocr_line' id='line_1_34' title="bbox 122 3006 1128 3090; baseline 0.002 -22"><span class='ocrx_word' id='word_1_273' title='bbox 122 3006 293 3068; x_wconf 83' lang='lat' dir='ltr'><strong>masciano</strong></span> <span class='ocrx_word' id='word_1_274' title='bbox 310 3007 447 3085; x_wconf 87' lang='lat' dir='ltr'><strong>amicum,</strong></span> <span class='ocrx_word' id='word_1_275' title='bbox 465 3016 495 3070; x_wconf 90' lang='lat' dir='ltr'><strong>et</strong></span> <span class='ocrx_word' id='word_1_276' title='bbox 507 3016 537 3069; x_wconf 93' lang='lat' dir='ltr'><strong>ut</strong></span> <span class='ocrx_word' id='word_1_277' title='bbox 549 3025 645 3069; x_wconf 87' lang='lat' dir='ltr'><strong>essem</strong></span> <span class='ocrx_word' id='word_1_278' title='bbox 657 3008 826 3088; x_wconf 89' lang='lat' dir='ltr'><strong>expetisse,</strong></span> <span class='ocrx_word' id='word_1_279' title='bbox 842 3017 872 3070; x_wconf 88' lang='lat' dir='ltr'><strong>et</strong></span> <span class='ocrx_word' id='word_1_280' title='bbox 886 3018 1041 3090; x_wconf 85' lang='lat' dir='ltr'><strong>postquam</strong></span> <span class='ocrx_word' id='word_1_281' title='bbox 1061 3011 1128 3072; x_wconf 90' lang='lat' dir='ltr'><strong>ade-</strong></span> 
     </span>
     <span class='ocr_line' id='line_1_35' title="bbox 124 3090 1128 3174; baseline 0.003 -22"><span class='ocrx_word' id='word_1_282' title='bbox 124 3100 191 3172; x_wconf 88' lang='lat' dir='ltr'><strong>ptus</strong></span> <span class='ocrx_word' id='word_1_283' title='bbox 214 3108 293 3152; x_wconf 89' lang='lat' dir='ltr'><strong>eram</strong></span> <span class='ocrx_word' id='word_1_284' title='bbox 308 3090 452 3153; x_wconf 88' lang='lat' dir='ltr'><strong>laetatum.</strong></span> <span class='ocrx_word' id='word_1_285' title='bbox 480 3091 609 3152; x_wconf 80' lang='lat' dir='ltr'><strong>videram</strong></span> <span class='ocrx_word' id='word_1_286' title='bbox 624 3091 770 3172; x_wconf 75' lang='lat' dir='ltr'><strong>collegam</strong></span> <span class='ocrx_word' id='word_1_287' title='bbox 785 3095 876 3174; x_wconf 85' lang='lat' dir='ltr'><strong>patris</strong></span> <span class='ocrx_word' id='word_1_288' title='bbox 890 3095 1029 3172; x_wconf 79' lang='lat' dir='ltr'><strong>regendis</strong></span> <span class='ocrx_word' id='word_1_289' title='bbox 1045 3113 1128 3174; x_wconf 89' lang='lat' dir='ltr'><strong>prae·</strong></span> 
     </span>
     <span class='ocr_line' id='line_1_36' title="bbox 122 3174 1127 3255; baseline 0 -19"><span class='ocrx_word' id='word_1_290' title='bbox 122 3175 207 3236; x_wconf 87' lang='lat' dir='ltr'><strong>toriis</strong></span> <span class='ocrx_word' id='word_1_291' title='bbox 222 3174 401 3255; x_wconf 89' lang='lat' dir='ltr'><strong>cohortibus,</strong></span> <span class='ocrx_word' id='word_1_292' title='bbox 416 3193 486 3238; x_wconf 88' lang='lat' dir='ltr'><strong>mox</strong></span> <span class='ocrx_word' id='word_1_293' title='bbox 499 3175 579 3238; x_wconf 89' lang='lat' dir='ltr'><strong>urbis</strong></span> <span class='ocrx_word' id='word_1_294' title='bbox 591 3185 621 3238; x_wconf 92' lang='lat' dir='ltr'><strong>et</strong></span> <span class='ocrx_word' id='word_1_295' title='bbox 631 3176 751 3238; x_wconf 89' lang='lat' dir='ltr'><strong>militiae</strong></span> <span class='ocrx_word' id='word_1_296' title='bbox 762 3179 856 3240; x_wconf 88' lang='lat' dir='ltr'><strong>munia</strong></span> <span class='ocrx_word' id='word_1_297' title='bbox 867 3178 951 3239; x_wconf 89' lang='lat' dir='ltr'><strong>simul</strong></span> <span class='ocrx_word' id='word_1_298' title='bbox 962 3177 1127 3240; x_wconf 87' lang='lat' dir='ltr'><strong>obeuntem.</strong></span> 
     </span>
     <span class='ocr_line' id='line_1_37' title="bbox 122 3258 1128 3342; baseline 0.002 -24"><span class='ocrx_word' id='word_1_299' title='bbox 122 3258 201 3320; x_wconf 89' lang='lat' dir='ltr'><strong>illius</strong></span> <span class='ocrx_word' id='word_1_300' title='bbox 215 3260 373 3340; x_wconf 82' lang='lat' dir='ltr'><strong>propinqui</strong></span> <span class='ocrx_word' id='word_1_301' title='bbox 388 3270 418 3322; x_wconf 92' lang='lat' dir='ltr'><strong>et</strong></span> <span class='ocrx_word' id='word_1_302' title='bbox 435 3261 548 3322; x_wconf 89' lang='lat' dir='ltr'><strong>adlines</strong></span> <span class='ocrx_word' id='word_1_303' title='bbox 565 3260 726 3323; x_wconf 85' lang='lat' dir='ltr'><strong>bonoribus</strong></span> <span class='ocrx_word' id='word_1_304' title='bbox 742 3263 937 3342; x_wconf 77' lang='lat' dir='ltr'><strong>augebantur3</strong></span> <span class='ocrx_word' id='word_1_305' title='bbox 958 3262 1128 3340; x_wconf 84' lang='lat' dir='ltr'><strong>utquisque</strong></span> 
     </span>
     <span class='ocr_line' id='line_1_38' title="bbox 123 3343 1163 3424; baseline -0.001 -20"><span class='ocrx_word' id='word_1_306' title='bbox 123 3343 232 3404; x_wconf 88' lang='lat' dir='ltr'><strong>Seiano</strong></span> <span class='ocrx_word' id='word_1_307' title='bbox 247 3343 370 3424; x_wconf 85' lang='lat' dir='ltr'><strong>intimus,</strong></span> <span class='ocrx_word' id='word_1_308' title='bbox 385 3346 424 3406; x_wconf 88' lang='lat' dir='ltr'><strong>ite</strong></span> <span class='ocrx_word' id='word_1_309' title='bbox 442 3346 478 3407; x_wconf 87' lang='lat' dir='ltr'><strong>nd</strong></span> <span class='ocrx_word' id='word_1_310' title='bbox 494 3343 629 3422; x_wconf 78' lang='lat' dir='ltr'><strong>Caesaris</strong></span> <span class='ocrx_word' id='word_1_311' title='bbox 643 3346 796 3408; x_wconf 90' lang='lat' dir='ltr'><strong>amicitiam</strong></span> <span class='ocrx_word' id='word_1_312' title='bbox 807 3345 935 3409; x_wconf 84' lang='lat' dir='ltr'><strong>validus:</strong></span> <span class='ocrx_word' id='word_1_313' title='bbox 954 3353 1053 3406; x_wconf 88' lang='lat' dir='ltr'><strong>contra</strong></span> <span class='ocrx_word' id='word_1_314' title='bbox 1066 3346 1126 3422; x_wconf 84' lang='lat' dir='ltr'><strong>qni·</strong></span> <span class='ocrx_word' id='word_1_315' title='bbox 1136 3356 1163 3396; x_wconf 82' lang='lat' dir='ltr'><strong>to</strong></span> 
     </span>
     <span class='ocr_line' id='line_1_39' title="bbox 123 3425 1127 3512; baseline -0.001 -25"><span class='ocrx_word' id='word_1_316' title='bbox 123 3425 179 3488; x_wconf 90' lang='lat' dir='ltr'><strong>bus</strong></span> <span class='ocrx_word' id='word_1_317' title='bbox 199 3427 329 3488; x_wconf 83' lang='lat' dir='ltr'><strong>infensus</strong></span> <span class='ocrx_word' id='word_1_318' title='bbox 353 3439 450 3512; x_wconf 87' lang='lat' dir='ltr'><strong>esset,</strong></span> <span class='ocrx_word' id='word_1_319' title='bbox 477 3439 554 3491; x_wconf 88' lang='lat' dir='ltr'><strong>metu</strong></span> <span class='ocrx_word' id='word_1_320' title='bbox 577 3447 613 3493; x_wconf 89' lang='lat' dir='ltr'><strong>ac</strong></span> <span class='ocrx_word' id='word_1_321' title='bbox 634 3429 770 3492; x_wconf 87' lang='lat' dir='ltr'><strong>sordibus</strong></span> <span class='ocrx_word' id='word_1_322' title='bbox 790 3425 1036 3491; x_wconf 82' lang='lat' dir='ltr'><strong>conflictabantur.</strong></span> <span class='ocrx_word' id='word_1_323' title='bbox 1071 3443 1127 3486; x_wconf 91' lang='lat' dir='ltr'><strong>nec</strong></span> 
     </span>
    </p>
   </div>
   <div class='ocr_carea' id='block_1_13' title="bbox 0 0 1290 3878">
    <p class='ocr_par' dir='ltr' id='par_1_14' title="bbox 0 0 1290 3878">
     <span class='ocr_line' id='line_1_40' title="bbox 0 0 1290 3878; baseline 0 3"><span class='ocrx_word' id='word_1_324' title='bbox 0 0 1290 3878; x_wconf 95' lang='lat' dir='ltr'><strong> </strong></span> 
     </span>
    </p>
   </div>
  </div>
 </body>
</html>
