2540 3874
154 159 195 218 92
413 162 906 215 coauaanunolalnuunaruat

154 323 305 384 videbatur
334 330 558 401 suspectumque
590 320 644 380 iam
680 318 781 396 nimiae
816 320 881 398 spei
914 319 1047 380 Seianum
1083 319 1156 380 ultra

155 407 306 468 extulisse.

215 491 264 554 30.
288 491 359 552 Fine
379 491 445 550 anni
470 503 646 549 concessere
669 487 728 548 rita·
748 469 883 566 insignes·
898 488 952 547 viri
973 486 1004 548 L.
1019 486 1158 549 Volusius

155 574 358 636 etSaiiastius
381 571 511 652 crispus.
550 569 674 632 Volusio
701 580 785 632 retas
812 567 919 633 iamiiia
943 589 1037 651 neque
1063 581 1157 634 tannen

155 669 318 740 praeturam
334 674 472 736 egressa:
496 660 560 736 ipse
585 654 763 725 consulatum
786 656 893 733 intulit,
919 657 1052 718 censoria
1074 657 1159 718 etiam

155 751 300 825 potestate
316 742 450 820 legendis
466 742 592 820 equiturn
607 740 733 800 decuriis
756 741 887 818 iunctus,
911 755 1071 821 opemque,
1095 742 1159 820 quis

132 829 258 888 adoinus
273 827 325 886 iila
344 827 504 886 inmensum
526 825 633 902 viguit,
657 825 764 902 primus
785 824 992 885 adcumulator.
1026 823 1159 904 Crispum

155 913 283 991 equestri
299 919 391 970 ortam
406 909 474 969 loco
491 907 525 970 G.
542 907 711 986 Sallustius,
726 922 822 969 rerum
837 910 1028 970 Romanarum
1053 909 1159 970 deren·

154 997 280 1056 tissimus
299 1001 415 1069 armar,
442 994 552 1054 sororis
574 1000 710 1072 nepotem
732 994 760 1052 in
782 1007 887 1054 aromeu
908 993 1039 1054 adscivit.
1074 1002 1160 1072 atquc

153 1080 220 1156 ille,
248 1089 417 1158 quamquam
449 1085 585 1157 prompto
616 1075 652 1137 ad
685 1078 884 1156 capessendos
911 1077 1040 1138 honores
1071 1077 1158 1152 aditu,

156 1161 355 1226 Maecenatem
372 1161 531 1222 aemulatus
548 1161 611 1220 eine
627 1160 766 1238 dignitate
781 1163 933 1222 senatoria
944 1162 1051 1222 maltos
1065 1163 1158 1222 trium·

122 1265 146 1309 ro
157 1245 284 1328 phaliam
300 1245 554 1325 romuleamque
570 1247 699 1324 potentia
714 1247 829 1323 anteiit,
847 1244 982 1306 diversas
996 1259 1016 1306 a
1030 1255 1161 1306 ueterum

155 1331 284 1392 instituto
302 1341 355 1410 per
371 1328 476 1390 cultum
497 1339 527 1390 et
547 1329 699 1390 munditias
719 1327 865 1410 copiaque
886 1340 918 1391 et
935 1331 1068 1392 aduentia
1092 1328 1163 1390 luxu

156 1416 288 1496 propior.
323 1411 440 1474 suberat
454 1423 549 1474 tannen
569 1415 656 1495 vigor
670 1415 755 1474 animi
768 1414 932 1492 ingentibus
952 1415 1079 1494 negotis
1095 1426 1161 1493 par,

156 1501 316 1576 aeaerici,
332 1511 535 1577 quorsomnum
551 1507 581 1558 et
602 1499 731 1558 inertiam
752 1501 846 1578 magia
867 1499 1039 1560 ostentabat.
1073 1497 1162 1577 igitar
1190 1549 1201 1567 ,.

155 1583 292 1645 iacetani
306 1575 477 1643 Maecenate
501 1582 664 1663 proximus,
688 1595 756 1644 mox
779 1585 951 1664 praecipatus
975 1584 1020 1644 eui
1045 1591 1161 1643 secreta

121 1669 361 1746 coimperatorum
383 1666 572 1727 inniterentur
597 1675 627 1727 et
646 1667 836 1728 interficiendi
855 1668 982 1729 Postumi
1008 1667 1162 1746 Agrippae

157 1753 311 1828 conscias,
336 1759 433 1810 aetate
453 1758 594 1830 provecta
617 1752 746 1830 speciem
769 1753 864 1830 magis
884 1755 913 1812 ia
933 1751 1058 1813 amicitia
1084 1751 1162 1830 prin·

157 1837 231 1914 oipis
254 1849 338 1913 qaam
361 1836 420 1893 vim
439 1836 538 1894 terait.
566 1834 653 1912 idque
675 1841 704 1894 et
724 1835 888 1897 Maecenati
911 1832 1075 1914 acciderat,
1100 1835 1162 1896 iata

155 1920 303 1999 potentiae
325 1932 392 1978 raro
418 1911 628 1998 sempiternae,
657 1935 693 1979 aa
716 1921 802 1980 satias
826 1921 903 2002 sapit
928 1929 975 1982 aut
992 1920 1074 1998 iilos,
1098 1935 1162 1982 carn

156 2003 250 2078 omnia
265 2000 441 2078 tribuerant,
459 2011 507 2062 aut
521 2001 590 2080 boe,
615 2015 679 2062 cunr
698 2003 753 2065 iarn
774 2003 844 2064 nibil
865 2005 1007 2086 reliquant
1024 2011 1068 2065 eet
1085 2003 1162 2084 qood

122 2087 285 2166 aocapiant.
889 2159 892 2168 Ι

221 2170 270 2234 31.
294 2171 429 2249 Sequitur
444 2169 543 2231 Tiberi
558 2179 693 2250 quartus,
713 2171 800 2232 Drusi
821 2172 966 2233 secundus
983 2173 1162 2251 consulatus,

157 2257 247 2336 patris
269 2261 355 2335 atque
380 2253 430 2315 tilii
452 2255 581 2334 collegio
603 2255 735 2333 insignis
774 2269 838 2318 nam
859 2256 983 2317 triennio
1008 2267 1073 2318 aute
1091 2256 1161 2319 Ger-

155 2340 260 2400 manici
276 2354 343 2399 cum
356 2332 474 2398 Tiberio
498 2339 573 2400 idern
595 2338 688 2401 honor
709 2351 804 2420 neque
827 2349 931 2420 patruo
957 2341 1052 2402 laetas
1066 2335 1163 2419 neque

155 2431 257 2484 natura
280 2427 337 2484 tam
359 2437 490 2483 conexas
514 2422 633 2486 iuerat.¹
665 2425 727 2485 eius
756 2426 822 2486 anai
854 2426 998 2505 principio
1027 2425 1162 2486 Tiberias

133 2508 238 2587 aquosi
255 2505 409 2567 firmandae
427 2507 584 2568 valetudini
605 2508 633 2566 in
651 2506 836 2588 campaniam
858 2512 1018 2586 coacessit,
1033 2508 1162 2585 tongam

157 2599 185 2650 et
207 2592 370 2651 continuam
391 2589 553 2652 absentiam
571 2591 707 2670 paulatim
732 2592 890 2672 meditans,
917 2595 980 2656 sive
1006 2601 1038 2652 at
1062 2602 1161 2654 amoto

155 2682 239 2755 patre
254 2673 366 2734 baasae
377 2676 470 2735 munia
484 2676 650 2736 consulatus
665 2676 746 2739 eolus
761 2677 906 2758 impleret.
934 2693 970 2741 ae
981 2679 1058 2738 iorte
1071 2691 1161 2758 parva

155 2773 204 2818 res
221 2769 354 2836 magnum
369 2757 406 2819 ed
422 2768 568 2820 certamen
585 2775 745 2839 progressa
760 2761 894 2842 praebuit
904 2763 1003 2824 iuueoi
1012 2763 1160 2823 materiem

156 2841 306 2922 apiscendi
322 2843 442 2903 favoris.
468 2843 610 2905 Domitius
626 2841 754 2907 Corbulo
780 2855 916 2926 praetura
937 2847 1051 2908 iunctus
1071 2845 1159 2908 deb.

122 2917 238 2987 arsitia
253 2925 343 2988 nobiti
357 2927 462 2990 iuvene
481 2935 600 3007 questas
619 2937 668 2988 est·
682 2930 758 3010 apud
777 2941 924 3009 senatum,
947 2932 1026 3011 quod
1049 2931 1102 2994 sibi
1118 2930 1158 2988 in-

156 3019 203 3070 ter
215 3012 384 3090 spectacula
402 3007 593 3089 giadiatorarn
608 3012 676 3074 ioco
688 3027 747 3075 non
762 3014 949 3078 decessisset.
980 3033 1034 3096 pro
1048 3012 1158 3078 (torba-

155 3093 225 3154 ione
239 3101 334 3173 aetas,
354 3095 463 3175 patrias
486 3109 564 3174 mos,
587 3096 680 3157 stadia
698 3100 844 3162 seniorum
865 3109 962 3162 erant:
987 3110 1086 3162 eontra
1100 3099 1160 3161 ida-

155 3194 271 3240 meroas
295 3179 435 3240 Scauros·
451 3189 482 3264 et
504 3179 536 3240 L.
558 3180 712 3244 Arruntius
742 3184 848 3263 aliique
877 3183 976 3246 Sellae
1005 3184 1163 3266 propinqui

156 3263 328 3322 nitebantur.
356 3263 563 3343 certabantque
578 3265 756 3328 nacionibus
773 3277 802 3328 et
818 3268 1050 3331 memorabantur
1062 3279 1161 3330 exem·
1201 3291 1204 3298 ·

123 3345 204 3423 apia
220 3346 368 3426 maiorum,
385 3349 433 3426 qai
448 3349 602 3409 iuventatis
624 3349 846 3414 inreverentiam
868 3353 1006 3432 gravibus
1032 3351 1161 3414 decreta

155 3430 348 3509 notavissent,
373 3426 467 3493 donec
488 3432 599 3494 umsas
627 3444 694 3514 apta
720 3438 915 3517 temperandis
942 3438 1041 3499 animis
1068 3435 1159 3498 disse·
