2536 3870
323 172 326 177 ·
405 123 512 214 nnana
526 166 560 214 v.
580 165 656 218 car.
673 165 776 252 o-m.
1031 155 1091 220 tat
1203 172 1206 182 ·

61 327 102 386 iu
119 324 288 384 inmensum
303 319 399 384 editos
415 319 588 394 claudebant
601 324 674 383 muri
688 341 743 402 per
756 331 847 384 artem
861 321 971 404 obliqui
985 333 1034 390 aut
1047 326 1087 386 in·

67 420 198 470 troi-sus
213 405 336 482 sinuati,
352 413 383 464 ut
397 404 499 474 latera,
505 404 732 484 obpugnantium
747 406 784 467 ad
801 408 876 470 ictus
890 417 1086 488 patescerent.
1103 414 1129 455 1⁵

66 499 216 552 extrema
231 489 314 568 rupis
326 487 463 568 abruptur
479 498 509 550 et
522 498 635 569 turres,
650 490 700 552 ubi
713 503 796 554 moue
808 493 945 570 iuvisset,
960 493 988 551 iu
1003 510 1087 554 sexa·

68 592 179 654 genos
196 572 306 655 pedes,
320 573 395 634 inter
413 571 527 633 devera
542 573 570 633 iu
587 584 728 637 centenos
749 576 954 657 vicenodque]
970 575 1086 638 attolle·

68 659 202 736 bantur,
226 659 297 718 mira
313 657 416 737 specie
436 674 473 717 ae
487 658 591 736 procul
614 660 788 720 intuentibus
808 679 905 740 pares.
939 660 996 722 alia
1010 662 1087 720 intus

68 745 214 819 moenia,
240 740 343 818 regiae
368 741 572 820 circumiecta,
600 745 820 823 conspicuoque
848 745 968 822 fastigio
1000 745 1087 805 turris

33 867 37 873 -
69 826 226 902 Antonin,
241 824 426 885 inhonorem
442 825 481 886 lt.
498 826 616 888 Antonii
632 827 668 888 ab
682 827 800 888 llerode
814 828 973 908 appellata.
1101 825 1133 871 ²⁰

146 910 197 970 12.
220 907 372 988 Templum
396 909 425 968 iu
446 908 561 971 modum
582 913 659 973 arcis
680 913 852 992 propriique
872 913 962 990 muri,
984 911 1088 974 labore

72 1005 107 1055 et
129 1011 226 1074 opere
249 1001 314 1054 aute
336 993 427 1064 alios;
449 994 533 1074 ipsae
549 997 696 1073 porticus,
721 996 786 1076 quis
806 997 946 1076 templum
960 994 1086 1059 ambiba-

72 1089 144 1155 tur,
162 1077 315 1154 egregium
332 1077 594 1157 propugnaculum.
623 1080 847 1159 lons-perennis
867 1096 977 1161 aquae,
994 1082 1088 1142 cavati

77 1161 137 1223 sub
160 1169 238 1222 terra
260 1171 374 1222 montes
396 1170 426 1222 et
446 1161 578 1240 piscinae
600 1165 804 1243 cisternaeque
825 1165 977 1226 servandis
991 1163 1087 1224 imbri·
1166 1217 1167 1220 ,

76 1247 146 1308 bus.
184 1244 373 1324 providerant
403 1244 571 1306 conditores
599 1267 639 1309 ex
657 1248 826 1308 diversitate
853 1266 962 1308 morum
984 1247 1119 1308 crebra⁵

77 1329 177 1392 bella:
209 1327 276 1390 inde
299 1338 403 1389 cuncta
425 1331 556 1408 quamvis
575 1329 717 1392 adversus
738 1331 857 1409 longum
878 1330 1037 1400 obsidium;
1059 1340 1090 1390 et

80 1413 257 1491 al’ompeio
280 1415 455 1491 expugnatis
476 1421 570 1472 metus
589 1423 677 1493 atque
701 1433 771 1476 usus
791 1414 932 1493 pleraque
948 1423 1088 1474 monstrn-

80 1515 164 1558 vere.
201 1504 288 1576 atque
309 1514 363 1576 per
389 1497 536 1558 avaritiam
559 1495 782 1560 Claudianorum
808 1506 970 1576 temporum
991 1503 1089 1578 empto

80 1584 145 1642 iure
164 1579 309 1641 muniendi
330 1589 464 1642 struxere
486 1597 583 1642 moros
604 1583 633 1641 iu
654 1599 730 1661 pace
757 1591 900 1661 tamquam
918 1580 953 1642 ad
969 1581 1089 1658 bellum,

81 1681 188 1742 magua
209 1663 360 1725 coulnvies
376 1673 406 1725 et
422 1673 585 1725 ceterarum
605 1665 717 1726 urbium
733 1665 817 1727 clade
834 1666 925 1734 aucti;
942 1683 1007 1728 nam
1022 1674 1128 1744 per-10

82 1748 285 1810 vicacisslmus
306 1751 429 1829 quisque
449 1747 520 1808 illuc
533 1749 704 1829 perlegerat
720 1768 818 1829 eoque
835 1749 1003 1810 seditiosius
1019 1766 1089 1826 age·

82 1833 161 1893 bant.
196 1841 258 1894 tres
279 1831 385 1912 duces,
411 1831 531 1893 totidem
552 1834 715 1894 exercitus:
755 1843 885 1894 extrema
906 1841 935 1894 et
949 1833 1089 1894 latissima

81 1915 227 1978 moenium
247 1916 343 1994 Simo,
364 1913 486 1978 mediam
502 1916 603 1978 urbem
622 1916 749 1979 loannes
764 1919 860 1997 [quem
875 1925 905 1976 et
920 1916 1090 1996 Bargioram

83 1999 251 2080 vocabantl,
267 1999 407 2079 templum
422 1999 582 2062 Eleazarus
597 2002 772 2062 firmaverat.
802 2000 981 2061 multitudine
997 2009 1027 2060 et
1043 2017 1088 2060 ar·

85 2086 139 2144 mis
153 2083 278 2146 loannes
299 2102 334 2144 ac
349 2085 444 2162 Simo,
462 2083 622 2146 Eleazarus
636 2085 706 2146 loco
720 2084 869 2164 pollebat:
905 2084 959 2145 sed
974 2083 1089 2164 proelia
1107 2091 1151 2164 1⁵„

85 2167 170 2228 dolns
190 2167 324 2229 incendia
346 2170 421 2230 inter
443 2169 542 2247 ipsos,
564 2177 594 2229 et
618 2186 721 2247 magna
736 2169 780 2228 vis
797 2166 933 2229 frumenti
947 2167 1088 2230 ambusta.

85 2268 154 2312 mox
167 2251 310 2329 loannes,
324 2253 420 2313 missis
438 2270 491 2331 per
507 2253 638 2331 speciem
653 2252 837 2326 sacrificandi
854 2251 902 2331 qui
916 2251 1089 2313 Eleazarum

86 2353 255 2415 maumuque
269 2337 332 2397 eius
346 2335 569 2413 obtruncarent,
591 2338 700 2416 templo
716 2337 833 2415 potitur.
862 2337 902 2395 ita
917 2335 945 2395 iu
959 2335 1029 2395 duas
1045 2334 1087 2395 ia·

87 2421 199 2483 otiores
225 2421 327 2482 civitas
357 2420 510 2497 discessit,
541 2421 636 2482 donec
666 2417 925 2500 propinquantibus
949 2418 1087 2480 Romanis

87 2502 194 2564 bellum
213 2513 363 2566 externum
378 2505 565 2566 concordiam
582 2513 709 2584 pareret.
1095 2509 1126 2550 ¹⁰

151 2588 198 2650 13.
221 2587 390 2652 Evenerant
413 2588 566 2668 prodigia,
589 2607 663 2669 quae
685 2606 781 2668 neque
800 2588 905 2649 hostiis
925 2605 1020 2666 neque
1035 2604 1086 2646 vo-

88 2673 123 2733 tis
145 2675 225 2751 piare
248 2674 293 2734 ias
311 2672 400 2734 babet
422 2691 498 2751 gons
519 2672 717 2754 superstitioni
732 2671 877 2749 obnoxia,
895 2668 1088 2748 religionibus

89 2755 217 2818 advorsa.
243 2759 327 2819 visae
341 2777 396 2838 per
412 2756 525 2818 caelum
544 2774 722 2820 concurrere
738 2758 834 2832 acies,
849 2755 994 2818 rutilantia
1009 2771 1088 2816 arma

89 2849 118 2901 et
138 2840 229 2904 subito
251 2841 366 2904 nubium
390 2843 460 2920 igue
488 2841 646 2903 conlucere
675 2840 823 2920 templum.
849 2849 880 2900 et
897 2847 1017 2920 apertae
1040 2857 1086 2898 rc·

90 2935 172 3004 pente
192 2924 306 2986 delubri
325 2927 408 2987 iores
430 2934 460 2987 et
477 2926 573 2988 audita
593 2925 686 2988 maior
699 2923 821 2986 humana
843 2943 918 3001 vor,
941 2921 1116 2984 excederc⁵

90 3009 175 3076 deuse
196 3008 280 3068 simul
299 3011 403 3087 iugens
422 3019 518 3071 motus
539 3009 752 3072 excedentium.
772 3021 860 3088 „quae
883 3007 968 3088 pauci
983 3007 1011 3066 in
1028 3023 1087 3066 me·

92 3099 146 3149 tum
166 3089 332 3150 trahebant:
369 3090 499 3171 pluribus
520 3095 674 3172 persuasio
693 3095 788 3154 iuerat
804 3093 929 3172 antiquis
950 3087 1088 3151 sacerdo·

92 3181 146 3231 tum
169 3170 261 3231 literis
286 3175 443 3252 contineri,
467 3193 503 3237 eo
526 3179 591 3257 ipso
615 3187 749 3256 tempore
778 3177 844 3238 iore
864 3185 895 3236 ut
923 3174 1089 3235 valesceret

92 3255 184 3320 oriens
199 3258 384 3338 proiectique
400 3259 508 3321 iudaea
522 3279 617 3322 rernm
632 3270 821 3341 poterentur:
850 3276 926 3341 quae
947 3259 1087 3336 ambages

91 3342 298 3421 Vespasianum
319 3361 355 3406 ac
371 3342 465 3406 litum
497 3346 696 3426 praedixerat:
738 3345 794 3406 sed
814 3343 921 3423 volgus
936 3359 1017 3403 more
1033 3341 1085 3402 hu·
1097 3361 1122 3402 rc

92 3443 186 3490 manae
203 3427 346 3510 cupidinis
368 3427 424 3489 sibi
446 3438 550 3491 tantam
565 3431 689 3490 latorum
704 3427 929 3507 magnitudinem
944 3427 1087 3505 interpre-
