2596 3872
394 171 500 220 ernon
513 171 570 222 xv.
589 172 665 222 ear.
678 172 812 228 ns-ee.
1046 163 1108 226 3⁰7

171 325 222 386 56.
243 324 324 403 Erga
341 327 450 386 accitur
464 323 592 404 Natalis,
612 336 640 387 et
658 326 765 390 diversi
783 328 1013 407 interrogantur,
1032 328 1108 407 quin·

106 429 173 470 narn
189 409 214 470 is
228 427 340 486 sermo,
362 427 419 488 que
434 408 471 474 de
492 427 525 471 re
542 410 654 478 fuisset.
684 421 743 478 trun
760 423 861 477 exorta
880 413 1023 490 suspicio,
1043 412 1109 490 quia

107 513 166 555 non
183 495 373 571 congruentia
392 492 620 572 responderant,
640 495 787 576 inditaque
802 497 907 558 vincia.
938 505 967 556 et
981 504 1108 556 tormen-

108 588 201 640 torum
222 585 373 657 aspectum
393 595 428 638 ac
448 579 539 645 netues
562 596 618 641 nnn
639 580 747 642 tulere:
771 581 852 660 prior
872 589 966 642 tamen
985 577 1107 655 Natalis,

107 663 196 725 totius
216 662 441 741 conspirationis
465 662 558 740 masis
574 681 700 740 poenus,
722 664 960 742 simuinrguendi
976 663 1133 741 perideus

106 747 144 810 de
159 746 267 810 Pisone
286 749 404 824 primurn
425 747 548 822 fatetur,
565 747 670 809 deiude
688 747 775 811 adicit
789 747 938 810 Arruaeuuo
952 749 1107 822 Senecam,

106 833 171 893 sire
186 832 377 895 internuntius
394 830 470 892 inter
484 848 549 894 enm
562 831 755 911 Pisonemque
770 833 838 910 fuit,
858 834 921 892 sive
938 842 968 892 ut
981 829 1107 891 Neronis

106 917 230 994 gratiam
245 924 377 993 pararet,
402 915 450 993 qui
464 914 594 980 intensus
610 916 743 978 Senecae
757 934 858 978 omnes
875 917 912 978 ad
928 935 992 978 eum
1008 914 1107 994 oppri-

104 998 239 1062 mendum
254 1008 332 1063 entes
347 998 546 1078 conquirebat.
569 1009 627 1065 tuen
642 1001 762 1078 cognito
772 999 885 1062 Natalis
899 1000 1005 1062 indicio
1017 1000 1106 1060 Scae·
1122 1059 1123 1064 ,

105 1085 190 1143 vinus
206 1099 321 1162 qunque
338 1083 400 1162 peri
416 1083 619 1162 inbecillitate,
634 1102 671 1146 an
688 1085 864 1146 cunctatam
881 1084 1025 1163 patefacta
1042 1101 1105 1144 ere·
1114 1105 1139 1146 ιι

105 1169 179 1230 dens
204 1183 259 1226 eno
284 1167 371 1231 ullum
397 1167 504 1246 silentii
525 1167 758 1246 emolumentum,
786 1167 875 1236 edidit
900 1177 1028 1230 eeterm.
1069 1185 1108 1228 ex

105 1251 212 1332 quibus
231 1250 362 1318 Lucanus
377 1251 604 1331 Quintianusque
620 1262 650 1318 et
663 1253 789 1314 Senecio
807 1253 853 1314 diu
873 1253 1016 1314 abnuere:
1039 1259 1107 1332 post

107 1336 250 1418 promissa
265 1335 422 1414 inpunitate
438 1336 655 1415 corruptique
669 1336 831 1398 tarditatem
846 1345 1030 1412 excusarent,
1052 1335 1105 1396 Lu·

109 1438 197 1482 canus
225 1419 348 1482 Aciliam
376 1427 496 1480 matrem
522 1438 616 1496 suam,
649 1420 818 1494 Quintianus
840 1419 955 1482 Glitium
984 1418 1104 1495 Gallum,

109 1505 235 1564 Senecio
260 1503 384 1567 Annirum
397 1502 584 1581 -Poliionem,
611 1504 767 1567 amicornm
797 1507 988 1584 praecipuos,
1015 1502 1138 1565 nomi-n

103 1605 223 1650 narere.

168 1674 219 1734 et.
242 1671 339 1749 Atque
358 1670 470 1736 interim
491 1670 571 1734 Nero
594 1672 765 1742 recordatus
787 1672 900 1734 Volusii
921 1670 1038 1732 Proculi
1064 1668 1245 1766 ιιι-Μ

103 1758 184 1819 dicio
198 1754 364 1833 Epicharin
379 1755 493 1820 attineri
508 1765 645 1835 retorque
662 1755 803 1818 muliebre
822 1774 930 1836 corpus
948 1755 1039 1834 impar
1055 1755 1104 1814 dn·

103 1843 160 1902 rori
181 1839 331 1900 tormentis
351 1838 506 1908 dilacerari
525 1840 614 1905 iubat.
654 1840 781 1904 atillam
801 1859 860 1904 unu
880 1839 1020 1917 verbere,
1047 1855 1105 1900 nno

103 1927 207 2002 ignee,
229 1941 286 1986 uon
308 1923 351 1984 ira
372 1940 408 1984 ee
431 1925 526 1994 aerim
543 1925 753 2002 torquentium,
775 1943 811 1986 oe
831 1944 847 1985 a
864 1923 968 1986 femina
984 1941 1104 2002 sperne·

104 2017 220 2083 rentur,
242 2009 396 2084 perticere
417 2007 483 2084 quin
499 2007 615 2070 obiema
635 2008 805 2086 denegaret.
832 2009 876 2069 sic
891 2009 999 2086 primus
1014 2024 1129 2086 qnae-s

11 2125 13 2147 2
107 2092 210 2151 adenis
233 2090 296 2152 dies
318 2099 509 2168 contemptus.
539 2100 660 2178 postero
678 2110 742 2154 cum
762 2090 798 2154 ad
820 2091 940 2152 eosdem
962 2091 1105 2150 cruciatus

12 2187 14 2250 q
106 2171 301 2238 retraheretur
324 2175 484 2251 gestamine
511 2174 604 2236 sellae
626 2178 712 2254 (nam
732 2175 881 2237 dissolutis
905 2174 1041 2237 membris
1065 2175 1132 2233 in·-

105 2261 213 2320 eistere
233 2257 403 2337 nequibat),
428 2258 525 2321 vineto
540 2259 667 2336 fasciae,
693 2277 775 2338 quam
791 2257 905 2337 pectori
927 2258 1104 2334 detraxerat,

103 2345 133 2403 in
155 2341 271 2405 mecm
293 2341 389 2420 laquei
410 2341 446 2405 ed
466 2361 563 2407 areum
579 2342 671 2404 sellae
692 2343 828 2404 restricto
843 2341 943 2404 indidit
957 2341 1105 2402 cervicem

103 2437 135 2488 et
154 2425 289 2504 corporis
311 2425 441 2504 pondere
463 2429 565 2490 conisa
585 2435 699 2488 tenuem
720 2427 775 2488 iam
795 2427 925 2506 spiritum
946 2425 1140 2504 cupressinae

105 2511 232 2572 clariore
247 2509 382 2588 exemplo
397 2509 531 2578 libertina
544 2510 647 2576 mulier
661 2511 690 2572 in
704 2519 782 2574 tanta
796 2511 971 2574 necessitate
992 2509 1106 2570 alienos

105 2613 141 2655 ac
157 2611 253 2674 prope
268 2594 387 2671 ignotos
400 2595 599 2672 protegendo,
623 2613 687 2660 cum
702 2595 819 2671 ingenui
834 2603 863 2656 et
878 2594 932 2655 viri
947 2601 976 2653 et
992 2595 1105 2672 equites

103 2679 227 2740 Romani
241 2688 452 2757 senatoresque
463 2679 565 2742 intacti
573 2681 723 2741 tormentis
737 2679 886 2744 carissima
898 2694 1015 2740 snorum
1029 2678 1105 2756 quie-

104 2781 163 2842 que
180 2762 333 2841 pignerum
349 2761 517 2842 pretereat.
546 2779 606 2823 oon
621 2763 696 2822 en'nn
710 2761 880 2824 emittebant
891 2760 1022 2822 Lucanus
1034 2777 1105 2840 quo·

103 2865 162 2925 que
184 2854 214 2906 et
230 2846 356 2910 Senecio
376 2855 407 2908 et
422 2847 591 2921 Quintianus
603 2848 714 2925 passim
731 2846 867 2909 conscios
883 2843 989 2922 edere,
1011 2845 1105 2922 magis
1115 2856 1140 2896 tt

101 2930 255 3010 magisque
275 2928 383 3008 pavide
404 2928 539 3009 Nerone,
562 2947 732 3009 quamquam
752 2927 950 3008 multiplicatis
973 2925 1105 2990 excubiis

20 3031 24 3050 ι
102 3023 197 3077 senet
210 3014 384 3092 saepsisset.

164 3097 218 3162 58.
240 3098 315 3172 Quin
332 3105 362 3160 et
380 3095 575 3178 urncmdper
591 3097 753 3178 manipulos
775 3098 927 3178 occupatis
943 3095 1105 3173 moenibus,

105 3183 219 3244 insesso
239 3182 326 3244 enan
337 3181 411 3244 anari
424 3189 458 3248 ei
472 3197 572 3258 amoc,
594 3182 674 3244 uelut
691 3182 720 3242 in
736 3181 896 3244 custodiam
911 3180 1000 3243 dedit.
1032 3180 1105 3240 voli·

103 3266 260 3345 tabantque
286 3282 341 3344 per
363 3265 445 3342 tora,
476 3283 530 3353 per
551 3266 671 3344 domos,
700 3283 767 3326 rura
787 3282 905 3345 quoque
925 3273 955 3326 et
974 3263 1106 3344 proxima

101 3350 324 3428 municipiorum
344 3348 459 3429 pedites
482 3351 673 3430 equitesque,
698 3348 834 3428 permixti
856 3347 1020 3425 Germanis,
1044 3345 1104 3426 qui·
1132 3407 1135 3414 ,

101 3432 157 3494 bus
178 3433 286 3496 fidebat
298 3434 444 3514 princeps
459 3434 541 3513 qncsi
563 3433 700 3496 externis.
732 3431 949 3572 continna2hine
964 3439 994 3490 et
1009 3429 1128 3490 vinctae

890 3514 931 3572 0*

1270 360 1273 434 i
