2536 3870
191 167 253 229 tlt
432 175 597 227 consumi
619 177 736 224 ruerus
755 176 956 228 uosnconsu
992 141 993 144 ¹
1051 177 1052 182 ¹

192 336 237 396 les
253 333 418 410 miscuerit,
433 333 625 410 principatum
638 351 674 394 ac
688 331 867 409 libertatem,
884 343 1050 414 augeatque
1069 335 1207 413 quotidie

191 418 361 480 felicitatem
383 426 544 497 temporum
564 415 663 478 Nerua
687 409 843 495 Traianus,
871 434 928 476 nec
949 435 1032 496 spem
1052 417 1146 479 modo
1171 439 1206 480 ac

167 512 290 564 suctum
306 501 447 562 securitas
465 499 581 578 publica
594 499 647 561 sed
663 500 753 579 ipsius
767 503 827 562 voti
842 501 976 562 llduciam
996 519 1032 562 ac
1045 501 1143 564 robur
1158 504 1205 564 ad-

192 585 342 661 sumserit,
360 595 459 646 natura
475 593 569 644 tamea
583 584 754 645 infirmitatis
769 583 909 646 humanae
925 585 1054 646 tardiora
1069 595 1143 646 sunt
1159 606 1203 647 re-

191 670 286 732 media
302 687 386 748 qaam
401 666 490 736 mala;
508 677 539 727 et
554 676 584 727 ut
595 684 723 746 corpora
737 676 838 728 nostra
853 668 933 728 lente
948 677 1126 747 augescunt,
1145 675 1202 731 cito

193 755 412 830 extinguuntur,
431 754 474 812 sic
485 751 601 830 ingenia
616 749 767 832 studiaque
783 754 971 832 oppresseris
984 752 1101 813 facilius
1116 771 1204 834 wan

192 839 396 898 revocaveris:
418 834 494 896 subit
514 836 624 914 quippe
642 835 727 895 etiam
745 835 837 914 ipsius
857 837 979 896 inertiae
1000 834 1150 917 dulcedo,
1178 847 1205 898 et

162 923 287 984 rcinmsa
301 921 393 1000 primo
411 919 522 980 desidia
544 928 694 998 postremo
710 926 830 980 amatur.
861 917 949 998 quid?
971 921 995 982 si
1011 938 1065 999 per
1081 921 1204 1000 quinde-
1251 945 1252 996 p

195 1008 250 1066 cim
267 1021 373 1082 annos,
397 1003 508 1082 mande
524 1003 655 1064 mortalis
673 1004 738 1064 aevi
754 1004 893 1082 spatium,
914 1004 994 1066 multi
1011 1004 1140 1066 fortuitis
1157 1024 1203 1066 ca-

191 1089 289 1165 sibus,
307 1088 538 1166 promptissimus
555 1089 677 1167 quisque
694 1088 813 1148 saevitia
830 1089 970 1167 principis
983 1088 1201 1166 interciderunt,
1251 1137 1252 1140 ,

192 1173 295 1254 pauci,
311 1180 341 1231 ut
352 1169 397 1230 sic
410 1171 547 1248 dixerim,
562 1189 620 1231 non
634 1171 720 1234 modo
735 1171 857 1232 aliorum
873 1171 926 1233 sed
939 1173 1028 1255 etiam
1043 1175 1141 1234 nostri
1156 1192 1199 1232 su·

193 1257 332 1337 perutiles
347 1272 462 1331 sumus,
485 1256 627 1334 exemptis
644 1274 661 1315 e
678 1255 772 1315 media
787 1256 845 1317 vita
859 1264 903 1316 tot
920 1256 1016 1332 anuis,
1039 1256 1143 1335 quibus
1154 1257 1193 1313 iu-

162 1356 285 1401 rtrenes
300 1339 336 1400 ad
351 1348 547 1416 senectutem,
571 1358 658 1402 senes
677 1356 774 1419 prope
794 1338 831 1400 ad
848 1341 931 1418 ipsos
951 1347 1076 1401 exactae
1098 1340 1195 1400 aetatis

194 1425 334 1486 terminos
350 1441 405 1504 per
421 1423 565 1484 silentium
582 1423 724 1483 venimus.
762 1440 820 1483 non
842 1432 938 1484 tamen
955 1422 1071 1501 pigebit
1091 1424 1142 1484 vel
1162 1425 1197 1482 in·

195 1508 310 1570 condita
326 1525 362 1568 ac
382 1507 445 1568 rudi
460 1525 536 1568 voce
549 1507 717 1568 memoriam
737 1507 844 1586 prioris
862 1508 1008 1568 servitutis
1021 1524 1056 1567 ac
1072 1509 1198 1568 testimo·

193 1595 270 1654 m'um
290 1594 486 1671 praesentium
507 1591 650 1652 bonorum
673 1593 884 1668 composuisse.
917 1589 966 1652 lric
987 1592 1103 1652 interim
1129 1592 1200 1654 liber

193 1677 298 1738 bonori
312 1675 475 1753 Agricolae
489 1677 588 1736 soceri
609 1676 665 1735 mei
684 1674 860 1752 destinatus,
882 1676 1069 1754 professione
1084 1677 1202 1755 pietatis

161 1781 186 1820 ao
195 1769 243 1823 aut
257 1759 390 1821 laudatus
406 1761 460 1819 erit
475 1769 525 1820 aut
539 1767 705 1819 excusatus.

256 1845 286 1903 4.
311 1841 426 1903 Gnaeus
440 1841 528 1902 lulius
544 1842 704 1920 Agricola,
728 1851 828 1902 vetere
846 1852 876 1903 et
889 1842 1003 1904 inlustri
1018 1842 1201 1905 Foroiulien-

194 1928 266 1987 sium
283 1925 398 1986 colouia
411 1935 507 2004 ortus,
529 1934 681 2006 utrumque
701 1944 784 1986 avum
805 1936 1026 2007 procuratorem
1043 1924 1201 1988 (laesarum

194 2009 302 2084 babuit,
315 2011 550 2088 quae‘equestris
563 2009 701 2070 nobilitas
715 2019 768 2068 est.
785 2017 870 2087 pater
884 2009 926 2069 illl
939 2008 1030 2070 lulius
1040 2008 1202 2072 Graecinus

195 2093 334 2154 senatorii
349 2091 474 2170 ordinis,
490 2092 584 2154 studio
604 2092 788 2171 eloquentiae
800 2094 1020 2174 sapientiaeque
1035 2103 1141 2171 notus,
1156 2097 1202 2154 iis·

173 2196 253 2256 sque
271 2177 345 2256 ipsis
366 2177 518 2238 virtutibus
539 2179 610 2239 iram
632 2175 682 2237 Gai
703 2174 840 2238 Caesaris
856 2178 989 2237 meritus:
1013 2195 1140 2256 namque
1165 2179 1201 2239 ll.
1251 2249 1252 2268 ,

195 2261 322 2320 Silanum
342 2277 484 2322 accusare
504 2263 600 2322 iussus
617 2269 662 2338 et,
681 2261 747 2339 quia
769 2261 927 2337 abnuerat,
949 2261 1122 2322 interiectus
1148 2273 1201 2322 est.
1251 2289 1252 2306 1

194 2354 285 2404 mater
301 2343 374 2405 lulla
389 2344 517 2406 Procilla
533 2346 597 2422 luit,
612 2363 696 2405 rarae
711 2344 862 2405 castitatis.
888 2345 917 2403 in
934 2341 1097 2404 buius‘sinu
1110 2346 1200 2406 indul-

194 2429 350 2506 gentiaque
377 2429 515 2490 educatus
542 2447 596 2508 per
624 2445 737 2488 omnem
761 2428 947 2490 honestarum
971 2430 1074 2490 artium
1096 2430 1200 2490 cultum

197 2512 347 2593 pueritiam
366 2512 648 2591 adulescentiamque
664 2513 816 2589 transegit.
848 2511 967 2573 arcebat
986 2529 1050 2572 enm
1071 2512 1108 2574 ab
1131 2514 1199 2574 inle-

159 2611 186 2652 ιο
197 2595 293 2656 cebris
310 2597 491 2672 peccantium
500 2597 715 2673 praeteripsius
726 2594 830 2656 bonam
844 2599 1046 2674 integramque
1060 2605 1198 2672 naturam,

197 2678 276 2758 quod
296 2687 390 2738 statum
408 2679 544 2757 parvulus
567 2678 666 2738 sedem
684 2696 720 2738 ac
741 2681 906 2758 magistram
925 2679 1084 2741 studiorum
1100 2680 1199 2744 blaesi·

196 2763 263 2823 liam
278 2762 392 2839 babuit,
415 2762 511 2823 locum
532 2762 642 2824 Graeca
663 2765 800 2824 comitate
821 2772 850 2822 et
871 2763 1045 2841 provinciali
1062 2767 1199 2843 parsimo-

195 2847 243 2906 nia
267 2848 383 2906 mixtum
408 2864 443 2907 ac
468 2847 542 2907 bene
567 2847 768 2925 compositum.
809 2847 946 2908 memoria
975 2856 1062 2908 teneo
1087 2848 1199 2908 solitum

195 2932 289 3009 ipsum
319 2947 437 2990 narrare
469 2948 502 2991 se
527 2931 619 3010 prima
647 2930 676 2990 iu
703 2931 818 2991 iuventa
848 2930 970 3006 studium
997 2930 1199 3011 philosophiae

162 3016 308 3090 suecrius,
326 3013 401 3073 ultra
417 3032 502 3092 quam
518 3031 690 3075 concessum
700 3014 833 3075 Romano
851 3033 888 3076 ac
903 3015 1041 3093 senatori,
1056 3013 1198 3091 hausisse,

196 3098 225 3156 ni
239 3097 389 3176 prudentia
404 3100 502 3159 matris
517 3101 665 3158 incensum
682 3115 717 3158 ac
731 3097 902 3175 flagrantem
917 3099 1039 3159 animum
1053 3103 1198 3161 coercuis-

196 3188 251 3240 set.
287 3180 402 3242 scilicet
419 3181 542 3242 sublime·
557 3189 586 3241 et
599 3189 727 3241 ereetum
744 3183 892 3260 ingenium
910 3181 1155 3261 pulchritudinem
1169 3199 1199 3242 ac
1251 3237 1252 3240 ,

197 3264 327 3340 speciem
338 3281 460 3342 magnae
476 3265 672 3343 excelsaeque
684 3264 797 3343 gloriae
809 3265 1007 3328 vehementius
1020 3285 1106 3346 quam
1118 3275 1197 3328 caute

197 3345 362 3425 adpetebat.
395 3363 464 3407 mox
482 3348 622 3426 mitigavit
643 3351 718 3410 ratio
740 3357 771 3409 et
792 3359 889 3425 aetas,
909 3350 1100 3428 retinuitque.
1123 3349 1198 3430 quod

161 3449 188 3488 eu
198 3437 242 3487 est
257 3429 476 3508 difficillimum,
491 3451 528 3492 ex
543 3431 684 3510 sapientia
700 3433 825 3494 modum.
