2536 3870
395 157 562 208 urnnn1v.
581 158 656 206 cun.
672 155 791 211 44-49,
857 213 863 220 ,
1037 149 1097 214 157

75 318 279 396 aspicerent:
309 322 339 373 ut
360 330 432 372 vero
451 311 597 372 hunilluc
621 312 740 376 distrahi
762 331 906 394 coepere,
926 323 1020 375 metus
1044 335 1100 393 per

76 418 197 464 ornnes
218 407 248 458 et
269 397 427 477 praecipue
447 394 611 464 Germanici
631 396 729 456 militis
743 397 884 476 formido,
901 408 1043 477 tamquam
1064 417 1098 458 ea

74 481 281 564 separatione
295 481 334 542 ad
349 481 468 543 caedem
483 479 683 540 destinaretur.
712 479 851 559 prensare
875 481 1097 560 commanipula-

74 571 168 632 rium
182 574 313 645 pectora,
330 563 493 626 cervicibus
508 565 625 636 innecti,
648 582 784 642 suprema
802 567 903 626 oscula
919 575 1038 644 petere,
1059 583 1097 624 ne

76 655 300 715 desererentur
319 647 376 708 soli
390 665 446 707 neu
461 649 523 726 pani
541 665 629 708 cansa
644 647 788 726 disparem
807 649 950 710 fortunam
964 658 1096 728 paterer·
1106 653 1134 692 ²⁰

72 749 132 798 tur
140 757 150 805 t
176 732 262 796 modo
275 731 447 808 Mucianum,
461 731 550 792 modo
569 731 719 793 absentem
733 733 904 812 principem,
919 743 1098 812 postremum

74 817 206 882 caelum
227 834 263 876 ec
284 816 359 876 deos
374 815 531 892 obtestari,
554 815 652 876 donec
667 815 816 877 Mucianus
831 825 952 877 cunctos
969 816 1098 877 eiusdem
1154 835 1157 842 ·

7 953 10 960 .
73 902 284 976 sacramenti,
299 898 428 960 eiusdem
443 900 627 978 imperatoris
648 899 754 960 milites
775 900 945 979 appellans,
966 901 1042 962 falso
1064 901 1097 958 ti-

72 988 163 1050 mori
182 983 298 1049 obviam
314 985 384 1053 iret;
400 1001 522 1060 namque
544 993 574 1042 ct
588 985 683 1043 victor
697 985 846 1044 exercitus
862 984 989 1045 clamore
1012 982 1096 1044 lacri-
1142 1008 1144 1012 ⁴

74 1088 148 1132 mas
173 1084 275 1143 eorum
296 1065 421 1128 iuvabat.
451 1067 534 1146 isque
556 1068 620 1126 finis
639 1067 689 1128 illa
712 1067 769 1130 die.
797 1069 900 1147 paucis
913 1077 981 1147 post
995 1067 1133 1128 diebus²⁵

73 1155 299 1230 adloquentem
313 1151 505 1212 Domitianum
521 1151 624 1211 firmati
644 1153 700 1212 iam
714 1170 877 1230 excepere:
894 1159 1032 1230 spernunt
1045 1149 1098 1209 ob·

72 1242 164 1302 latos
187 1251 297 1312 agros,
314 1235 444 1294 militiam
465 1242 496 1294 et
516 1233 659 1313 stipendia
680 1245 772 1296 orant.
804 1253 911 1314 preces
933 1243 1030 1310 erant,
1045 1233 1099 1294 sed

73 1323 195 1404 quibus
220 1328 322 1380 contra
343 1319 401 1382 dici
414 1336 473 1380 non
488 1327 604 1397 posset;
632 1319 718 1395 igitar
734 1320 764 1378 in
779 1320 956 1397 praetorium
972 1319 1097 1396 accepti.

74 1409 151 1470 dein
171 1403 282 1484 quibus
295 1413 379 1464 aetas
393 1411 425 1462 et
438 1404 513 1462 iusta
529 1401 684 1481 stipendia,
699 1402 808 1464 dimissi
825 1421 889 1462 cum
902 1403 1033 1479 honore,
1050 1402 1098 1461 alii

73 1493 117 1554 cb
138 1489 280 1568 culpam,
306 1487 360 1548 sed
386 1488 506 1564 carptim
529 1504 565 1546 ac
585 1486 708 1564 singuli,
729 1504 788 1566 quo
810 1487 950 1549 tutissimo
966 1485 1096 1547 remedio
1106 1491 1132 1533 ³⁰

72 1589 255 1640 consensus
271 1571 457 1633 multitudinis
469 1578 652 1632 extenuatur.

142 1661 201 1722 47.
227 1655 364 1718 Ceterum
378 1672 487 1714 verane
505 1655 647 1732 pauperie
663 1673 698 1714 an
713 1655 753 1712 uti
767 1654 930 1730 videretur,
952 1663 1047 1714 aotam
1068 1653 1099 1712 in

75 1753 190 1810 senatu
206 1750 240 1802 ut
254 1739 437 1800 sescentiens
451 1737 616 1798 sestertium
632 1755 648 1796 a
664 1738 785 1815 privatis
803 1746 929 1798 mutuum
946 1738 1096 1815 accipere·

76 1843 142 1900 tur,
162 1825 416 1908 praepositusque
431 1823 459 1881 ei
476 1839 564 1882 cunae
577 1821 733 1900 Pompeius
759 1820 903 1884 Silvanus.
934 1839 990 1880 nec
1007 1819 1096 1880 multo

74 1923 150 1997 post
166 1907 338 1972 necessitas
352 1905 423 1966 abiit
437 1905 501 1964 sive
515 1905 621 1966 omissa
635 1904 788 1965 simulatio.
814 1903 949 1981 vabrogati
962 1903 1040 1980 inde,
1053 1902 1096 1962 le·

75 2017 150 2079 gem
167 1996 292 2056 ferente
315 1989 491 2065 Domitiano,
515 1988 681 2048 consulatus
705 2005 780 2066 quos
803 1987 939 2048 Vitellius
967 1986 1117 2063 dederat,⁵

74 2086 233 2159 lunasque
249 2074 416 2136 censoriam
431 2072 652 2134 FlavioSalrino
667 2071 792 2148 ductum,
808 2089 910 2149 magna
922 2071 1095 2132 documenta

74 2163 231 2228 instabilis
250 2159 385 2220 iomuuae
400 2173 566 2236 summaque
583 2165 612 2216 et
628 2157 683 2216 iana
698 2156 855 2215 miscentis.

143 2249 202 2312 48.
221 2242 290 2306 Sub
304 2242 382 2302 idem
397 2249 512 2320 tempus
526 2239 558 2300 t..
572 2239 640 2300 Piso
654 2257 708 2318 pro
727 2239 847 2300 consule
862 2240 1040 2299 interficitur.
1060 2255 1095 2298 ea

77 2336 116 2396 de
133 2331 234 2394 caede
252 2343 338 2407 quam
352 2326 504 2386 verissime
518 2323 680 2402 expediam,
697 2324 722 2382 si
739 2341 831 2402 pauca
846 2341 932 2402 supra
946 2323 1094 2400 repetiero

79 2419 117 2480 ab
142 2415 230 2476 initio
254 2409 407 2488 causisque
428 2409 527 2470 talium
544 2407 705 2468 facinorum
722 2425 780 2468 non
798 2405 933 2468 absurde.
962 2407 1042 2482 legio
1066 2407 1095 2465 in

79 2501 187 2564 Africa
210 2491 381 2572 auxiliaque
402 2492 525 2554 tutandis
549 2492 663 2570 imperii
684 2492 787 2552 linibus
806 2490 859 2551 sub
882 2491 949 2551 diro
962 2490 1095 2568 Augusto

79 2583 273 2660 Tiberioque
304 2577 483 2655 principibus
514 2576 683 2655 proconsuli
717 2575 867 2654 parebant.
909 2594 977 2637 mox
1008 2572 1115 2634 Gaiuss

81 2667 216 2743 Caesar,
252 2657 382 2722 turbidus
397 2661 481 2720 animi
501 2678 536 2721 ac
550 2659 679 2720 lilarcum
691 2660 817 2720 Silanum
832 2660 1008 2720 obtinentem
1018 2656 1094 2718 Ani-

82 2769 149 2810 cam
170 2752 326 2822 metuens,
358 2742 481 2804 ablatam
501 2743 672 2823 proconsuli
698 2743 846 2820 legionem
872 2745 961 2805 misso
982 2745 1010 2803 in
1032 2757 1099 2803 earu

81 2851 147 2894 rem
175 2833 284 2908 legato
308 2826 434 2888 tradidit.
464 2837 604 2906 aequatus
625 2829 700 2888 iuter
722 2827 795 2888 duos
817 2828 1025 2889 beneficiorum
1044 2845 1094 2888 nu·

82 2934 201 2990 merus,
219 2922 251 2974 et
264 2913 362 2973 mixtis
379 2913 526 2990 utriusque
541 2911 679 2972 mandatis
694 2911 839 2974 discordia
852 2915 982 2992 quaesita
997 2921 1094 2972 aucte

85 3015 144 3074 que
165 3014 262 3076 pravo
281 2996 448 3058 certandae.
478 2996 640 3073 legatorum
649 2996 693 3056 vis
710 2995 838 3056 adolevit
854 2997 1037 3058 diuturnitate
1050 2994 1092 3054 oi·
1102 3011 1126 3050 m

87 3079 165 3153 ucri,
195 3080 246 3139 rel
269 3081 335 3158 quie
351 3079 509 3142 minorihus
531 3081 622 3140 maior
637 3079 799 3141 aemulandi
818 3097 901 3148 cura,
933 3096 1094 3159 proconsu-

87 3160 148 3218 lum
166 3161 419 3301 splpndidissimus
435 3165 559 3243 quisque
575 3165 722 3224 securitati
736 3165 830 3241 magis
846 3182 930 3242 quam
946 3162 1094 3242 potentiae

89 3258 213 3300 consue
235 3254 295 3305 ant.
851 3289 853 3292 .

155 3325 208 3384 49.
230 3327 289 3386 Sed
303 3339 362 3394 turn
377 3331 524 3409 legionem
539 3332 568 3391 in
582 3329 684 3390 Africa
697 3331 965 3408 regebatValerius
979 3329 1093 3401 Festus,

84 3415 281 3486 sumptuosae
306 3415 521 3476 adulescentiae
550 3432 646 3494 neque
669 3413 783 3476 modica
811 3415 931 3492 cupiens
947 3421 976 3474 et
996 3410 1093 3472 adfini·
