2510 3864
204 437 243 554 ἦ
323 494 584 577 connnnn
606 494 789 577 'suom

466 627 650 680 DIALOGUS

206 751 309 848 DE
350 749 903 848 ORATORIBUS.

422 1003 684 1086 nnnvmmon.

122 1116 174 1182 Gap
201 1115 225 1166 l.
251 1115 387 1179 Postquam
405 1117 490 1166 lustus
512 1116 605 1166 Fabius
627 1133 703 1184 saepe
725 1135 757 1168 ex
774 1125 875 1168 auctma
898 1118 994 1185 dialogi
1012 1107 1056 1168 ra·¹

52 1185 206 1250 quisiverat‚
233 1198 279 1234 cur
300 1198 352 1234 non
371 1184 481 1250 amplius
502 1186 589 1252 vigeat
607 1187 766 1254 eloquentiae
789 1187 915 1250 studium,
941 1188 983 1238 hio
1004 1201 1056 1238 aun

51 1269 126 1305 snam
142 1253 258 1320 prolerre
278 1254 429 1304 sententIam
445 1253 545 1314 statuit,
566 1255 613 1304 sed
632 1263 747 1320 repetere
763 1269 906 1308 sermenem
923 1256 1055 1308 hominum

51 1323 142 1373 diserti
172 1324 178 1336 '
223 1336 294 1383 rum,
315 1335 380 1384 quos
405 1321 512 1372 eandem
532 1324 707 1384 quaestionem
722 1331 904 1388 pertractantes
918 1325 1055 1375 admodum

50 1337 310 1440 00000οᾝ0000.
340 1389 366 1439 2.
377 1389 403 1440 3.
417 1388 445 1438 hi
454 1396 513 1438 sunt
525 1389 650 1439 Curiatius
662 1391 799 1452 Maternus,
816 1407 849 1441 ex
860 1402 959 1444 oratore
971 1401 1055 1460 poeta,

52 1459 86 1510 Μ.
101 1458 172 1523 Aper
192 1466 217 1507 et
234 1457 313 1507 Iulius
328 1455 474 1514 80000000.
491 1457 654 1508 celeberrima
669 1468 723 1508 tum
742 1459 793 1509 iori
806 1461 925 1526 ingenia,
948 1463 992 1525 qui
1007 1461 1056 1510 ml·

51 1533 154 1588 rantur,
172 1525 240 1590 quod
249 1524 377 1576 Maternus
392 1525 513 1576 inauditis
528 1527 670 1577 orationum
682 1542 866 1592 causarumque
877 1530 969 1580 studiis
981 1545 1055 1598 omna

52 1611 120 1647 nunc
141 1597 242 1662 tempus
264 1594 331 1644 circa
346 1589 491 1660 tragdedias
513 1607 660 1658 consumat,
685 1611 791 1660 querum
807 1605 891 1648 tamen
911 1600 1055 1649 recitatione

53 1664 192 1717 offendisse
212 1664 353 1730 potentium
369 1663 468 1714 animos
489 1663 595 1713 dicatur.
632 1668 658 1715 4.
683 1664 725 1714 hic
740 1667 830 1732 poesin
847 1681 863 1716 a
879 1682 907 1718 sa
925 1682 993 1717 nunc
1006 1668 1055 1718 coli

52 1733 198 1802 proiitetur,
216 1733 275 1797 quia
292 1733 403 1783 sanctior
416 1732 479 1783 haec
493 1740 518 1782 et
532 1736 666 1798 angustior
681 1735 715 1784 sit
730 1735 881 1800 eloquentia.

120 1803 210 1854 5-7.
236 1800 300 1850 Hinc
318 1802 397 1852 oritnr
413 1801 577 1867 disceptatio,
596 1810 681 1852 utrum
696 1806 866 1871 praestantior
886 1805 919 1855 sit
938 1821 980 1856 ars
998 1819 1054 1856 ora·

51 1873 116 1923 toria
130 1886 163 1922 an
179 1870 287 1938 poetica.
315 1870 386 1937 Aper
399 1871 501 1936 maguis
516 1869 633 1923 laudibus
646 1866 776 1939 praedicat
792 1874 916 1924 oratoriae
931 1875 993 1925 artis
1006 1874 1055 1926 nti-

51 1942 160 2002 iitatem‚
183 1939 353 2005 voluptatem,
372 1940 537 2006 dignitatem,
569 1939 597 2006 3·
622 1955 652 1991 ac
669 1951 790 2007 provocat
807 1943 839 1992 ad
857 1943 973 2008 exempla
989 1944 1043 1994 Mar

52 2009 109 2059 ceili
120 2009 191 2074 Eprii
206 2016 231 2058 et
245 2007 328 2074 Crispi
339 2001 416 2059 Vibii.
453 2006 478 2058 9.
490 2008 531 2059 10.
548 2017 680 2074 poetarum
692 2021 779 2062 contra
792 2012 887 2062 nnllam
903 2027 960 2062 asse
971 2012 1054 2079 digni¹

52 2085 129 2128 tatem
150 2077 210 2128 dicit
229 2085 254 2126 et
269 2077 417 2138 utilitatem
438 2077 594 2143 voluptatem
612 2094 672 2128 vero
688 2081 804 2142 brevem,
823 2080 924 2130 laudem
945 2081 1054 2138 inanem,

52 2143 234 2196 infructuosam
252 2145 388 2208 multisque
403 2146 581 2196 recitationum
602 2147 726 2200 molestiis
743 2162 773 2198 ao
788 2149 931 2214 sumptibus
945 2156 1053 2214 partam.

52 2215 84 2264 iis
96 2215 123 2264 in
135 2213 298 2264 solitudinem
312 2214 495 2277 secedendum,
512 2216 536 2266 si
550 2216 626 2266 modo
637 2216 744 2282 dignum
759 2217 856 2281 aliquid
869 2217 1000 2267 elaborare
1011 2231 1054 2267 re·

52 2285 113 2343 rint,
129 2295 154 2332 et
168 2282 309 2334 mediocres
324 2284 417 2333 nemini
431 2291 518 2345 notos,
534 2285 614 2336 bonos
630 2288 732 2350 paucis3
750 2285 860 2337 studium
874 2285 983 2350 denique
998 2286 1052 2336 ilio·

52 2367 108 2401 rum
122 2351 273 2402 conminus
292 2351 430 2402 obnoxium
446 2353 558 2403 onsurae
573 2369 649 2418 qnam
665 2363 802 2406 oratorum.
831 2357 915 2418 itaque
931 2355 1054 2415 Materno,-

52 2422 86 2471 ad
101 2420 215 2470 altiorem
231 2420 400 2485 eloquentiam
422 2430 447 2471 et
465 2437 565 2473 summa
580 2432 652 2482 nato,
674 2439 725 2475 non
746 2423 935 2474 subsistendum
950 2438 1009 2474 esse
1027 2423 1054 2472 in

3 2507 5 2570 p
52 2489 201 2549 levioribus,
224 2489 269 2540 sed
285 2489 316 2538 ab
333 2489 463 2540 auditoriis
484 2499 510 2541 et
524 2491 629 2541 theatris
645 2492 671 2542 in
686 2493 770 2543 iorum
787 2493 860 2551 etad
876 2507 966 2544 causas
980 2506 1054 2544 rera-

3 2573 4 2584 ¹
53 2574 101 2622 que
115 2557 213 2626 proelia
230 2557 396 2608 redeundum.

121 2626 242 2678 11-13.
263 2625 333 2684 Quas
347 2641 403 2676 cum
416 2627 485 2691 Aper
496 2627 604 2678 dixisset
618 2629 700 2679 acrium
713 2641 737 2679 et
751 2631 847 2680 intento
862 2645 917 2692 ore,
931 2630 1046 2680 remissus

53 2705 77 2745 et
93 2693 227 2745 subridens
243 2693 380 2758 respondet
395 2694 538 2753 Maternum
553 2697 762 2768 poeticaestudlo
779 2693 900 2749 maiorem
914 2699 999 2766 parari
1013 2714 1047 2750 se·

53 2763 182 2813 entitatem
197 2768 222 2812 et
236 2761 358 2828 glorium,
375 2777 451 2826 qnam
465 2763 563 2815 forensi
578 2763 665 2816 labore
682 2773 706 2816 et
722 2768 830 2832 strepitu
843 2768 998 2833 litigantium
1010 2776 1055 2817 ant

53 2831 212 2883 comitatuum
232 2830 462 2896 salutationumqne
485 2832 641 2896 frequentin
667 2835 797 2901 puriorem
817 2850 877 2885 vero
899 2837 1054 2901 voluptatem

53 2915 139 2952 securo
155 2908 181 2950 et
195 2909 292 2951 secreto
308 2915 412 2952 secessu
426 2901 453 2951 in
469 2916 573 2952 nemora
589 2910 614 2951 et
633 2902 718 2964 lucos,
738 2919 812 2968 quam
829 2904 929 2955 lucrosa
945 2914 970 2955 at
985 2906 1054 2972 sagi·

53 2978 125 3020 nanta
140 2971 166 3021 in
188 2969 244 3020 toro
264 2970 424 3038 eloquentia,
446 2986 511 3036 qnae
531 2985 597 3032 non,
622 2981 649 3022 ut
670 2973 770 3038 poesis,
788 2987 880 3034 aureo,
902 2973 948 3023 sed
970 2971 1053 3024 terreo

54 3038 150 3088 sacculo
169 3046 193 3090 et
210 3047 314 3105 propter
334 3039 415 3090 malos
435 3039 565 3090 hominnm
587 3055 669 3091 mores
691 3043 816 3092 inlocum
831 3041 875 3091 tali
891 3049 991 3109 reperta
1010 3041 1051 3095 sit.

3 3123 4 3170 t
54 3106 148 3155 dulcem
163 3122 220 3159 esse
234 3115 365 3173 poetarum
381 3110 459 3160 vitam
474 3118 499 3160 et
512 3123 627 3158 curarum
644 3118 786 3175 expertem,
803 3110 905 3161 anxiam
918 3124 978 3160 vero
996 3125 1040 3160 ora

3 3181 5 3250 i
55 3183 147 3235 torum,
165 3175 208 3238 qui
224 3191 324 3242 semper
340 3177 380 3228 vai
396 3179 500 3228 timeant
516 3177 556 3227 vel
572 3179 718 3232 timeantur.

4 3295 5 3316 i
122 3245 161 3295 14.
179 3243 310 3308 coloquio
324 3248 470 3312 supervenit
485 3247 626 3312 Vipstanus
642 3247 769 3312 Massalia,
786 3249 923 3299 admirator
940 3258 1052 3300 veteram

4 3319 5 3358 1
56 3319 191 3378 temporum
203 3321 388 3378 oratorumque,
400 3317 569 3368 recentiorum
578 3324 745 3382 contemptor.
775 3317 885 3368 tte-tr.
903 3316 961 3366 hinc
973 3319 1051 3383 Aper,

4 3387 5 3430 i
56 3379 144 3430 sacculi
167 3380 205 3431 sui
226 3396 397 3445 novorumque
414 3383 541 3435 rhetorum
559 3393 697 3449 patronus,
721 3386 863 3436 accuratius
880 3385 1052 3434 deliniendum

4 3493 276 3634 p.
