2596 3872
452 133 558 180 arena
575 131 646 179 rvr.
671 131 746 180 cnr.
763 130 859 184 ι-4,
1093 123 1156 185 317

158 287 267 368 promit
282 295 429 366 repertum
443 286 472 346 in
488 305 561 364 agro
577 305 629 348 suo
647 306 766 368 specum
782 287 929 348 altitudine
944 288 1081 367 inmensa,
1098 308 1182 368 quos

152 391 263 450 magna
283 371 328 431 vis
347 372 409 432 auri
431 372 640 450 contineretur,
657 388 715 431 nou
737 373 766 430 in
786 370 907 432 formam
927 373 1082 451 pecuniae,
1105 373 1158 434 sed
1240 397 1243 404 ·

156 456 223 518 rudi
243 464 272 514 et
292 455 408 535 antiquo
429 455 570 533 pondere.
596 455 710 516 lateres
731 455 839 534 quippe
857 471 1036 533 praegraves
1050 456 1158 536 iacere,

155 537 339 602 adstantibus
362 548 445 617 parte
464 539 518 600 alia
546 539 701 609 columnis;
729 555 802 616 quae
825 547 1002 618 pertentium
1024 541 1088 601 aeri
1109 559 1158 602 oc·

160 625 238 685 culta
257 622 397 700 augendis
421 622 625 702 praesentibus
647 622 742 684 bouis.
777 631 918 699 ceterum,
940 633 970 684 ut
992 624 1157 685 coniectura

160 705 378 769 demonstrabat
380 704 764 782 ,ιιῑιοΡιιοιιιιιιιιΤιιο
777 706 930 786 profugam
952 706 1065 767 condita
1087 705 1156 768 Car·
1148 724 1196 766 ·ιι

153 792 280 893 lbagine
301 791 366 851 illas
389 807 464 869 opes
482 790 643 868 abdidisse,
662 807 700 850 ne
721 806 813 850 nouus
828 790 955 870 populus
970 791 1054 852 nimia
1068 809 1157 871 pecu·

155 879 207 936 nia
224 875 387 952 lasciviret,
410 882 458 934 aut
474 893 563 952 reges
578 870 776 952 Numidarum,
801 882 831 934 et
845 874 916 935 alias
931 874 1052 952 infensi,
1078 876 1157 955 cupi·

131 989 134 996 ·
159 960 228 1020 dine
243 977 305 1019 ιιιιι
297 959 355 1018 ad
372 957 480 1018 bellum
496 957 733 1018 accenderentur.

223 1043 255 1110 2.
274 1041 366 1120 Igitur
378 1041 474 1120 Nero,
495 1059 553 1102 non
573 1044 717 1108 auctoris.
736 1059 795 1101 nun
808 1041 899 1120 ipsius
914 1041 1025 1120 negotii
1041 1043 1098 1102 lide
1114 1058 1158 1102 sa·

154 1129 196 1187 tis
218 1135 350 1205 spectata
372 1145 427 1187 nec
446 1126 542 1186 missis
564 1145 618 1205 per
632 1143 704 1206 quos
719 1133 856 1186 nosceret
877 1143 913 1187 an
929 1143 998 1186 vera
1011 1125 1158 1186 adferren-

158 1220 223 1288 tur,
245 1219 334 1288 augct
353 1210 429 1270 ultro
450 1227 595 1271 rumorem
610 1211 751 1289 mittitque
771 1212 819 1289 qui
839 1210 919 1270 velut
934 1218 1060 1289 paratam
1075 1227 1158 1290 prae·

158 1295 225 1355 dam
246 1293 432 1356 adveherent.
464 1293 565 1354 dantur
588 1296 720 1354 triremes
741 1303 771 1353 et
792 1293 935 1354 delectum
954 1295 1104 1372 remigium
1118 1295 1159 1353 iu·

161 1377 272 1438 candae
293 1377 479 1438 festinationi.
509 1397 565 1438 uec
588 1379 664 1439 aliud
686 1396 739 1457 per
757 1376 823 1437 illos
839 1377 900 1437 dies
916 1378 1042 1458 populus
1058 1378 1183 1438 eredo-s

161 1461 252 1539 litate,
268 1461 427 1543 prudentes
443 1462 559 1522 diversa
573 1462 648 1524 fama
663 1463 765 1522 tulere.
800 1479 835 1522 ac
854 1461 931 1522 forte
947 1461 1159 1541 quinquennale
1257 1466 1259 1472 ’

159 1545 302 1606 ludicrum
316 1545 446 1607 secundo
458 1545 549 1607 lustro
563 1543 775 1622 celebrabatur,
791 1544 827 1605 ab
837 1545 1059 1625 oratoribusque
1075 1563 1158 1625 prae·

159 1631 247 1709 cipua
267 1631 386 1690 materia
406 1631 435 1691 in
455 1629 568 1691 laudem
590 1629 730 1710 principis
752 1629 902 1708 adsmnpta
925 1637 978 1690 est.
1010 1629 1160 1690 nonenim

156 1713 262 1774 solitas
276 1721 381 1774 tautum
397 1713 498 1791 fruges
513 1733 569 1775 nec
590 1715 739 1775 confusum
755 1712 880 1774 metallis
891 1730 988 1774 aurum
998 1712 1092 1792 gigni,
1108 1710 1160 1772 sed

157 1815 238 1857 noua
249 1795 382 1858 ubertate
397 1799 553 1876 provenire
567 1807 674 1860 terram
690 1806 721 1859 et
736 1797 839 1858 obuias
854 1813 929 1876 opes
943 1796 1061 1857 deferre
1075 1796 1158 1874 deos,
1171 1815 1196 1856 ιι

157 1898 295 1960 quaeque
310 1880 366 1942 ulia
382 1899 489 1942 summa
504 1882 637 1943 facundia
653 1899 710 1943 nco
729 1883 840 1942 minore
860 1880 1023 1944 adulatione
1044 1880 1161 1940 servilia

162 1963 330 2042 lingebant,
338 1965 487 2026 secunde
503 1965 643 2027 facilitate
662 1965 816 2027 credentis.

226 2049 255 2110 3.
279 2046 447 2108 Gliscebat
439 2051 551 2108 mterim
564 2049 676 2108 luxuria
690 2067 745 2127 spe
758 2049 843 2125 inani,
861 2047 1161 2127 consumebanturque

166 2138 282 2190 veteres
296 2147 371 2208 opes
384 2133 466 2209 quasi
482 2132 588 2192 oblatis
601 2149 675 2211 quas
688 2131 794 2191 multos
810 2148 864 2210 per
875 2149 966 2192 annos
980 2130 1160 2232 prodigeret.

162 2215 231 2293 quiu
246 2224 275 2274 et
292 2213 383 2275 inde
374 2233 430 2276 ram
444 2214 637 2293 largiebatur;
661 2224 690 2276 et
704 2214 864 2294 diuitiarum
884 2216 1064 2294 exspectatio
1086 2216 1161 2274 iuter

163 2301 267 2358 causas
286 2299 465 2378 paupertatis
487 2297 623 2378 publicae¹
638 2307 709 2359 erat.
740 2317 805 2359 nam
805 2295 941 2376 Βιιιιι,
964 2299 1072 2360 effosso
1089 2313 1160 2376 agro

162 2383 215 2442 suo
237 2381 362 2461 latisque
385 2384 492 2443 circum
513 2384 607 2460 arvis,
629 2382 694 2442 dnm
714 2381 790 2442 hunc
811 2382 858 2442 vel
881 2381 960 2442 illum
977 2383 1074 2444 locum
1092 2398 1159 2462 pro·
1149 2396 1185 2434 -t

159 2465 242 2526 missi
256 2484 363 2545 specus
378 2465 548 2544 adseverat,
570 2473 783 2546 sequunturque
800 2481 858 2526 uon
878 2466 965 2528 modo
986 2465 1091 2526 milites
1109 2464 1161 2526 sed

160 2549 290 2634 populus
306 2551 464 2628 agrestium
478 2550 633 2611 efficiendo
649 2567 733 2630 ιιιιι
726 2550 921 2628 ad,sumptus
931 2550 1051 2611 tandem
1066 2551 1161 2630 posita

130 2637 136 2648 ‘
159 2627 336 2712 vaecordia,
359 2651 416 2694 non
439 2634 513 2696 fals'a
536 2643 619 2696 antea
642 2634 750 2694 somnia
772 2651 824 2695 sua
840 2651 930 2713 seque
959 2643 1027 2695 tunc
1041 2635 1161 2714 primum

162 2716 273 2776 elusum
289 2715 432 2778 admirans
435 2718 601 2798 ,pudorem
614 2727 643 2778 et
656 2725 762 2778 metum
772 2725 866 2778 morte
877 2718 1038 2778 voluntaria
1050 2718 1160 2796 elingit.

160 2800 425 2883 quidamsinctum
446 2821 482 2862 ac
501 2819 570 2863 mour
591 2801 737 2863 dimissum
759 2793 906 2861 tradidere
921 2800 1061 2882 ademptis
1076 2800 1196 2861 bonisne
1247 2864 1249 2869 ,

160 2885 191 2943 in
206 2883 303 2945 locum
319 2888 419 2964 regiae
434 2903 536 2964 garae.

223 2971 254 3030 4
272 2967 388 3030 luteres
402 2977 534 3046 senatus,
551 2970 715 3069 propinquo
730 2969 786 3028 iam
808 2968 920 3030 lustrali
942 2969 1112 3047 certamine,
1131 2977 1163 3028 ut

160 3051 295 3114 dedecus
311 3060 472 3128 averteret,
496 3053 583 3113 offert
600 3053 768 3131 imperatori
783 3053 932 3114 victoriam
948 3061 1046 3114 cautus
1062 3052 1162 3113 adicit—
1201 3079 1207 3090 ·

162 3153 220 3214 qne
242 3135 393 3196 facundiae
415 3151 569 3214 coronam,
596 3153 654 3216 qua
681 3134 791 3197 ludicra
816 3135 985 3198 deformitas
1006 3136 1161 3197 velaretur.

97 3251 112 3262 -
162 3219 220 3279 se'd
230 3217 311 3280 Nero
325 3218 396 3278 nihil
413 3219 537 3280 ambitu
533 3237 589 3282 nec
608 3227 755 3299 potestate
768 3229 889 3280 senatus
903 3237 979 3300 opus
997 3237 1065 3280 csse
1080 3219 1161 3280 dicti-

162 3311 243 3380 tans,
261 3320 294 3364 se
308 3319 431 3383 aequum
446 3302 597 3366 adversum
612 3302 742 3364 aemulos
758 3312 787 3363 et
803 3297 948 3402 religione
965 3302 1089 3363 iudicum
1104 3317 1188 3363 ιιι-ι

163 3385 246 3447 uitam
267 3385 380 3462 laudem
398 3387 613 3465 adsecuturum,
636 3386 728 3467 primo
748 3403 863 3446 carmen
870 3388 907 3446 'iu
922 3401 1028 3446 scaena
1043 3387 1161 3453 recitata
