2570 3878
157 153 223 217 itt
410 162 708 212 connunruusoruu
724 161 909 210 snnsurun

160 311 262 382 risset.
281 336 357 380 nece
368 319 512 382 Vardanis
524 317 656 379 turbatae
671 316 840 380 Parthorum
852 335 900 378 res
912 318 987 378 inter
1002 315 1169 398 ambiguos,

161 404 225 486 quis
245 405 274 464 in
295 419 417 482 regnum
437 404 630 483 acciperetur.
660 402 739 463 multi
755 401 790 462 ad
811 402 956 464 Gotarzen
976 401 1169 480 inclinabant,

159 489 275 571 quidam
291 488 327 548 ad
344 487 533 549 Meherdaten
547 486 660 567 prolem
671 486 813 564 Phraatis,
830 485 944 547 obsidio
955 485 1040 546 nobis
1051 487 1164 547 datum

122 574 227 637 aodein
252 572 414 653 praevaluit
436 572 586 633 Gotarzes.
618 573 785 650 potitusque
805 573 916 648 regiam
938 585 993 650 per
1014 571 1166 631 saevitiam
1276 611 1277 626 r

160 677 195 720 ac
210 658 308 718 luxum
324 655 422 734 adegit
438 655 562 717 Parthos
576 657 691 716 mittere
707 655 742 714 ad
759 656 922 735 principem
940 654 1100 715 Romanum
1115 667 1171 716 ott-²
1276 653 1277 658 ’

81 812 85 818 ,
160 743 253 804 cultas
270 759 388 822 preces,
405 741 469 821 quis
485 740 611 821 permitti
625 739 814 801 Meherdaten
828 741 950 820 patrium
967 739 1002 800 ad
1017 740 1166 817 fastigium

158 826 388 972 oratqaptmem
403 909 570 970 consulibus
585 907 644 968 laih
660 907 829 969 saeculares
841 907 1084 986 octingentesimo
1098 915 1167 986 post

157 996 279 1057 Romam
295 994 450 1071 conditam,
466 1001 569 1073 quarto
586 1002 616 1052 et
630 994 834 1070 sexagensimo
850 1005 933 1071 quam
945 992 1093 1070 Augustas
1105 991 1167 1052 etii·
1278 1048 1279 1070 ,

158 1079 240 1140 derat
253 1079 379 1157 spectati
395 1086 470 1138 snut.
498 1078 645 1156 utriusque
659 1076 799 1156 principis
811 1078 939 1136 rabones
951 1078 1166 1156 praetermitto,
1278 1075 1279 1158 j

158 1163 228 1223 satis
252 1170 384 1222 narratas
405 1161 487 1221 libris
509 1160 612 1241 quibus
636 1177 685 1220 res
707 1163 891 1240 imperatoris
908 1161 1064 1221 llornitiani
1085 1175 1166 1220 eom·
1278 1159 1279 1176 i

135 1247 254 1327 cposui.
284 1261 350 1306 nam
364 1247 390 1306 is
403 1261 522 1326 quoque
538 1243 626 1304 edidit
643 1244 728 1305 ludos
743 1245 911 1305 saeculares
921 1245 1017 1324 iisque
1029 1245 1169 1304 intentius

158 1330 236 1391 adfui
263 1329 430 1391 sacerdotio
447 1329 697 1412 quindecimvirali
718 1328 867 1408 praeditus
890 1341 926 1388 ae
946 1337 1013 1389 tunc
1035 1337 1166 1409 praetor.

157 1414 236 1495 quod
252 1431 310 1476 non
323 1415 459 1475 iactantia
474 1413 591 1492 refero,
608 1413 660 1473 sed
677 1416 744 1493 quia
760 1413 889 1490 collegio
907 1411 1167 1492 quindecimvirum

156 1499 311 1579 antiquitus
336 1515 372 1558 ea
394 1515 463 1559 cura
486 1505 515 1558 et
536 1498 722 1575 magistratus
737 1497 916 1576 potissimum
931 1497 1167 1577 exsequebantur
1279 1517 1280 1562 ὲ

158 1583 256 1644 oiiicia
269 1583 519 1643 caerimoniarum.
544 1582 664 1642 sedente
677 1580 798 1642 Claudio
812 1581 991 1661 circensibus
1002 1581 1088 1660 ludis,
1101 1594 1167 1642 com

122 1691 148 1733 aa
158 1668 242 1748 pueri
256 1666 373 1728 nobiles
387 1667 470 1746 equis
485 1665 625 1727 ludicrum
641 1661 746 1726 Troiae
765 1665 870 1725 inirent
888 1666 1022 1745 interque
1037 1683 1090 1726 eos
1104 1665 1165 1725 liri·

157 1751 289 1813 taunieus
302 1751 482 1830 imperatore
497 1752 612 1828 genitm
628 1749 702 1809 eth.
718 1749 860 1809 Domitius
876 1749 1034 1830 adoptione
1055 1765 1123 1810 mox
1135 1751 1166 1811 in

156 1836 300 1916 inperium
327 1842 359 1895 et
387 1842 610 1912 cognomentum
630 1831 757 1894 Neronis
785 1833 928 1911 adscitus,
957 1834 1042 1894 lavor
1067 1833 1170 1914 plebis

157 1919 255 1982 acrior
271 1920 299 1978 in
314 1918 470 1980 Domitium
485 1918 553 1979 loco
569 1919 717 1998 praesagii
736 1927 876 1997 acceptus
893 1927 947 1980 est.
978 1918 1165 1997 vulgabatur·

158 2021 214 2083 que
230 2001 359 2063 adfuisse
372 2002 509 2063 infantiae
524 2003 587 2062 eius
601 2002 746 2063 dracones
763 2004 792 2063 in
805 1999 920 2062 modum
934 2002 1105 2080 custodum,
1120 2003 1164 2064 ia·
1281 2009 1282 2038 t

121 2087 261 2149 sabulosa
283 2095 312 2147 et
332 2087 461 2147 externis
477 2086 622 2148 miraculis
643 2085 818 2148 adsimilata:
839 2101 904 2147 nam
924 2087 1000 2166 ipse,
1019 2087 1165 2167 haudqua-

157 2189 241 2251 quam
262 2171 306 2231 sui
321 2171 486 2250 detractor,
507 2187 591 2233 unam
607 2172 722 2231 omnino
737 2186 860 2249 anguem
881 2171 909 2230 in
924 2170 1057 2232 eubiculo
1073 2171 1166 2232 risam

156 2273 275 2318 narrare
291 2255 395 2316 solitus
410 2264 465 2316 est.
803 2312 810 2326 ,

223 2339 270 2401 12.
289 2339 562 2414 Veruminclinatio
578 2339 681 2420 populi
702 2348 855 2421 supererat
875 2357 913 2399 ex
931 2339 1070 2400 memoria
1092 2339 1164 2402 Ger·

155 2425 270 2501 manici,
287 2425 367 2484 cuius
382 2423 433 2484 ilia
448 2423 561 2504 reliqna
576 2423 696 2485 suboles
711 2423 817 2494 virilis3
840 2431 869 2484 et
883 2425 966 2485 matri
981 2423 1168 2504 Agrippinae

155 2508 301 2570 miseratio
322 2505 485 2586 augebatur
506 2508 544 2568 ob
566 2509 716 2570 saeuitiam
735 2507 928 2587 Messalinae,
952 2525 1026 2587 quae
1047 2526 1168 2588 semper

155 2593 262 2654 infesta
276 2600 306 2653 et
321 2599 390 2653 tunc
404 2593 591 2668 commotior,
614 2610 671 2672 quo
686 2595 779 2654 minus
794 2601 919 2653 strueret
936 2593 1054 2654 crimina
1068 2602 1098 2653 et
1114 2611 1164 2654 ac·

131 2685 325 2754 causatores,
347 2693 426 2737 novo
449 2684 480 2737 et
498 2676 591 2737 furori
607 2680 740 2755 proximo
756 2695 854 2738 amore
872 2675 1069 2740 distinebatur.
1098 2695 1165 2739 narn

154 2760 354 2837 incentum,
370 2760 525 2821 iuventutis
536 2761 684 2822 Romanae
696 2761 932 2841 pulcherrimum,
947 2763 988 2822 ita
1000 2769 1166 2838 exarserat,

154 2853 187 2906 ut
200 2845 309 2906 luniarn
325 2844 461 2922 Silanum,
476 2845 606 2906 nobilem
623 2845 766 2925 feminam,
782 2847 963 2907 matrimonio
978 2847 1042 2907 eius
1067 2856 1164 2908 extur-

154 2930 240 2992 baret
252 2945 406 3009 vacuoque
428 2929 561 2990 adultero
577 2937 737 3009 poteretur.
771 2947 867 3011 neque
885 2929 973 2991 Silius
992 2931 1093 3009 ilagitii
1114 2935 1162 2989 aut

155 3014 279 3096 periculi
297 3015 415 3073 nescius
436 3022 515 3075 erat:
537 3013 590 3074 sed
613 3023 712 3091 certo,
733 3015 758 3075 si
778 3012 928 3094 abnueret,
952 3015 1042 3076 exitio
1062 3023 1090 3075 et
1103 3029 1164 3074 non

122 3097 235 3160 nonulla
250 3096 370 3158 tattsntr·
390 3113 462 3177 spa,
487 3097 570 3158 simul
589 3099 701 3176 magnis
718 3099 865 3180 praemiis,
878 3099 1117 3177 oppeririiutura
1135 3103 1166 3158 et

155 3181 359 3266 praesentibus
379 3182 436 3242 irui
459 3198 514 3262 pro
536 3182 648 3244 solacio
668 3181 805 3246 habebat.
832 3183 883 3245 iila
899 3201 962 3244 non
983 3183 1095 3261 iamim,
1112 3181 1166 3243 sed

154 3269 245 3330 multo
272 3266 409 3328 comitatu
427 3268 570 3329 ventitare
588 3268 719 3348 domum,
745 3267 916 3348 egressibus
938 3267 1166 3346 adhaerescere,

154 3350 255 3429 largiri
270 3367 354 3431 opes,
369 3350 507 3430 honores,
523 3359 689 3432 postremo,
705 3352 787 3414 velut
800 3351 939 3414 uansiata
959 3353 1014 3414 iam
1035 3352 1166 3428 iortuua,

156 3436 233 3496 servi
250 3433 347 3496 liberti
363 3443 480 3515 paratus
498 3438 639 3518 principis
656 3437 733 3520 apud
749 3437 910 3500 adulterum
923 3435 1102 3499 visebantur.
