2540 3874
166 125 207 187 80
403 136 568 202 coartatur
586 137 705 186 racrrr
721 137 904 186 annaeum

166 293 253 369 ioret,
270 289 332 351 oum
349 291 451 352 classis
468 292 603 371 paulatim
619 292 778 369 successit,
793 309 851 354 nou
866 291 973 370 alacri,
989 301 1019 352 ut
1034 292 1158 368 adsolet,

129 377 298 454 urenigio,
315 375 368 435 sed
384 378 494 436 cunctis
514 377 549 437 ad
565 378 706 437 tristitiam
724 376 901 455 compositis.
927 384 1078 454 postquam
1089 377 1158 437 duo·

165 462 218 520 bus
237 478 301 521 cum
316 458 427 536 liberis,
445 459 566 520 feralem
582 478 680 520 urnam
693 469 813 538 tenens,
835 477 956 538 egressa
976 461 1042 520 navi
1062 461 1161 521 delixit
1263 485 1264 516 t

165 544 285 619 oculos,
301 543 377 604 idem
392 544 514 602 omnium
529 546 667 621 gemitus;
689 561 784 622 neque
805 543 988 604 discerneres
1011 546 1158 621 proximos

164 629 287 704 alienos,
305 629 431 687 virorum
448 627 653 695 feminarumve
669 627 815 707 planctus,
834 626 888 686 nisi
903 627 980 705 quod
997 628 1159 687 comitatum
1263 685 1264 700 ,

164 712 343 792 Agrippinae
355 711 447 789 longo
467 729 599 772 maerore
615 712 724 771 fessum
740 709 818 770 obvii
833 719 863 770 et
873 719 1008 808 recentes
1018 711 1046 770 in
1058 710 1162 771 dolore
1263 725 1264 814 p

129 807 154 848 20
165 795 319 857 anteibant.

83 878 399 952 ·...„„„„LMiserat
421 878 492 939 duas
514 880 677 958 praetorias
699 877 837 938 cohortes
856 874 981 955 Caesar,
1010 877 1105 938 addito
1132 887 1165 938 ut

165 965 347 1040 magistratus
374 961 527 1022 Calabriae
549 961 696 1041 Apulique
725 971 754 1022 et
775 959 912 1042 campani
933 979 1068 1043 suprema
1091 979 1165 1039 erga

164 1047 330 1108 memoriam
352 1046 402 1105 lilii
424 1047 467 1105 sui
499 1047 594 1106 munia
634 1047 831 1125 iungerentur.
873 1047 958 1123 igitur
986 1045 1166 1106 tribunorum
1263 1077 1264 1118 r

166 1130 421 1207 centurionumque
439 1131 546 1190 umeris
572 1135 686 1191 cineres
714 1129 917 1210 portabantur;
946 1129 1167 1210 praecedebant

138 1217 309 1292 sincompta
325 1215 417 1290 signa,
433 1213 512 1274 rersi
528 1214 641 1285 iasoes;
664 1224 751 1294 atque
768 1213 816 1272 ubi
833 1213 963 1275 colonias
978 1211 1166 1292 transgrede-

163 1307 270 1374 rentur,
287 1305 378 1357 atrata
392 1296 507 1376 plebes,
523 1297 647 1360 trabeati
662 1299 774 1379 equites
790 1315 844 1377 pro
859 1297 963 1377 opibus
980 1297 1039 1358 looi
1049 1305 1167 1357 restem

165 1381 272 1442 odores
288 1380 402 1460 aliaque
417 1382 548 1442 funerum
566 1382 719 1444 sollemnia
735 1380 910 1442 cremabant.
940 1381 1024 1442 etiam
1043 1397 1166 1460 quorum

165 1465 280 1526 diversa
296 1465 420 1545 oppida,
436 1473 531 1527 tamen
545 1461 627 1527 ¹obvii
642 1475 672 1528 et
692 1466 824 1528 victimas
844 1475 931 1546 atque
953 1483 1018 1526 aras
1038 1464 1080 1525 dis
1102 1482 1164 1525 ma·

164 1549 247 1610 nibus
263 1558 422 1610 statuentes
439 1550 564 1611 lacrimis
581 1561 609 1610 et
626 1549 899 1612 conclamationibus
922 1549 1052 1610 dolorem
1073 1557 1166 1609 testa·

128 1632 277 1695 uobautur.
307 1632 419 1693 Drusus
436 1633 618 1696 Tarracinam
634 1651 809 1716 progressus
824 1643 869 1694 est
886 1652 949 1694 oum
963 1630 1086 1694 Claudio
1107 1633 1168 1694 ira·

164 1725 209 1776 tre
224 1717 384 1796 liberisque
402 1715 581 1794 Germanici,
603 1720 650 1797 qui
673 1719 702 1777 in
722 1717 795 1777 urbe
810 1718 932 1778 fuerant.
965 1714 1102 1778 consules
1124 1715 1167 1776 bi.
1263 1777 1264 1810 ,

163 1799 298 1860 Valerius
315 1809 345 1860 et
359 1799 397 1861 lli.
418 1800 555 1862 Aurelius
577 1803 647 1884 (iam
662 1802 737 1861 enim
753 1802 947 1878 magistratum
969 1803 1167 1882 occeperant)

165 1895 194 1947 et
209 1893 326 1944 senatus
342 1902 377 1946 ac
393 1901 495 1962 magna
511 1903 579 1965 pars
595 1884 697 1965 populi
710 1884 786 1944 viam
799 1883 989 1963 conquerere,
1006 1883 1119 1944 disiecti
1138 1894 1171 1944 et

166 1977 195 2027 nt
217 1969 321 2047 cuique
344 1968 455 2030 libitum
479 1968 598 2036 dentes;
628 1969 729 2029 aberat
753 1967 862 2047 quippe
888 1966 1030 2044 adulatio,
1065 1970 1169 2046 gnaris

129 2066 154 2106 ss
168 2050 298 2112 omnibus
315 2052 419 2113 laetam
440 2050 556 2112 Tiberio
573 2051 735 2113 Germanici
749 2060 870 2111 mortem
885 2051 962 2112 male
982 2052 1167 2116 dissimulari.

228 2136 257 2196 3.
276 2135 410 2196 Tiberius
435 2145 521 2216 atque
545 2135 675 2214 Augusta
697 2135 815 2216 publico
839 2133 1023 2214 abstinuere,
1045 2137 1171 2197 inferius

163 2219 315 2280 maiestate
338 2237 390 2280 sua
409 2220 478 2298 rati,
500 2221 528 2280 sl
547 2219 901 2300 palamlamentarentur,
925 2237 961 2280 an
983 2237 1020 2280 ne
1041 2220 1171 2280 omnium

165 2303 257 2363 oculis
272 2301 380 2384 vultum
403 2321 503 2364 eorum
524 2304 717 2365 scrutantibus
739 2303 805 2364 lalsi
828 2301 1075 2382 intellegerentur.
1106 2321 1171 2364 ma-

164 2397 237 2448 trem
252 2386 405 2448 Antoniam
419 2404 477 2447 non
493 2388 570 2467 apud
592 2396 727 2448 auctores
748 2405 942 2464 rerum,*non
963 2387 1062 2447 diuma
1085 2395 1171 2446 acto·
1231 2431 1234 2440 .

142 2487 227 2530 trum
243 2471 386 2549 scriptura
401 2471 518 2550 reperio
533 2471 594 2531 ullo
609 2472 714 2549 insigni
730 2471 828 2532 oliicio
844 2471 980 2547 iunctam,
995 2487 1058 2530 cum
1075 2487 1173 2548 super

165 2553 354 2634 Agrippinam
369 2563 397 2614 et
411 2554 536 2615 Drusum
552 2564 580 2616 et
598 2552 748 2616 claudium
761 2555 851 2616 ceteri
863 2571 978 2634 quoque
992 2555 1172 2631 consangui-

164 2639 211 2698 nei
234 2639 398 2698 nominatim
419 2639 575 2729 perscripti
597 2639 669 2717 sint,
693 2657 746 2700 seu
768 2639 933 2700 valetudine
952 2637 1172 2718 praepedieba*

162 2731 221 2798 tur,
238 2739 290 2782 seu
305 2723 399 2782 victus
415 2721 494 2784 luctu
509 2723 618 2784 animus
633 2723 857 2802 magnitudinem
871 2721 938 2784 mali
953 2723 1088 2802 perferre
1101 2724 1174 2785 visu
1263 2731 1264 2748 ³

79 2811 82 2816 '
163 2822 222 2864 non
237 2805 383 2867 toleravit.
420 2805 534 2867 facilius
558 2806 731 2870 crediderim
753 2805 871 2890 Tiberio
893 2815 923 2867 et
945 2805 1092 2886 Augusta,
1120 2809 1174 2886 qui
1263 2821 1264 2888 ,

129 2887 251 2949 rodomo
272 2903 330 2949 non
354 2889 552 2970 excedebant,
577 2889 750 2968 cohibitam,
771 2900 802 2950 nt
825 2908 877 2970 par
890 2907 1006 2962 maeror
1022 2899 1052 2951 et
1066 2893 1172 2950 matris

165 2973 302 3052 exemplo
320 2975 383 3036 avia
402 2991 518 3054 quoque
538 2984 567 3035 et
583 2983 701 3055 patruus
717 2974 831 3036 attineri
840 2966 1023 3034 riderentur.

226 3059 256 3117 4.
279 3055 361 3134 Dies,
379 3076 436 3138 quo
452 3059 594 3138 reliquiae
609 3059 717 3120 tumulo
732 3057 857 3136 Augusti
873 3056 1089 3135 inferebantur,
1106 3075 1175 3120 mo·
1263 3123 1264 3126 ,

164 3139 201 3198 do
223 3157 278 3218 per
304 3139 449 3202 silentium
474 3150 592 3222 vastus,
618 3144 704 3205 modo
732 3141 894 3222 ploratibus
921 3141 1049 3221 inquies;
1078 3143 1179 3222 plena

165 3220 244 3281 urbis
269 3223 386 3305 itinera,
407 3226 595 3287 conlucentes
618 3243 672 3305 per
693 3243 823 3304 campum
846 3223 945 3286 Martis
971 3226 1063 3287 laces.
1109 3228 1180 3292 illic
1263 3229 1264 3274 t

165 3302 249 3364 miles
271 3324 333 3366 oum
356 3310 457 3388 armis,
479 3311 541 3370 sine
562 3309 721 3388 insignibus
742 3309 944 3386 magistratus,
970 3309 1098 3390 populus
1117 3329 1181 3391 per

138 3386 255 3449 stribus
278 3390 442 3454 concidisse
464 3393 706 3474 rempublicam,
728 3392 797 3453 nibil
819 3393 884 3472 spei
903 3391 1045 3472 reliquum
1067 3393 1178 3460 clami-
