2596 3872
337 175 346 178 ·
456 176 562 228 mnne
572 179 629 228 xv.
644 179 719 230 cue.
730 183 849 238 uo—ss.
1099 183 1161 246 293

158 338 222 407 tur,
239 328 378 392 ludicrum
395 331 527 394 circense
543 344 573 395 ut
583 333 674 410 luliae
688 339 767 415 genti
780 341 855 419 apud
867 341 1007 424 Bouillas,
1023 347 1061 410 ita
1076 349 1194 424 Clau-10

158 413 222 474 diae
241 413 443 494 Domitiaeque
464 416 540 496 apud
560 418 676 482 Antium
700 423 843 484 ederetur.
875 446 949 508 quae
967 430 1044 494 fluxa
1064 436 1158 518 luere,

156 505 288 576 quartum
302 498 376 559 iutra
396 517 524 562 mensem
547 502 682 565 deiunota
705 506 823 568 infante.
854 530 1014 595 rursusque
1036 530 1159 583 exortae

156 580 339 644 adulationes
354 587 532 647 ceurentium
549 587 690 650 honorem
704 590 788 653 dirae
806 601 835 653 et
849 594 982 675 pulvinar
997 602 1157 684 aedemque

154 672 185 727 et
200 665 394 728 sacerdotem.
427 677 514 748 atque
537 671 602 751 ipse
616 681 648 734 ut
661 673 803 753 laetitiae,
825 677 864 739 ita
878 685 1020 744 maeroris
1037 686 1155 749 inmodi-

154 766 207 808 cus
222 749 293 827 egit.
326 751 492 814 adnotatum
507 763 567 834 est,
593 753 671 817 omui
691 768 792 824 senatu
805 759 922 828 Antium
939 766 992 828 suh
1007 781 1154 836 recentem
1164 804 1189 846 ιι

151 841 266 912 partum
285 833 394 914 educo,
412 836 571 900 Thraseam
586 840 761 920 prohibitum
777 845 886 910 inmoto
901 850 995 912 nnbno
1012 872 1153 933 praenun-

150 917 221 978 tiam
240 917 403 980 inminentis
421 923 520 983 caedis
542 926 745 988 contumeliam
765 933 931 1011 excepisse.
961 947 1089 1000 secutam
1104 941 1152 1002 de-

149 999 219 1061 hinc
240 1017 345 1064 rocem
365 1001 500 1067 (laesuris
519 1007 630 1089 ierunt,
651 1028 707 1091 qua
722 1014 940 1079 reconciliatum
953 1037 986 1080 se
1005 1020 1152 1086 Thraseae

149 1083 228 1165 apud
248 1087 391 1148 Senecam
409 1089 577 1172 iactaverit,
604 1111 640 1156 ac
660 1095 802 1158 Senecam
824 1097 944 1164 caesari
958 1106 1151 1182 gratulatum:

148 1168 226 1230 unde
240 1169 337 1247 gloria
351 1173 481 1252 egregiis
496 1177 566 1236 viris
582 1187 611 1240 et
626 1180 756 1258 pericula
772 1181 946 1261 gliscebant.
1159 1223 1184 1264 ῃ

214 1252 264 1315 24.
287 1253 366 1316 luter
386 1261 554 1336 quaereris
571 1263 715 1344 principio
731 1265 821 1342 legati
836 1269 1004 1334 Parthorum
1018 1277 1150 1339 mandata

147 1337 230 1416 regis
252 1339 414 1418 Vologesis
437 1341 594 1424 literaeque
615 1347 644 1408 in
668 1349 788 1409 eandem
808 1351 928 1414 formam
952 1358 1088 1423 attulere:
1115 1381 1149 1422 se
1173 1424 1177 1433 ,

147 1423 248 1500 priora
264 1431 293 1482 et
307 1424 415 1486 totiens
432 1427 538 1488 iactata
553 1447 643 1510 super
658 1432 814 1511 optinenda
825 1437 962 1500 Armenia
975 1459 1052 1503 nuno
1068 1446 1147 1506 omit·

148 1513 222 1584 tere,
241 1507 375 1586 quoniam
389 1507 427 1586 di,
444 1513 575 1590 mamma
591 1516 749 1593 potentium
765 1520 938 1599 populorum
954 1525 1062 1604 arbitri,
1079 1546 1146 1608 pos·

145 1590 311 1652 sessionem
328 1591 441 1654 Parthis
461 1611 519 1656 non
541 1596 604 1658 siue
624 1600 780 1676 ignominia
800 1604 930 1668 Romana
950 1608 1169 1678 tradidissemus

143 1691 239 1753 nuper
255 1674 383 1737 clausum
397 1676 556 1755 Tigranem
578 1669 646 1760 p‘ost
664 1682 782 1746 Paetum
803 1687 995 1770 legionesque
1015 1713 1078 1756 cum
1094 1713 1145 1777 op·

143 1757 273 1838 primere
289 1770 402 1840 posset‚‘
416 1762 577 1826 incolumes
592 1765 745 1830 dimisisse.
779 1773 849 1833 satis
870 1774 1056 1855 adprobatam
1070 1781 1143 1853 vim3

123 1873 125 1876 ·
143 1843 286 1904 detumet
306 1843 433 1906 lenitatis
448 1849 685 1926 experimentum.
713 1872 769 1915 neo
788 1867 984 1921 recusaturum
1000 1859 1145 1926 Tiridaten

143 1925 317 2005 accipiendo
329 1926 481 1991 diademati
492 1933 520 1992 in
531 1934 631 1996 urbem
642 1938 752 2014 venire,
766 1940 819 1999 alsi
832 1944 988 2005 sacerdotii
999 1947 1144 2026 religione

143 2010 323 2074 attineretur.
354 2013 456 2075 iturum
472 2016 508 2076 ad
529 2020 613 2098 signa
630 2029 659 2082 et
674 2021 789 2099 eibgies
808 2027 964 2107 principis,
986 2029 1034 2090 ubi
1049 2031 1176 2109 legio-10

143 2098 228 2163 uibus
246 2108 478 2185 coram'reguum
491 2106 699 2189 auspicaretur.

204 2187 256 2248 25.
276 2187 394 2251 Talibus
415 2189 576 2271 Vologesis
598 2194 705 2275 literis,
729 2198 796 2276 quia
816 2197 920 2258 Paetus
943 2198 1057 2262 diversa
1073 2209 1141 2262 tam·

141 2289 227 2352 quarn
238 2271 326 2335 rebus
339 2275 462 2353 integris
477 2278 635 2358 scrihebat,
652 2281 847 2360 iuterrogatus
859 2283 997 2362 centurio,
1016 2285 1063 2364 qui
1079 2303 1142 2346 cum

139 2356 248 2435 legatis
268 2357 441 2438 advenerat,
464 2377 521 2440 qno
543 2363 572 2423 in
591 2372 666 2424 statu
684 2363 821 2427 Armenia
842 2376 935 2445 esset,
960 2386 1060 2430 omues
1074 2369 1141 2430 inde

137 2441 289 2504 Romanos
311 2445 478 2506 excessisse
500 2448 660 2527 respondit.
697 2457 755 2510 tum
793 2450 946 2512 intellecto
985 2453 1141 2514 barbarum

137 2529 240 2605 inrisu,
257 2529 304 2608 qui
320 2537 454 2609 peterent
468 2530 546 2610 quod
560 2533 735 2612 eripuerant,
752 2534 895 2596 consuluit
908 2537 982 2598 inter
995 2536 1138 2618 primores
1152 2557 1177 2596 ι-

139 2613 266 2674 alvitatis
281 2611 373 2692 Nero,
387 2612 495 2676 bellum
510 2633 621 2696 auceps
636 2635 672 2678 au
684 2636 742 2697 pax
754 2617 906 2680 inhonesta
918 2620 1058 2701 placeret.
1084 2619 1154 2684 neo'

138 2696 295 2759 dubitatum
318 2697 354 2759 de
375 2697 465 2760 bello.
501 2709 531 2761 et
554 2699 682 2763 Corbulo
705 2702 823 2762 militum
845 2713 932 2785 atque
951 2703 1076 2766 hostium
1098 2716 1140 2768 tot

137 2799 297 2862 perennes
313 2799 421 2861 guarum
438 2784 586 2863 gerendae
602 2786 645 2846 rei
658 2786 843 2865 praeficitur,
866 2805 902 2848 ue
924 2790 1004 2848 cuius
1020 2789 1139 2851 alterius

135 2866 253 2927 inscitia
267 2885 380 2929 rursum
396 2879 585 2949 peccaretur,
601 2869 668 2950 quia
681 2870 765 2950 Paeti
783 2871 926 2950 piguerat.
956 2875 1043 2950 igitur
1063 2874 1139 2935 inriti

136 2952 335 3030 remittuntur,
359 2969 422 3014 cum
445 2952 528 3015 donis
549 2963 660 3033 tamen,
680 2954 757 3017 unde
772 2972 842 3035 spes
857 2957 940 3017 lieret
955 2974 1013 3017 non
1032 2959 1138 3022 frustra
1151 2974 1172 3014 tt
1217 3007 1224 3024 .

15 3045 18 3064 *
136 3035 239 3098 eadem
255 3044 407 3110 oratumm¹
416 3036 578 3116 Tiridaten,
601 3039 627 3098 si
641 3057 747 3118 preces
760 3039 824 3118 ipse
839 3040 991 3102 attulisset.
1022 3043 1136 3104 Suriae·

136 3137 195 3200 que
207 3113 367 3178 iurisdictio
376 3113 526 3198 ocosse,
536 3122 784 3201 copiaemilitares
799 3122 958 3186 Corbuloni
977 3127 1137 3205 permissae

135 3213 166 3265 et
187 3204 285 3283 quinta
306 3202 425 3265 decuma
446 3204 526 3284 legio
544 3205 667 3267 ducente
682 3207 774 3274 biario
792 3204 880 3271 celso
896 3228 913 3270 e
929 3209 1074 3272 Pannonia
1088 3209 1137 3272 ad·

64 3301 68 3310 ·
135 3291 212 3348 lecta
234 3295 288 3349 est.
326 3287 462 3350 scribitur
483 3289 639 3370 tetrarchis
667 3308 703 3352 ao
727 3291 847 3370 regibus
869 3293 1086 3374 praefectisque
1107 3304 1137 3355 et

135 3371 375 3451 procuratoribus
399 3381 428 3434 et
449 3375 498 3453 qui
518 3383 685 3456 praetorum
708 3377 839 3437 finitimas
861 3377 1029 3456 provincias
1050 3397 1170 3454 rege-re

136 3454 217 3536 bant,
230 3455 316 3518 iussis
329 3454 505 3519 Corbulonis
518 3457 652 3542 obsequi,
666 3459 694 3519 in
707 3468 813 3520 tantum
825 3459 916 3520 ierme
927 3459 1041 3519 modum
1053 3469 1138 3520 aucte
