2570 3878
109 211 116 221 ,
179 162 240 227 158
428 173 594 224 conuuurr
615 174 733 225 ruerus
747 175 933 228 uuuuuuuu

174 289 185 310 ⁰
248 307 250 316 «

161 349 349 420 ‘quemqnam
364 332 500 414 exemplo
516 331 652 394 adsumo:
673 340 810 410 cunctos,
832 333 880 412 qni
902 335 1051 396 novissimi
1070 338 1184 398 consilii

180 427 321 498 expertes
336 418 456 494 luimus,
481 432 547 477 meo
563 418 646 478 unius
662 415 827 477 discrimine
843 415 1004 480 delendam.
1034 437 1093 480 aon
1109 425 1185 482 enirn
1271 413 1273 420 ⁴

180 505 314 588 Seiupum
330 497 556 578 Vulsiniensem,
572 508 618 562 set
634 499 773 563 Claudiae
789 508 818 561 et
834 498 926 562 lullae
943 501 1045 564 dumus
1061 513 1186 585 partem,

145 609 170 650 ro
181 607 252 667 quas
267 586 413 648 adfinitate
429 593 636 666 occupaverat,
651 593 740 663 tuum,
758 583 879 665 Caesar,
894 603 1044 666 generum,
1059 589 1100 650 tui
1117 607 1183 650 cou-
1272 639 1273 666 3

180 671 289 734 eulaius
305 672 424 748 socium,
440 679 488 730 tua
506 670 604 732 oilicia
619 670 647 730 in
664 688 697 730 re
713 668 832 750 publica
846 680 1050 750 capessentem
1067 672 1195 735 coloba·¹
1272 669 1273 672 ’

179 775 251 816 mus.
282 772 339 818 non
361 762 406 815 est
427 763 554 815 nostrum
572 755 724 816 aestimare
740 769 825 834 quem
841 771 930 833 supra
944 763 1063 818 eeteros
1079 767 1109 819 et
1124 757 1183 837 qui·

178 841 233 901 bus
253 839 290 901 de
312 839 407 899 causis
425 839 567 900 extollas:
588 838 639 898 tibi
659 856 797 899 summurn
819 856 915 898 rerum
936 838 1071 902 iudicium
1092 841 1121 903 di
1136 842 1184 902 de·

180 925 261 1002 dere,
274 923 359 984 nobis
374 922 508 1003 obsequii
523 923 618 1002 gloria
630 923 733 984 relicto
745 930 800 982 est.
827 930 993 1003 spectamus
1006 943 1098 1005 porro
1112 943 1186 1006 quac

143 1029 170 1072 eo
182 1027 279 1071 coram
293 1006 445 1085 habentur,
461 1008 507 1068 oui
520 1025 558 1068 ex
570 1015 598 1067 te
611 1024 685 1087 opes
696 1005 836 1086 bonores,
854 1008 918 1086 quis
933 1007 1057 1087 plurima
1071 1008 1186 1072 iuvandi

179 1091 344 1153 nocendive
360 1093 500 1170 potentia,
517 1108 592 1171 quae
610 1091 716 1151 Seiano
733 1090 824 1151 luisse
838 1109 924 1152 nemo
941 1095 1108 1171 negaverit.
1138 1093 1186 1154 ab·

179 1177 256 1239 ditos
268 1175 410 1256 principis
422 1193 534 1252 seusus,
550 1184 580 1236 et
592 1174 696 1256 siquid
711 1175 854 1237 occultius
866 1184 959 1255 parat,
976 1181 1135 1258 exquirere
1146 1177 1186 1237 in·

179 1261 305 1338 licitum,
321 1277 447 1338 auceps:
463 1277 519 1319 nec
533 1259 600 1320 idco
616 1259 788 1339 adsequare.
817 1277 871 1338 ne,
890 1269 991 1341 patres
1013 1261 1188 1344 conscripti,
1272 1289 1273 1312 r

180 1346 306 1406 ultimum
321 1343 417 1405 Seiani
432 1343 522 1422 diem,
541 1343 594 1404 sed
609 1342 738 1416 sedecim
758 1361 849 1406 anuos
864 1345 1074 1422 cogitaveritis.
1104 1349 1189 1408 etiarn

146 1431 305 1492 ruSatrium
327 1437 414 1508 atque
435 1427 625 1509 Pomponium
644 1427 868 1500 venerationum
890 1428 1005 1492 libertis
1020 1448 1141 1511 quoque
1156 1449 1189 1492 ac

180 1513 350 1576 ianitoribus
371 1515 435 1574 eius
455 1521 614 1574 notescere
637 1529 691 1593 pro
706 1513 861 1591 magnifico
878 1512 1089 1592 accipiebatur.
1123 1514 1191 1594 quid

181 1597 277 1679 ergo?
297 1597 459 1660 indistincta
479 1597 553 1658 baec
575 1596 708 1658 defensio
728 1606 758 1656 et
773 1597 920 1676 promisca
937 1595 1075 1660 dabitur?
1103 1599 1192 1660 immo

180 1685 262 1744 iustis
277 1682 405 1743 terminis
421 1681 569 1743 dividatur.
599 1681 719 1742 insidiae
741 1682 770 1741 in
791 1698 852 1741 rem
875 1681 1037 1762 publicam,
1068 1683 1191 1746 consilia
1272 1703 1273 1712 ¹

182 1767 280 1829 caedis
303 1766 455 1827 adversum
475 1767 680 1846 imperatorem
703 1765 869 1846 puniantur:
894 1764 1075 1830 deamicitia
1096 1777 1126 1830 et
1148 1769 1183 1829 ol

147 1875 172 1918 oo
182 1853 255 1912 liciis
270 1850 346 1911 idern
362 1850 426 1910 linis
443 1859 471 1910 et
487 1859 525 1928 te,
542 1847 663 1927 caesar,
680 1857 710 1910 et
728 1865 782 1909 nos
799 1847 983 1911 absolverit!

164 1930 168 1938 '
245 1931 274 1995 9.
312 1933 480 1995 Constantia
497 1935 649 2014 orationis,
666 1941 695 1994 et
707 1933 774 2014 quia
785 1941 920 2013 repertus
932 1943 995 1996 erat
1008 1937 1060 2016 qui
1073 1937 1193 1999 elierret
1272 1955 1273 1958 ¹

182 2038 256 2100 quae
266 2037 367 2081 omues
378 2018 638 2098 animoagitabant,
653 2035 690 2078 eo
709 2035 802 2098 usque
812 2026 947 2098 potuere,
956 2027 987 2080 ut
998 2029 1195 2084 accusatores

182 2105 253 2184 elus,
262 2103 365 2165 additis
377 2121 451 2184 quae
460 2112 525 2164 aute
533 2102 724 2184 deliquerant,
733 2101 822 2162 exilio
830 2111 978 2164 autmorte
988 2104 1192 2168 multarentur.

244 2189 370 2250 Secutae
392 2186 496 2249 debinc
512 2187 621 2250 'liberii
642 2187 745 2248 literae
767 2187 796 2247 in
816 2186 886 2248 Sex.
901 2186 1051 2250 Vistilium
1074 2198 1194 2272 praeto·
1272 2183 1273 2186 '

158 2275 264 2353 srium,
278 2291 363 2355 qoem
373 2271 470 2334 Druso
481 2273 564 2334 tratri
575 2290 726 2354 percarum
738 2272 767 2332 in
780 2270 930 2334 cohortem
942 2289 1024 2335 suam
1036 2274 1194 2336 transtule

180 2368 235 2420 rat.
265 2377 353 2421 causa
373 2357 544 2418 offensionis
566 2357 682 2420 Vistilio
704 2357 773 2435 luit,
804 2374 858 2417 seu
878 2369 1090 2437 composuerat
1106 2377 1192 2440 quae·

181 2443 288 2504 damin
304 2441 401 2505 Gaium
419 2441 575 2504 Caesarem
592 2451 621 2502 ut
637 2441 821 2522 impudicum,
838 2441 901 2502 sive
912 2441 981 2502 licto
993 2441 1096 2505 babitu
1109 2444 1193 2504 lides.
1272 2495 1273 2516 2

181 2536 268 2606 atque
292 2527 330 2588 ob
354 2526 382 2587 id
405 2529 539 2587 convictu
561 2527 702 2606 principis
728 2524 889 2605 prohibitus
910 2543 974 2586 curn
998 2526 1087 2588 senili
1106 2544 1194 2586 manu
1272 2551 1273 2554 ¹

180 2612 289 2673 ierrum
308 2613 525 2691 temptavisset,
545 2611 657 2690 obligat
679 2628 784 2681 venas;
812 2619 1011 2690 precatusque
1036 2629 1092 2692 per
1104 2609 1194 2672 codi-

147 2715 172 2757 ιο
183 2695 285 2774 eillos,
300 2695 399 2756 immiti
415 2696 560 2776 rescripto
575 2714 665 2756 venas
681 2695 815 2758 resolvit.
847 2697 1006 2756 acervatim
1021 2714 1061 2757 ex
1078 2713 1116 2756 eo
1134 2694 1194 2755 Au-

181 2782 246 2842 nius
260 2779 365 2858 Pollio,
381 2779 494 2862 Appius
510 2780 625 2841 Silanus
643 2781 754 2841 Scauro
769 2779 918 2841 llamerco
932 2778 1068 2842 simulac
1082 2780 1197 2843 Sabino

183 2864 312 2927 Calvisio
332 2865 489 2926 maiestatis
510 2863 707 2945 postulantur,
729 2871 759 2924 et
772 2864 948 2946 ¹Vinicianus
964 2863 1097 2926 Pollioni
1119 2864 1195 2946 patri

182 2948 369 3028 adiciebatur,
386 2949 457 3010 clari
471 2967 565 3028 genus
582 2958 610 3010 et
625 2948 737 3030 quidam
749 2947 864 3010 summis
876 2947 1051 3010 bonoribus.
1077 2957 1192 3013 contre·

182 3041 371 3114 maerentque
386 3043 484 3114 patres
503 3035 583 3115 (nam
598 3041 701 3114 quotus
718 3035 841 3113 quisquc
857 3031 1012 3093 adfinitatis
1028 3043 1080 3094 aut
1097 3033 1193 3098 amici·

149 3129 241 3184 tenne
256 3127 300 3179 tot
314 3119 473 3179 inlustrium
489 3121 618 3180 virorum
636 3137 744 3200 expers
759 3113 871 3196 erati),
891 3117 920 3176 ui
938 3114 1045 3178 Gelsus
1062 3119 1196 3180 urbanae
1272 3143 1273 3188 t

184 3203 314 3265 cohortis
337 3202 484 3282 tribunus,
506 3213 563 3264 tum
585 3205 660 3263 inter
684 3200 810 3278 indices,
835 3200 962 3280 Appium
986 3209 1016 3260 et
1033 3199 1197 3264 (lalvisium
1272 3215 1273 3222 ¹

184 3289 339 3350 discrimini
351 3289 519 3350 exemisset.
548 3286 657 3349 Caesar
668 3285 809 3348 Pollionis
821 3303 856 3347 ac
869 3285 1014 3344 Viniciani
1027 3286 1198 3366 Scaurique

185 3381 363 3449 causam,ut
383 3371 447 3455 ipse
471 3391 533 3434 cum
554 3381 655 3435 senatu
669 3378 824 3448 nosceret,
844 3367 961 3448 distulit,
979 3365 1058 3430 datis
1077 3369 1198 3452 quibus-

104 3469 106 3474 ’
183 3456 247 3516 dam
263 3456 290 3516 iu
308 3456 444 3519 Scaurum
462 3455 588 3520 tristibus
608 3457 693 3517 notis.
