2540 3874
432 179 538 225 numan
549 179 595 227 ιι.
613 177 688 227 car.
699 179 801 236 9—13.
1065 173 1126 235 119

125 351 213 394 causa
228 332 289 411 luit,
306 340 335 393 ut
352 332 433 394 claro
446 331 498 393 sub
512 334 648 414 exemplo
661 334 751 396 falsas
768 335 930 398 auditiones
947 337 1125 418 depellerem

124 427 312 499 peteremque
327 416 363 477 ab
380 416 424 495 iis,
442 434 562 497 quorum
576 419 605 478 iu
620 437 720 479 manus
739 437 807 480 cura
825 426 1067 502 nostratenarit,
1087 443 1125 486 uc

123 501 269 579 divulgata
290 509 376 580 atque
395 500 576 564 incredibilia
590 503 674 564 aride
691 505 907 584 acceptaveris
923 523 1019 586 neque
1032 510 1060 568 in
1075 512 1124 568 mi·

123 586 249 648 raculnm
269 586 413 665 corruptis
427 585 629 648 antehabeant.
833 649 835 652 .

187 669 234 729 12.
256 667 392 730 Ceterum
411 669 546 731 laudante
570 670 657 732 lilium
675 689 729 752 pro
749 675 853 734 rostris
869 673 987 735 Tiberio
1006 686 1123 737 senatus

9 807 19 819 .
121 755 307 836 populusque
333 752 459 815 habiturn
480 771 516 814 ac
541 771 632 816 voces
653 755 800 817 dolentum
826 758 1008 828 simulatione
1029 763 1123 839 magis

120 858 205 920 quarn
220 835 314 898 libens
330 838 482 916 induebat,
506 838 678 920 domumque
695 839 857 903 Germanici
871 843 1055 910 revirescere
1072 862 1121 906 oc·
1142 833 1156 856 ²
1247 913 1248 918 .

120 924 193 985 culti
208 921 397 982 laetabantur.
431 922 508 1003 quod
525 925 698 1004 principium
719 926 828 987 luroris
853 935 882 987 at
901 936 993 988 mater
1014 927 1122 1008 Agrip-

119 1009 187 1089 pina
213 1023 295 1086 spem
315 1006 390 1068 male
409 1015 515 1085 tegens
536 1010 694 1088 perniciem
716 1008 932 1072 adceleravere.
962 1028 1027 1072 nam
1041 1009 1148 1076 Seia-s

8 1115 14 1126 ²
119 1110 172 1153 nus
199 1089 247 1151 ulti
270 1090 349 1152 ridet
376 1100 496 1152 mortem
524 1092 611 1153 Drusi
640 1094 756 1155 inultam
782 1095 1032 1175 interfectoribus,
1057 1099 1121 1158 alne

118 1193 252 1238 maerore
274 1174 392 1255 publico
413 1193 496 1254 esse,
519 1177 605 1238 ferox
627 1179 789 1256 scelerum,
813 1187 842 1238 et
863 1182 929 1260 quia
946 1181 1035 1259 primu
1054 1199 1120 1260 pro·

117 1267 275 1338 venerant,
293 1257 425 1322 volutare
441 1279 557 1339 secum,
579 1280 702 1343 quonam
722 1263 809 1324 modo
833 1263 994 1325 Germanioi
1011 1264 1121 1326 liberos

118 1350 320 1426 perverteret,
341 1361 464 1425 quorum
477 1362 535 1406 non
550 1344 635 1407 dubia
652 1349 812 1407 successio.
842 1365 938 1428 neque
953 1351 1053 1429 spargi
1072 1367 1120 1409 ve·

117 1445 222 1490 aenum
244 1429 272 1489 in
297 1435 359 1491 tres
379 1438 508 1508 poterat,
537 1433 658 1510 egregia
680 1431 830 1492 custodum
854 1431 911 1492 lude
933 1441 961 1493 et
985 1432 1155 1512 pudicitiam

119 1512 300 1594 Agrippinae
314 1511 528 1593 inpenetrabili.
559 1514 647 1591 igitur
662 1517 869 1576 contumaciam
892 1517 954 1576 eins
974 1517 1119 1594 insectari,

118 1606 202 1660 retus
216 1596 369 1677 Augustae
384 1596 496 1674 odium,
515 1607 664 1658 recentem
678 1598 777 1660 Liviae
801 1600 1006 1660 conscientiam
1022 1603 1120 1678 exagi-

117 1691 191 1760 tare,
208 1691 237 1742 ut
255 1681 411 1761 superbam
430 1680 625 1759 fecunditate,
647 1682 798 1744 subnixam
813 1681 1002 1762 popularibus
1020 1684 1120 1744 studiis

115 1765 227 1828 inhiare
247 1765 434 1827 dominationi
456 1765 533 1845 apud
556 1765 713 1828 Caesarem
735 1776 900 1845 arguerent.
916 1766 1024 1847 alitque
1046 1767 1120 1829 baec

3 1909 18 1926 ,,
117 1849 231 1913 callidis
252 1849 497 1927 criminatoribus,
524 1851 600 1912 inter
626 1867 701 1930 puos
722 1851 875 1930 delegerat
892 1850 992 1912 lullum
1017 1851 1117 1912 Postn-
1131 1869 1155 1909 rs

2 1927 10 1966 ²
115 1953 209 2010 mum,
234 1953 289 2014 per
303 1931 473 1996 adulterium
487 1934 616 1996 llutiliae
631 1934 749 1997 Priscae
770 1935 845 1996 inter
860 1937 975 1996 intimos
991 1936 1075 1996 aviae
1091 1945 1120 1996 et

117 2019 249 2082 consiliis
275 2019 334 2079 suis
345 2018 558 2098 peridoneum,
590 2020 657 2098 qnia
679 2019 778 2081 Prisca
805 2022 833 2080 in
857 2020 953 2081 auimo
968 2020 1119 2097 Augustae

116 2103 212 2166 valida
235 2119 319 2164 anum
347 2111 451 2184 suapte
475 2113 576 2164 natura
605 2105 754 2183 potentiae
779 2104 893 2166 anniam
919 2103 1120 2165 insociabilem

115 2190 199 2249 nurui
227 2187 384 2249 alliciebat.
417 2187 601 2268 Agrippinae
625 2204 740 2267 quoque
768 2187 892 2267 proximi
918 2186 1119 2248 inliciebantur

116 2274 216 2353 pravis
231 2271 415 2333 sermonibus
430 2271 555 2333 tumidos
569 2272 688 2353 spiritus
704 2271 917 2352 perstimulare.
1129 2290 1155 2332 ao

179 2356 227 2418 13.
245 2357 286 2419 At
299 2354 434 2418 'liberius
448 2355 517 2417 nibil
532 2357 696 2418 intermissa
709 2370 806 2417 rerum
824 2371 909 2433 cura,
930 2356 1049 2433 negotia
1065 2373 1119 2434 pro

115 2441 237 2504 solaciis
258 2441 424 2520 accipiens,
450 2441 494 2501 ius
517 2441 637 2520 civium,
663 2456 769 2521 preces
792 2439 938 2501 sociorum
960 2438 1118 2510 tractabatr

115 2526 255 2607 iactaque
275 2534 396 2588 auctore
412 2542 449 2587 eo
466 2535 582 2588 senatus
599 2525 747 2604 consulta,
765 2534 796 2586 nt
812 2524 919 2586 civitati
936 2523 1119 2600 Cibyraticae

115 2609 192 2692 apud
206 2610 315 2689 Asiam,
330 2610 473 2688 Aegiensi
489 2610 565 2690 apud
577 2609 731 2685 Achaiam,
752 2619 830 2673 rnatu
845 2617 942 2670 terrae
957 2607 1118 2688 labefactis,

114 2695 319 2756 subveniretur
339 2695 510 2760 remissione
531 2693 628 2756 tributi
649 2696 678 2754 in
698 2694 858 2756 triennium.
890 2702 919 2754 et
942 2692 1045 2755 Vibius
1065 2693 1143 2754 Set

113 2798 204 2842 renus
218 2797 273 2859 pro
289 2779 409 2841 consule
424 2779 570 2841 ulterioris
584 2779 758 2861 llispaniae,
780 2778 815 2840 de
829 2779 858 2838 ri
875 2777 992 2859 publica
1007 2776 1119 2838 damua-

114 2873 178 2941 tns,
203 2864 240 2925 ob
256 2866 438 2926 atrocitatem
452 2881 562 2925 morum
577 2864 605 2924 in
620 2863 741 2924 insulam
756 2864 917 2940 Amorgum
939 2860 1119 2942 deportatur.

114 2947 266 3011 Carsidius
280 2947 449 3027 Sacerdos,
469 2965 539 3010 rens
558 2957 702 3028 tamquam
720 2948 865 3009 frumento
885 2946 1000 3008 bustam
1015 2945 1119 3010 'lacia-

2 3041 7 3063 '
112 3035 237 3096 rinutem
258 3034 397 3110 iuvisset,
416 3031 592 3111 absolvitur,
616 3032 805 3112 eiusdemque
825 3032 952 3094 criminis
974 3031 1007 3094 C.
1030 3030 1119 3095 (irac-

114 3117 198 3179 cbns.
222 3117 298 3179 bunc
320 3117 455 3182 comitem
470 3117 550 3178 exilii
568 3115 718 3179 admodum
733 3117 868 3178 infantem
884 3126 967 3194 pater
982 3117 1118 3196 Sempro·
1130 3132 1155 3174 ro
1258 3156 1259 3204 ,

113 3203 179 3263 nina
195 3203 224 3263 in
238 3201 358 3264 insulam
374 3199 526 3263 Cercinam
541 3201 655 3262 tulerat.
686 3201 747 3262 illic
767 3200 880 3262 adultus
897 3201 972 3261 inter
986 3209 1121 3260 extorres

114 3298 145 3347 et
168 3284 330 3348 liberalium
352 3287 453 3348 artium
473 3287 608 3364 nescios,
628 3302 698 3347 mox
717 3302 772 3366 per
786 3285 916 3346 Alrlcam
937 3301 973 3344 ac
994 3283 1120 3343 Siciliam

114 3370 251 3432 mumudo
273 3371 406 3448 sordidas
426 3389 541 3432 merces
563 3368 790 3438 sustentabatur;
815 3385 910 3446 neque
932 3375 1027 3426 tamen
1050 3366 1120 3425 edu·

116 3457 158 3532 git
173 3473 296 3535 magnae
313 3456 446 3518 romanae
461 3455 600 3533 pericula.
628 3472 663 3514 ac
677 3455 704 3512 ni
716 3452 818 3513 Aelius
830 3451 925 3511 Lamia
937 3457 966 3509 et
980 3447 1119 3526 L.-Apro·
1254 3453 1257 3589 p
