2540 3874
153 174 194 237 96
401 185 565 234 comnenus
582 184 700 233 raom
717 184 898 244 suasurum

155 359 210 423 qua
224 348 397 419 tempestate
412 339 507 416 Cotye
524 339 639 420 [fratre]
655 338 808 400 interiecto
826 337 932 400 bellum
944 335 1085 398 adversus
1100 351 1155 394 noa

154 425 295 488 volverat.
322 424 409 502 igitur
424 442 498 502 aqua
513 433 541 484 ct
562 425 620 502 iqui
643 422 823 488 interdictum
843 439 913 498 reo,
935 420 1157 501 adpositumque

121 529 147 571 ro
156 519 186 569 ut
201 517 348 571 teneretur
364 508 455 572 insula
469 526 564 587 neque
577 507 768 572 llacedoniac
781 505 1156 586 uequeThrucciaeoppor·

155 602 231 657 tuna.
261 609 324 656 nam
341 591 483 653 Thraecia
500 591 592 652 diviso
608 592 730 670 imperio
749 592 776 652 iu
791 588 1021 656 Rhoemetalcen
1037 596 1069 650 et
1082 585 1156 648 libe·

154 691 207 738 ros
219 675 338 752 Cotyis,
354 678 417 756 quis
433 676 470 736 ob
485 675 631 737 infantiam
649 685 724 738 tutor
748 683 810 736 erat
830 672 1033 734 Trebellienus
1052 671 1158 747 liuius,

155 760 309 821 insolentia
329 761 420 820 nostri
441 758 555 820 discors
578 759 683 838 agebat
703 777 799 838 neque
820 759 912 818 minus
926 753 1159 820 Rhoemetalcen

157 861 240 924 quam
273 842 487 904 Trebellienum
517 845 653 908 incusans
680 842 861 923 popularium
900 841 1017 902 iniurias
1052 838 1158 900 inultas

122 930 261 990 insinere.
312 923 482 988 Coelaletae
507 925 697 1006 Odrusaeque
723 935 753 988 et
778 925 839 1004 bii,
871 924 985 990 validae
1015 924 1158 999 nationes,

155 1029 233 1074 arma
251 1029 374 1090 cepere,
397 1009 517 1077 ducibus
531 1011 654 1076 diversis
671 1021 698 1073 et
715 1009 831 1090 paribus
850 1009 925 1072 inter
943 1028 978 1070 se
1000 1025 1057 1088 per
1075 1008 1156 1086 iguo-

154 1096 307 1164 bilitatem;
328 1112 404 1174 quae
423 1112 511 1157 causa
532 1096 642 1156 fuitne
663 1099 692 1158 in
711 1093 817 1158 bellum
837 1102 923 1157 atron
945 1092 1156 1156 ooamscerent.

156 1197 223 1260 pars
240 1178 354 1240 turbant
370 1179 552 1257 praesentia,
568 1178 616 1242 alii
636 1188 762 1240 moutam
783 1176 920 1243 liaemutu
942 1174 1156 1261 transgrediun-

155 1272 211 1337 tur,
227 1269 399 1322 utremotos
413 1261 540 1341 populna
556 1265 719 1333 concisum
741 1261 855 1342 plurimi
876 1279 911 1322 ac
932 1261 1057 1326 manime
1078 1274 1159 1322 cnm·

121 1346 244 1426 sepositi
260 1362 362 1423 raqarn
381 1345 539 1426 urbemque
556 1345 796 1427 Philippopolim,
812 1345 1004 1412 allacedane
1021 1343 1157 1422 Philippo

155 1431 249 1506 sitam,
268 1429 481 1491 circumsidunt.

218 1513 269 1576 39.
292 1513 374 1589 Quae
394 1512 443 1576 ubi
465 1514 583 1591 cognita
602 1513 633 1576 Ρ.
651 1513 775 1574 Vellaeo
791 1514 838 1591 (is
861 1513 1022 1592 proximum
1044 1511 1159 1572 exerci-

155 1608 213 1658 tum
234 1595 458 1676 praesidebat),
474 1597 581 1660 alarios
602 1599 716 1677 equites
738 1615 774 1658 ac
796 1597 870 1662 lenia
894 1595 1054 1658 oolrortium
1076 1595 1160 1658 mittit

155 1682 185 1740 in
200 1698 254 1742 eos
270 1681 318 1759 qni
342 1679 539 1760 praedabundi
559 1689 607 1744 aut
627 1680 809 1745 adsumendis
833 1680 948 1743 auxiliis
968 1679 1158 1760 uagabantur,

156 1765 220 1843 ipse
235 1763 325 1825 robur
341 1764 469 1844 peditum
486 1763 521 1826 ad
540 1764 750 1830 exsolvendum
773 1764 913 1832 obsidium
936 1763 1023 1824 ducit.
1060 1762 1158 1828 simul·
1267 1769 1268 1772 ’

133 1865 214 1926 sque
236 1854 337 1908 cuncta
361 1864 505 1928 prospare
527 1856 607 1923 acta,
635 1848 730 1910 caeeis
757 1848 978 1928 populatoribus
999 1856 1029 1909 et
1048 1846 1156 1909 diesen·

156 1933 317 1992 siouetorta
341 1931 416 2011 apud
437 1931 605 1993 obsidentes
626 1933 934 2014 regisqueopportuna
956 1933 1109 2011 eruptione
1128 1939 1159 1992 et

155 2014 278 2075 adventu
296 2014 431 2092 legionis.
463 2033 558 2095 neque
573 2017 664 2077 aciem
679 2027 726 2078 ant
743 2016 881 2097 proelium
898 2017 955 2082 dial
969 2015 1114 2091 decuerit,
1131 2015 1158 2075 in
1265 2035 1267 2042 ’

156 2115 212 2176 quo
229 2099 362 2158 semermi
377 2117 413 2160 ac
427 2099 558 2178 palantes
574 2100 706 2161 trucidati
722 2111 787 2163 sunt
801 2102 863 2161 sine
884 2109 986 2163 nostro
1005 2101 1158 2178 amputas.
1266 2137 1267 2184 3

217 2179 269 2264 dt).
288 2181 411 2254 tEodem
432 2201 507 2244 anuo
534 2182 690 2246 Galliarum
713 2185 846 2248 civitates
869 2183 910 2252 nb
934 2182 1157 2261 magnitudinem
1266 2193 1267 2200 ’

156 2249 335 2329 aern‘atraut
354 2267 544 2328 rebellionem
561 2278 749 2348 coeptavere,
768 2268 848 2333 cuius
864 2267 1063 2333 exstimulatur
1079 2285 1142 2328 acer

156 2351 243 2416 rimus
264 2350 337 2412 inter
352 2350 500 2412 Treveros
520 2350 608 2416 lulius
624 2351 747 2429 Florus,
770 2351 846 2432 apud
861 2351 980 2418 Aeduos
999 2351 1088 2416 lulius
1107 2352 1157 2417 sa-

157 2435 264 2496 crovir.
296 2433 432 2496 nobilitas
450 2434 589 2499 ambobus
620 2444 650 2498 et
669 2437 807 2504 umorum
835 2436 912 2498 bona
942 2436 1035 2512 tacta,
1062 2451 1158 2513 eoque
1265 2443 1266 2460 ¹

132 2517 284 2583 suonam
306 2518 406 2579 civitas
429 2519 497 2582 olim
518 2518 599 2597 data,
629 2539 691 2583 cum
719 2520 747 2582 id
776 2537 871 2589 rarum
898 2538 954 2586 nec
979 2520 1033 2578 uisi
1061 2517 1158 2578 virtuti

156 2601 278 2679 pretium
302 2610 390 2662 essct.
426 2603 446 2662 ii
470 2603 597 2672 secretis
626 2604 805 2684 conloquiis,
829 2604 1015 2673 ferocissimo
1041 2619 1159 2682 quoque

156 2683 307 2764 adsumpto
332 2694 380 2746 aut
400 2686 503 2765 quibus
531 2685 568 2751 ob
592 2696 753 2765 egestatem
780 2707 814 2752 ac
829 2696 945 2760 -rpetum
975 2705 1013 2749 ex
1042 2685 1158 2766 flagitiis
1265 2693 1266 2725 l

154 2768 277 2829 maxima
292 2768 435 2848 peccandi
450 2765 646 2850 necessitudo,
662 2781 838 2852 componunt
852 2771 957 2840 trusus
973 2769 1091 2852 tetum,
1106 2771 1158 2843 St·

157 2853 254 2913 'crovir
268 2854 424 2933 propiores
440 2853 541 2916 Gallos
562 2856 688 2917 concire
724 2857 811 2936 igitur
836 2874 889 2936 per
914 2855 1107 2925 conciliabula
1130 2863 1160 2916 et

122 2945 259 3002 recoctus
286 2935 424 2998 seditiosa
453 2937 635 3003 disserebant
666 2939 702 3000 de
732 2941 948 3005 continuatione
975 2940 1155 3012 tributorum,

154 3021 297 3098 pravitate
311 3021 449 3100 faenoris,
464 3023 584 3084 saeuitia
600 3041 635 3086 ac
650 3024 787 3103 superbia
798 3023 1040 3104 praesidentium:
1055 3031 1085 3085 et
1101 3021 1156 3084 dis·

155 3103 276 3164 cordare
301 3104 419 3166 militam
442 3106 541 3170 audito
573 3106 734 3170 Germanici
760 3108 858 3172 exitio.
901 3108 1052 3186 egregium
1078 3125 1159 3170 resu-

153 3188 275 3248 mendae
290 3187 414 3250 libertati
429 3199 561 3269 tempus,
577 3193 602 3250 si
617 3192 673 3270 ipsi
689 3192 843 3269 lloreutes,
863 3209 949 3271 quem
965 3192 1049 3271 inops
1064 3189 1161 3268 ltalia,
1241 3251 1247 3258 .

155 3289 237 3348 quum
255 3271 370 3333 inbellis
385 3273 493 3335 urbana
508 3274 623 3354 plebea,
641 3276 710 3338 nihil
730 3276 852 3342 ualidum
868 3274 1087 3340 inexercitibus
1103 3275 1161 3336 nisi

122 3373 144 3416 rs
156 3355 235 3430 quod
248 3364 408 3434 externum,
424 3358 596 3435 cogitarent.

215 3440 266 3498 41.
286 3438 367 3500 Haud
383 3440 474 3502 ferme
491 3441 549 3504 ulla
564 3444 665 3505 civitas
680 3445 785 3506 intacta
799 3441 956 3506 seminibus
978 3443 1040 3504 eius
1061 3452 1180 3505 moturae
1263 3485 1264 3536 i
