<?xml version="1.0" encoding="UTF-8"?>
<!DOCTYPE html PUBLIC "-//W3C//DTD XHTML 1.0 Transitional//EN"
    "http://www.w3.org/TR/xhtml1/DTD/xhtml1-transitional.dtd">
<html xmlns="http://www.w3.org/1999/xhtml" xml:lang="en" lang="en">
 <head>
  <title>
</title>
<meta http-equiv="Content-Type" content="text/html;charset=utf-8" />
  <meta name='ocr-system' content='tesseract 3.04.00' />
  <meta name='ocr-capabilities' content='ocr_page ocr_carea ocr_par ocr_line ocrx_word'/>
</head>
<body>
  <div class='ocr_page' id='page_1' title='image "./libriquisupersu02tacigoog/libriquisupersu02tacigoog_0157.png"; bbox 0 0 2540 3874; ppageno 0'>
   <div class='ocr_carea' id='block_1_1' title="bbox 168 203 907 266">
    <p class='ocr_par' dir='ltr' id='par_1_1' title="bbox 168 203 907 266">
     <span class='ocr_line' id='line_1_1' title="bbox 168 203 907 266; baseline -0.015 0"><span class='ocrx_word' id='word_1_1' title='bbox 168 203 208 266; x_wconf 79' lang='grc'><strong>98</strong></span> <span class='ocrx_word' id='word_1_2' title='bbox 421 207 907 260; x_wconf 80' lang='lat' dir='ltr'><strong>cornumrrncrurnnunmmr</strong></span> 
     </span>
    </p>
   </div>
   <div class='ocr_carea' id='block_1_2' title="bbox 135 318 1262 445">
    <p class='ocr_par' dir='ltr' id='par_1_2' title="bbox 135 318 1262 445">
     <span class='ocr_line' id='line_1_2' title="bbox 135 318 1262 445; baseline -0.005 -19"><span class='ocrx_word' id='word_1_3' title='bbox 135 366 277 429; x_wconf 81' lang='lat' dir='ltr'><strong>tabellum</strong></span> <span class='ocrx_word' id='word_1_4' title='bbox 296 367 351 427; x_wconf 91' lang='lat' dir='ltr'><strong>sibi</strong></span> <span class='ocrx_word' id='word_1_5' title='bbox 375 374 526 445; x_wconf 90' lang='lat' dir='ltr'><strong>poscente.</strong></span> <span class='ocrx_word' id='word_1_6' title='bbox 558 380 625 424; x_wconf 87' lang='lat' dir='ltr'><strong>mcx</strong></span> <span class='ocrx_word' id='word_1_7' title='bbox 646 363 740 424; x_wconf 87' lang='lat' dir='ltr'><strong>Varro</strong></span> <span class='ocrx_word' id='word_1_8' title='bbox 762 318 903 424; x_wconf 81' lang='lat' dir='ltr'><strong>invalidus</strong></span> <span class='ocrx_word' id='word_1_9' title='bbox 927 374 1048 425; x_wconf 79' lang='lat' dir='ltr'><strong>senecta</strong></span> <span class='ocrx_word' id='word_1_10' title='bbox 1062 365 1170 445; x_wconf 76' lang='lat' dir='ltr'>vigenti</span> <span class='ocrx_word' id='word_1_11' title='bbox 1261 405 1262 420; x_wconf 51' lang='lat'>2</span> 
     </span>
    </p>
   </div>
   <div class='ocr_carea' id='block_1_3' title="bbox 169 451 412 514">
    <p class='ocr_par' dir='ltr' id='par_1_3' title="bbox 169 451 412 514">
     <span class='ocr_line' id='line_1_3' title="bbox 169 451 412 514; baseline -0.025 0"><span class='ocrx_word' id='word_1_12' title='bbox 169 452 241 514; x_wconf 88' lang='lat' dir='ltr'><strong>Silio</strong></span> <span class='ocrx_word' id='word_1_13' title='bbox 256 451 412 511; x_wconf 88' lang='lat' dir='ltr'><strong>concessit.</strong></span> 
     </span>
    </p>
   </div>
   <div class='ocr_carea' id='block_1_4' title="bbox 169 529 1262 778">
    <p class='ocr_par' dir='ltr' id='par_1_4' title="bbox 169 529 1262 778">
     <span class='ocr_line' id='line_1_4' title="bbox 231 529 1262 613; baseline -0.001 -18"><span class='ocrx_word' id='word_1_14' title='bbox 231 537 282 596; x_wconf 89' lang='grc'><strong>44.</strong></span> <span class='ocrx_word' id='word_1_15' title='bbox 302 534 341 594; x_wconf 82' lang='lat' dir='ltr'><strong>m</strong></span> <span class='ocrx_word' id='word_1_16' title='bbox 356 532 466 593; x_wconf 86' lang='lat' dir='ltr'><strong>Romae</strong></span> <span class='ocrx_word' id='word_1_17' title='bbox 482 550 539 593; x_wconf 93' lang='lat' dir='ltr'><strong>non</strong></span> <span class='ocrx_word' id='word_1_18' title='bbox 556 529 704 591; x_wconf 81' lang='lat' dir='ltr'><strong>Treveros</strong></span> <span class='ocrx_word' id='word_1_19' title='bbox 719 529 805 592; x_wconf 91' lang='lat' dir='ltr'><strong>modo</strong></span> <span class='ocrx_word' id='word_1_20' title='bbox 824 539 854 590; x_wconf 87' lang='lat' dir='ltr'><strong>et</strong></span> <span class='ocrx_word' id='word_1_21' title='bbox 867 529 1004 609; x_wconf 81' lang='lat' dir='ltr'><strong>Aeduos,</strong></span> <span class='ocrx_word' id='word_1_22' title='bbox 1021 533 1074 593; x_wconf 91' lang='lat' dir='ltr'><strong>sed</strong></span> <span class='ocrx_word' id='word_1_23' title='bbox 1090 543 1171 613; x_wconf 89' lang='lat' dir='ltr'><strong>quat·</strong></span> <span class='ocrx_word' id='word_1_24' title='bbox 1261 595 1262 606; x_wconf 58' lang='grc'>,</span> 
     </span>
     <span class='ocr_line' id='line_1_5' title="bbox 169 614 1262 700; baseline -0.001 -20"><span class='ocrx_word' id='word_1_25' title='bbox 169 628 235 680; x_wconf 92' lang='lat' dir='ltr'><strong>tuor</strong></span> <span class='ocrx_word' id='word_1_26' title='bbox 257 627 286 678; x_wconf 91' lang='lat' dir='ltr'><strong>et</strong></span> <span class='ocrx_word' id='word_1_27' title='bbox 307 619 457 696; x_wconf 81' lang='lat' dir='ltr'><strong>sexaginta</strong></span> <span class='ocrx_word' id='word_1_28' title='bbox 481 616 635 679; x_wconf 82' lang='lat' dir='ltr'><strong>Galliarum</strong></span> <span class='ocrx_word' id='word_1_29' title='bbox 658 615 789 675; x_wconf 87' lang='lat' dir='ltr'><strong>civitates</strong></span> <span class='ocrx_word' id='word_1_30' title='bbox 805 614 983 693; x_wconf 82' lang='lat' dir='ltr'><strong>descivisse,</strong></span> <span class='ocrx_word' id='word_1_31' title='bbox 1004 617 1172 698; x_wconf 88' lang='lat' dir='ltr'><strong>adsumptos</strong></span> <span class='ocrx_word' id='word_1_32' title='bbox 1261 647 1262 700; x_wconf 50' lang='grc'><strong>1</strong></span> 
     </span>
     <span class='ocr_line' id='line_1_6' title="bbox 169 697 1262 778; baseline 0 -16"><span class='ocrx_word' id='word_1_33' title='bbox 169 704 197 764; x_wconf 89' lang='lat' dir='ltr'><strong>in</strong></span> <span class='ocrx_word' id='word_1_34' title='bbox 216 703 387 764; x_wconf 88' lang='lat' dir='ltr'><strong>societatem</strong></span> <span class='ocrx_word' id='word_1_35' title='bbox 408 699 582 776; x_wconf 82' lang='lat' dir='ltr'><strong>Germanos,</strong></span> <span class='ocrx_word' id='word_1_36' title='bbox 605 698 706 760; x_wconf 91' lang='lat' dir='ltr'><strong>dubias</strong></span> <span class='ocrx_word' id='word_1_37' title='bbox 727 697 897 777; x_wconf 80' lang='lat' dir='ltr'>Hispanias,</span> <span class='ocrx_word' id='word_1_38' title='bbox 921 708 1042 778; x_wconf 90' lang='lat' dir='ltr'><strong>cuncta,</strong></span> <span class='ocrx_word' id='word_1_39' title='bbox 1062 710 1093 762; x_wconf 92' lang='lat' dir='ltr'><strong>ut</strong></span> <span class='ocrx_word' id='word_1_40' title='bbox 1108 719 1172 764; x_wconf 91' lang='lat' dir='ltr'><strong>mos</strong></span> <span class='ocrx_word' id='word_1_41' title='bbox 1261 709 1262 774; x_wconf 91' lang='grc'><strong>1</strong></span> 
     </span>
    </p>
   </div>
   <div class='ocr_carea' id='block_1_5' title="bbox 92 783 1172 1369">
    <p class='ocr_par' dir='ltr' id='par_1_5' title="bbox 92 783 1172 1369">
     <span class='ocr_line' id='line_1_7' title="bbox 169 783 1172 864; baseline 0 -17"><span class='ocrx_word' id='word_1_42' title='bbox 169 787 275 861; x_wconf 86' lang='lat' dir='ltr'><strong>lamae,</strong></span> <span class='ocrx_word' id='word_1_43' title='bbox 293 786 322 846; x_wconf 97' lang='lat' dir='ltr'><strong>in</strong></span> <span class='ocrx_word' id='word_1_44' title='bbox 336 786 426 847; x_wconf 88' lang='lat' dir='ltr'><strong>maius</strong></span> <span class='ocrx_word' id='word_1_45' title='bbox 443 785 563 846; x_wconf 89' lang='lat' dir='ltr'><strong>credita.</strong></span> <span class='ocrx_word' id='word_1_46' title='bbox 596 783 729 864; x_wconf 88' lang='lat' dir='ltr'><strong>optumus</strong></span> <span class='ocrx_word' id='word_1_47' title='bbox 744 783 868 862; x_wconf 88' lang='lat' dir='ltr'><strong>quisque</strong></span> <span class='ocrx_word' id='word_1_48' title='bbox 890 783 1086 863; x_wconf 88' lang='lat' dir='ltr'><strong>reipublicae</strong></span> <span class='ocrx_word' id='word_1_49' title='bbox 1103 803 1172 847; x_wconf 90' lang='lat' dir='ltr'><strong>cura</strong></span> 
     </span>
     <span class='ocr_line' id='line_1_8' title="bbox 147 866 1172 948; baseline 0 -18"><span class='ocrx_word' id='word_1_50' title='bbox 147 869 334 931; x_wconf 79' lang='lat' dir='ltr'><strong>tmaerebat:</strong></span> <span class='ocrx_word' id='word_1_51' title='bbox 347 869 428 930; x_wconf 91' lang='lat' dir='ltr'><strong>multi</strong></span> <span class='ocrx_word' id='word_1_52' title='bbox 444 868 512 930; x_wconf 95' lang='lat' dir='ltr'><strong>odio</strong></span> <span class='ocrx_word' id='word_1_53' title='bbox 528 868 724 948; x_wconf 88' lang='lat' dir='ltr'><strong>praesentium</strong></span> <span class='ocrx_word' id='word_1_54' title='bbox 739 875 768 927; x_wconf 91' lang='lat' dir='ltr'><strong>et</strong></span> <span class='ocrx_word' id='word_1_55' title='bbox 783 866 918 946; x_wconf 88' lang='lat' dir='ltr'><strong>cupidine</strong></span> <span class='ocrx_word' id='word_1_56' title='bbox 933 869 1097 930; x_wconf 77' lang='lat' dir='ltr'><strong>mutationis</strong></span> <span class='ocrx_word' id='word_1_57' title='bbox 1112 871 1172 930; x_wconf 88' lang='lat' dir='ltr'><strong>suls</strong></span> 
     </span>
     <span class='ocr_line' id='line_1_9' title="bbox 170 949 1170 1034; baseline 0 -20"><span class='ocrx_word' id='word_1_58' title='bbox 170 971 288 1034; x_wconf 87' lang='lat' dir='ltr'><strong>quoque</strong></span> <span class='ocrx_word' id='word_1_59' title='bbox 298 952 438 1033; x_wconf 87' lang='lat' dir='ltr'><strong>periculis</strong></span> <span class='ocrx_word' id='word_1_60' title='bbox 452 951 643 1026; x_wconf 88' lang='lat' dir='ltr'><strong>laetabantur,</strong></span> <span class='ocrx_word' id='word_1_61' title='bbox 658 949 907 1030; x_wconf 75' lang='lat' dir='ltr'><strong>increpabantque</strong></span> <span class='ocrx_word' id='word_1_62' title='bbox 919 951 1077 1034; x_wconf 80' lang='lat' dir='ltr'><strong>liberium,</strong></span> <span class='ocrx_word' id='word_1_63' title='bbox 1094 954 1170 1034; x_wconf 93' lang='lat' dir='ltr'><strong>quod</strong></span> 
     </span>
     <span class='ocr_line' id='line_1_10' title="bbox 169 1035 1167 1118; baseline -0.003 -20"><span class='ocrx_word' id='word_1_64' title='bbox 169 1037 198 1098; x_wconf 92' lang='lat' dir='ltr'><strong>iu</strong></span> <span class='ocrx_word' id='word_1_65' title='bbox 218 1045 298 1098; x_wconf 91' lang='lat' dir='ltr'><strong>tanto</strong></span> <span class='ocrx_word' id='word_1_66' title='bbox 319 1055 415 1099; x_wconf 87' lang='lat' dir='ltr'><strong>rernm</strong></span> <span class='ocrx_word' id='word_1_67' title='bbox 435 1045 513 1096; x_wconf 90' lang='lat' dir='ltr'><strong>motu</strong></span> <span class='ocrx_word' id='word_1_68' title='bbox 528 1035 638 1097; x_wconf 81' lang='lat' dir='ltr'><strong>libellis</strong></span> <span class='ocrx_word' id='word_1_69' title='bbox 653 1043 853 1118; x_wconf 85' lang='lat' dir='ltr'><strong>accusatorum</strong></span> <span class='ocrx_word' id='word_1_70' title='bbox 868 1037 1025 1098; x_wconf 82' lang='lat' dir='ltr'><strong>insumeret</strong></span> <span class='ocrx_word' id='word_1_71' title='bbox 1041 1053 1167 1117; x_wconf 89' lang='lat' dir='ltr'><strong>operam.</strong></span> 
     </span>
     <span class='ocr_line' id='line_1_11' title="bbox 92 1117 1170 1183; baseline -0.002 -1"><span class='ocrx_word' id='word_1_72' title='bbox 92 1130 96 1145; x_wconf 88' lang='lat'><em>&#39;</em></span> <span class='ocrx_word' id='word_1_73' title='bbox 169 1140 205 1183; x_wconf 89' lang='lat' dir='ltr'><strong>an</strong></span> <span class='ocrx_word' id='word_1_74' title='bbox 252 1119 436 1181; x_wconf 83' lang='lat' dir='ltr'><strong>Sacrovirum</strong></span> <span class='ocrx_word' id='word_1_75' title='bbox 467 1117 627 1180; x_wconf 90' lang='lat' dir='ltr'><strong>maiestatis</strong></span> <span class='ocrx_word' id='word_1_76' title='bbox 673 1120 789 1180; x_wconf 86' lang='lat' dir='ltr'><strong>crimina</strong></span> <span class='ocrx_word' id='word_1_77' title='bbox 812 1137 893 1182; x_wconf 87' lang='lat' dir='ltr'><strong>reum</strong></span> <span class='ocrx_word' id='word_1_78' title='bbox 914 1121 943 1180; x_wconf 95' lang='lat' dir='ltr'><strong>ln</strong></span> <span class='ocrx_word' id='word_1_79' title='bbox 964 1129 1065 1182; x_wconf 91' lang='lat' dir='ltr'><strong>senatu</strong></span> <span class='ocrx_word' id='word_1_80' title='bbox 1086 1118 1170 1183; x_wconf 89' lang='lat' dir='ltr'><strong>iore&#39;i</strong></span> 
     </span>
     <span class='ocr_line' id='line_1_12' title="bbox 170 1203 1171 1283; baseline -0.001 -17"><span class='ocrx_word' id='word_1_81' title='bbox 170 1205 303 1266; x_wconf 84' lang='lat' dir='ltr'><strong>extitisse</strong></span> <span class='ocrx_word' id='word_1_82' title='bbox 319 1204 434 1265; x_wconf 89' lang='lat' dir='ltr'><strong>tandem</strong></span> <span class='ocrx_word' id='word_1_83' title='bbox 452 1205 549 1280; x_wconf 85' lang='lat' dir='ltr'><strong>viros,</strong></span> <span class='ocrx_word' id='word_1_84' title='bbox 569 1205 620 1283; x_wconf 90' lang='lat' dir='ltr'><strong>qni</strong></span> <span class='ocrx_word' id='word_1_85' title='bbox 637 1212 771 1264; x_wconf 88' lang='lat' dir='ltr'><strong>cruentas</strong></span> <span class='ocrx_word' id='word_1_86' title='bbox 788 1203 929 1283; x_wconf 79' lang='lat' dir='ltr'><strong>epistulas</strong></span> <span class='ocrx_word' id='word_1_87' title='bbox 950 1205 1037 1266; x_wconf 89' lang='lat' dir='ltr'><strong>armis</strong></span> <span class='ocrx_word' id='word_1_88' title='bbox 1052 1205 1171 1266; x_wconf 89' lang='lat' dir='ltr'><strong>cobibe·</strong></span> 
     </span>
     <span class='ocr_line' id='line_1_13' title="bbox 137 1286 1172 1369; baseline -0.001 -19"><span class='ocrx_word' id='word_1_89' title='bbox 137 1299 160 1339; x_wconf 87' lang='lat'><strong>1⁰</strong></span> <span class='ocrx_word' id='word_1_90' title='bbox 169 1298 244 1350; x_wconf 87' lang='lat' dir='ltr'><strong>rent.</strong></span> <span class='ocrx_word' id='word_1_91' title='bbox 274 1288 408 1350; x_wconf 84' lang='lat' dir='ltr'><strong>miseram</strong></span> <span class='ocrx_word' id='word_1_92' title='bbox 422 1305 525 1368; x_wconf 89' lang='lat' dir='ltr'><strong>paoem</strong></span> <span class='ocrx_word' id='word_1_93' title='bbox 537 1288 586 1349; x_wconf 88' lang='lat' dir='ltr'><strong>rel</strong></span> <span class='ocrx_word' id='word_1_94' title='bbox 600 1286 681 1348; x_wconf 90' lang='lat' dir='ltr'><strong>bello</strong></span> <span class='ocrx_word' id='word_1_95' title='bbox 698 1287 774 1348; x_wconf 92' lang='lat' dir='ltr'><strong>bene</strong></span> <span class='ocrx_word' id='word_1_96' title='bbox 789 1286 901 1348; x_wconf 86' lang='lat' dir='ltr'><strong>mutari.</strong></span> <span class='ocrx_word' id='word_1_97' title='bbox 931 1297 1011 1350; x_wconf 91' lang='lat' dir='ltr'><strong>tanto</strong></span> <span class='ocrx_word' id='word_1_98' title='bbox 1024 1289 1172 1369; x_wconf 83' lang='lat' dir='ltr'><strong>inpensius</strong></span> 
     </span>
    </p>
   </div>
   <div class='ocr_carea' id='block_1_6' title="bbox 169 1365 1262 1537">
    <p class='ocr_par' dir='ltr' id='par_1_6' title="bbox 169 1365 1262 1537">
     <span class='ocr_line' id='line_1_14' title="bbox 169 1365 1262 1452; baseline -0.001 -18"><span class='ocrx_word' id='word_1_99' title='bbox 169 1375 197 1434; x_wconf 92' lang='lat' dir='ltr'><strong>in</strong></span> <span class='ocrx_word' id='word_1_100' title='bbox 213 1367 397 1434; x_wconf 82' lang='lat' dir='ltr'><strong>securitatem</strong></span> <span class='ocrx_word' id='word_1_101' title='bbox 413 1373 599 1452; x_wconf 90' lang='lat' dir='ltr'><strong>conpositus,</strong></span> <span class='ocrx_word' id='word_1_102' title='bbox 621 1369 717 1452; x_wconf 80' lang='lat' dir='ltr'><strong>nequ&#39;e</strong></span> <span class='ocrx_word' id='word_1_103' title='bbox 741 1372 808 1432; x_wconf 91' lang='lat' dir='ltr'><strong>loco</strong></span> <span class='ocrx_word' id='word_1_104' title='bbox 829 1388 925 1451; x_wconf 87' lang='lat' dir='ltr'><strong>neque</strong></span> <span class='ocrx_word' id='word_1_105' title='bbox 948 1372 1029 1434; x_wconf 83' lang='lat' dir='ltr'><strong>uultu</strong></span> <span class='ocrx_word' id='word_1_106' title='bbox 1050 1381 1169 1450; x_wconf 87' lang='lat' dir='ltr'><strong>mutato,</strong></span> <span class='ocrx_word' id='word_1_107' title='bbox 1261 1365 1262 1442; x_wconf 56' lang='grc' dir='ltr'>ᾗ</span> 
     </span>
     <span class='ocr_line' id='line_1_15' title="bbox 169 1453 1262 1537; baseline 0.001 -21"><span class='ocrx_word' id='word_1_108' title='bbox 169 1458 222 1516; x_wconf 90' lang='lat' dir='ltr'><strong>sed</strong></span> <span class='ocrx_word' id='word_1_109' title='bbox 237 1465 268 1516; x_wconf 92' lang='lat' dir='ltr'><strong>ut</strong></span> <span class='ocrx_word' id='word_1_110' title='bbox 283 1453 399 1517; x_wconf 90' lang='lat' dir='ltr'><strong>solitum</strong></span> <span class='ocrx_word' id='word_1_111' title='bbox 413 1474 467 1535; x_wconf 90' lang='lat' dir='ltr'><strong>per</strong></span> <span class='ocrx_word' id='word_1_112' title='bbox 479 1455 548 1517; x_wconf 94' lang='lat' dir='ltr'><strong>illos</strong></span> <span class='ocrx_word' id='word_1_113' title='bbox 563 1456 624 1516; x_wconf 90' lang='lat' dir='ltr'><strong>dies</strong></span> <span class='ocrx_word' id='word_1_114' title='bbox 642 1455 712 1534; x_wconf 85' lang='lat' dir='ltr'><strong>egit,</strong></span> <span class='ocrx_word' id='word_1_115' title='bbox 728 1455 878 1516; x_wconf 85' lang='lat' dir='ltr'><strong>altitudine</strong></span> <span class='ocrx_word' id='word_1_116' title='bbox 893 1456 994 1536; x_wconf 87' lang='lat' dir='ltr'><strong>animi,</strong></span> <span class='ocrx_word' id='word_1_117' title='bbox 1010 1475 1046 1518; x_wconf 93' lang='lat' dir='ltr'><strong>an</strong></span> <span class='ocrx_word' id='word_1_118' title='bbox 1061 1474 1169 1537; x_wconf 88' lang='lat' dir='ltr'><strong>conpe-</strong></span> <span class='ocrx_word' id='word_1_119' title='bbox 1261 1499 1262 1508; x_wconf 50' lang='lat'>2</span> 
     </span>
    </p>
   </div>
   <div class='ocr_carea' id='block_1_7' title="bbox 170 1538 781 1618">
    <p class='ocr_par' dir='ltr' id='par_1_7' title="bbox 170 1538 781 1618">
     <span class='ocr_line' id='line_1_16' title="bbox 170 1538 781 1618; baseline 0.003 -18"><span class='ocrx_word' id='word_1_120' title='bbox 170 1550 246 1601; x_wconf 89' lang='lat' dir='ltr'><strong>rerat</strong></span> <span class='ocrx_word' id='word_1_121' title='bbox 260 1541 374 1602; x_wconf 88' lang='lat' dir='ltr'><strong>modica</strong></span> <span class='ocrx_word' id='word_1_122' title='bbox 390 1558 457 1601; x_wconf 88' lang='lat' dir='ltr'><strong>esse</strong></span> <span class='ocrx_word' id='word_1_123' title='bbox 475 1549 504 1601; x_wconf 92' lang='lat' dir='ltr'><strong>et</strong></span> <span class='ocrx_word' id='word_1_124' title='bbox 519 1538 644 1618; x_wconf 86' lang='lat' dir='ltr'><strong>vulgatis</strong></span> <span class='ocrx_word' id='word_1_125' title='bbox 660 1539 781 1602; x_wconf 83' lang='lat' dir='ltr'><strong>leviora.</strong></span> 
     </span>
    </p>
   </div>
   <div class='ocr_carea' id='block_1_8' title="bbox 231 1622 1169 1704">
    <p class='ocr_par' dir='ltr' id='par_1_8' title="bbox 231 1591 1262 1704">
     <span class='ocr_line' id='line_1_17' title="bbox 231 1622 1169 1704; baseline -0.001 -19"><span class='ocrx_word' id='word_1_126' title='bbox 231 1625 283 1686; x_wconf 86' lang='grc'><strong>45.</strong></span> <span class='ocrx_word' id='word_1_127' title='bbox 309 1623 427 1684; x_wconf 90' lang='lat' dir='ltr'><strong>lnterim</strong></span> <span class='ocrx_word' id='word_1_128' title='bbox 441 1623 528 1684; x_wconf 87' lang='lat' dir='ltr'><strong>Silius</strong></span> <span class='ocrx_word' id='word_1_129' title='bbox 545 1641 609 1683; x_wconf 91' lang='lat' dir='ltr'><strong>cum</strong></span> <span class='ocrx_word' id='word_1_130' title='bbox 620 1623 784 1702; x_wconf 71' lang='lat' dir='ltr'><strong>legionibus</strong></span> <span class='ocrx_word' id='word_1_131' title='bbox 796 1622 906 1686; x_wconf 89' lang='lat' dir='ltr'><strong>duabus</strong></span> <span class='ocrx_word' id='word_1_132' title='bbox 919 1623 1068 1704; x_wconf 78' lang='lat' dir='ltr'><strong>incedens,</strong></span> <span class='ocrx_word' id='word_1_133' title='bbox 1084 1643 1169 1704; x_wconf 89' lang='lat' dir='ltr'><strong>prae·</strong></span> 
     </span>
    </p>
   </div>
   <div class='ocr_carea' id='block_1_9' title="bbox 168 1707 1173 1953">
    <p class='ocr_par' dir='ltr' id='par_1_9' title="bbox 168 1707 1173 1953">
     <span class='ocr_line' id='line_1_18' title="bbox 169 1707 1171 1789; baseline 0.002 -21"><span class='ocrx_word' id='word_1_134' title='bbox 169 1709 255 1768; x_wconf 89' lang='lat' dir='ltr'><strong>missa</strong></span> <span class='ocrx_word' id='word_1_135' title='bbox 278 1707 409 1768; x_wconf 86' lang='lat' dir='ltr'><strong>auxiliari</strong></span> <span class='ocrx_word' id='word_1_136' title='bbox 429 1725 512 1768; x_wconf 91' lang='lat' dir='ltr'><strong>manu</strong></span> <span class='ocrx_word' id='word_1_137' title='bbox 533 1715 627 1768; x_wconf 88' lang='lat' dir='ltr'><strong>vastat</strong></span> <span class='ocrx_word' id='word_1_138' title='bbox 645 1707 844 1786; x_wconf 87' lang='lat' dir='ltr'><strong>Sequanomm</strong></span> <span class='ocrx_word' id='word_1_139' title='bbox 866 1724 976 1786; x_wconf 89' lang='lat' dir='ltr'><strong>pagos,</strong></span> <span class='ocrx_word' id='word_1_140' title='bbox 1007 1710 1055 1789; x_wconf 93' lang='lat' dir='ltr'><strong>qui</strong></span> <span class='ocrx_word' id='word_1_141' title='bbox 1076 1709 1171 1770; x_wconf 90' lang='lat' dir='ltr'><strong>linium</strong></span> 
     </span>
     <span class='ocr_line' id='line_1_19' title="bbox 170 1789 1173 1871; baseline 0.004 -21"><span class='ocrx_word' id='word_1_142' title='bbox 170 1791 292 1850; x_wconf 85' lang='lat' dir='ltr'><strong>extremi</strong></span> <span class='ocrx_word' id='word_1_143' title='bbox 311 1799 341 1850; x_wconf 90' lang='lat' dir='ltr'><strong>et</strong></span> <span class='ocrx_word' id='word_1_144' title='bbox 355 1789 469 1850; x_wconf 78' lang='lat' dir='ltr'><strong>Aeduis</strong></span> <span class='ocrx_word' id='word_1_145' title='bbox 489 1791 659 1851; x_wconf 86' lang='lat' dir='ltr'><strong>contermini</strong></span> <span class='ocrx_word' id='word_1_146' title='bbox 682 1791 814 1871; x_wconf 88' lang='lat' dir='ltr'><strong>sociique</strong></span> <span class='ocrx_word' id='word_1_147' title='bbox 835 1791 864 1852; x_wconf 90' lang='lat' dir='ltr'><strong>iu</strong></span> <span class='ocrx_word' id='word_1_148' title='bbox 880 1792 966 1852; x_wconf 87' lang='lat' dir='ltr'><strong>armis</strong></span> <span class='ocrx_word' id='word_1_149' title='bbox 982 1801 1073 1854; x_wconf 86' lang='lat' dir='ltr'><strong>eraut.</strong></span> <span class='ocrx_word' id='word_1_150' title='bbox 1102 1811 1173 1854; x_wconf 83' lang='lat' dir='ltr'><strong>mox</strong></span> 
     </span>
     <span class='ocr_line' id='line_1_20' title="bbox 168 1873 1172 1953; baseline 0.007 -21"><span class='ocrx_word' id='word_1_151' title='bbox 168 1873 407 1951; x_wconf 81' lang='lat' dir='ltr'><strong>Augustodunum</strong></span> <span class='ocrx_word' id='word_1_152' title='bbox 428 1873 500 1952; x_wconf 88' lang='lat' dir='ltr'><strong>petit</strong></span> <span class='ocrx_word' id='word_1_153' title='bbox 521 1890 651 1953; x_wconf 86' lang='lat' dir='ltr'><strong>propero</strong></span> <span class='ocrx_word' id='word_1_154' title='bbox 674 1876 805 1952; x_wconf 84' lang='lat' dir='ltr'><strong>agmine,</strong></span> <span class='ocrx_word' id='word_1_155' title='bbox 833 1875 1011 1936; x_wconf 89' lang='lat' dir='ltr'><strong>certantibus</strong></span> <span class='ocrx_word' id='word_1_156' title='bbox 1036 1877 1112 1938; x_wconf 92' lang='lat' dir='ltr'><strong>inter</strong></span> <span class='ocrx_word' id='word_1_157' title='bbox 1137 1896 1172 1939; x_wconf 92' lang='lat' dir='ltr'><strong>se</strong></span> 
     </span>
    </p>
   </div>
   <div class='ocr_carea' id='block_1_10' title="bbox 143 1955 1262 2209">
    <p class='ocr_par' dir='ltr' id='par_1_10' title="bbox 143 1955 1262 2209">
     <span class='ocr_line' id='line_1_21' title="bbox 144 1955 1262 2042; baseline 0.01 -31"><span class='ocrx_word' id='word_1_158' title='bbox 144 1970 156 2010; x_wconf 83' lang='lat' dir='ltr'><strong>n</strong></span> <span class='ocrx_word' id='word_1_159' title='bbox 169 1956 325 2036; x_wconf 78' lang='lat' dir='ltr'><strong>signiferis,</strong></span> <span class='ocrx_word' id='word_1_160' title='bbox 339 1955 481 2018; x_wconf 80' lang='lat' dir='ltr'><strong>fremente</strong></span> <span class='ocrx_word' id='word_1_161' title='bbox 493 1957 579 2018; x_wconf 89' lang='lat' dir='ltr'><strong>etiam</strong></span> <span class='ocrx_word' id='word_1_162' title='bbox 590 1958 728 2036; x_wconf 86' lang='lat' dir='ltr'><strong>gregario</strong></span> <span class='ocrx_word' id='word_1_163' title='bbox 737 1957 838 2037; x_wconf 85' lang='lat' dir='ltr'><strong>milite,</strong></span> <span class='ocrx_word' id='word_1_164' title='bbox 854 1977 892 2018; x_wconf 91' lang='lat' dir='ltr'><strong>uc</strong></span> <span class='ocrx_word' id='word_1_165' title='bbox 904 1969 1016 2023; x_wconf 88' lang='lat' dir='ltr'><strong>suetam</strong></span> <span class='ocrx_word' id='word_1_166' title='bbox 1027 1962 1172 2042; x_wconf 78' lang='lat' dir='ltr'><strong>requiem,</strong></span> <span class='ocrx_word' id='word_1_167' title='bbox 1261 2017 1262 2022; x_wconf 73' lang='grc'>,</span> 
     </span>
     <span class='ocr_line' id='line_1_22' title="bbox 168 2041 1262 2120; baseline 0.006 -20"><span class='ocrx_word' id='word_1_168' title='bbox 168 2059 205 2100; x_wconf 92' lang='lat' dir='ltr'><strong>ne</strong></span> <span class='ocrx_word' id='word_1_169' title='bbox 229 2041 323 2120; x_wconf 88' lang='lat' dir='ltr'><strong>spatia</strong></span> <span class='ocrx_word' id='word_1_170' title='bbox 341 2041 467 2102; x_wconf 90' lang='lat' dir='ltr'><strong>noctium</strong></span> <span class='ocrx_word' id='word_1_171' title='bbox 489 2041 691 2120; x_wconf 86' lang='lat' dir='ltr'><strong>opperiretur:</strong></span> <span class='ocrx_word' id='word_1_172' title='bbox 714 2042 846 2105; x_wconf 84' lang='lat' dir='ltr'><strong>viderent</strong></span> <span class='ocrx_word' id='word_1_173' title='bbox 867 2043 953 2104; x_wconf 90' lang='lat' dir='ltr'><strong>modo</strong></span> <span class='ocrx_word' id='word_1_174' title='bbox 976 2043 1119 2106; x_wconf 83' lang='lat' dir='ltr'><strong>adsersus</strong></span> <span class='ocrx_word' id='word_1_175' title='bbox 1143 2055 1171 2106; x_wconf 91' lang='lat' dir='ltr'><strong>et</strong></span> <span class='ocrx_word' id='word_1_176' title='bbox 1261 2061 1262 2118; x_wconf 72' lang='grc' dir='ltr'>ξ</span> 
     </span>
     <span class='ocr_line' id='line_1_23' title="bbox 143 2123 1262 2209; baseline 0.004 -24"><span class='ocrx_word' id='word_1_177' title='bbox 143 2157 145 2162; x_wconf 83' lang='grc'><strong><em>·</em></strong></span> <span class='ocrx_word' id='word_1_178' title='bbox 168 2124 383 2203; x_wconf 82' lang='lat' dir='ltr'><strong>aspicerentur;</strong></span> <span class='ocrx_word' id='word_1_179' title='bbox 404 2123 433 2184; x_wconf 94' lang='lat' dir='ltr'><strong>id</strong></span> <span class='ocrx_word' id='word_1_180' title='bbox 453 2125 523 2185; x_wconf 89' lang='lat' dir='ltr'><strong>satis</strong></span> <span class='ocrx_word' id='word_1_181' title='bbox 547 2125 583 2186; x_wconf 90' lang='lat' dir='ltr'><strong>ad</strong></span> <span class='ocrx_word' id='word_1_182' title='bbox 604 2125 764 2186; x_wconf 86' lang='lat' dir='ltr'><strong>victoriam.</strong></span> <span class='ocrx_word' id='word_1_183' title='bbox 794 2125 994 2188; x_wconf 88' lang='lat' dir='ltr'><strong>duodecimum</strong></span> <span class='ocrx_word' id='word_1_184' title='bbox 1008 2129 1085 2208; x_wconf 90' lang='lat' dir='ltr'><strong>apud</strong></span> <span class='ocrx_word' id='word_1_185' title='bbox 1098 2128 1171 2209; x_wconf 90' lang='lat' dir='ltr'><strong>lapi·</strong></span> <span class='ocrx_word' id='word_1_186' title='bbox 1261 2141 1262 2180; x_wconf 77' lang='grc'><strong>1</strong></span> 
     </span>
    </p>
   </div>
   <div class='ocr_carea' id='block_1_11' title="bbox 169 2208 1262 2290">
    <p class='ocr_par' dir='ltr' id='par_1_11' title="bbox 169 2208 1262 2290">
     <span class='ocr_line' id='line_1_24' title="bbox 169 2208 1262 2290; baseline 0 -22"><span class='ocrx_word' id='word_1_187' title='bbox 169 2208 233 2268; x_wconf 93' lang='lat' dir='ltr'><strong>dem</strong></span> <span class='ocrx_word' id='word_1_188' title='bbox 244 2208 383 2270; x_wconf 74' lang='lat' dir='ltr'><strong>Sacrovir</strong></span> <span class='ocrx_word' id='word_1_189' title='bbox 398 2209 562 2289; x_wconf 82' lang='lat' dir='ltr'><strong>copiaeque</strong></span> <span class='ocrx_word' id='word_1_190' title='bbox 574 2209 739 2290; x_wconf 91' lang='lat' dir='ltr'><strong>patentibus</strong></span> <span class='ocrx_word' id='word_1_191' title='bbox 751 2210 825 2271; x_wconf 88' lang='lat' dir='ltr'><strong>locis</strong></span> <span class='ocrx_word' id='word_1_192' title='bbox 836 2228 1011 2290; x_wconf 86' lang='lat' dir='ltr'><strong>apparuere.</strong></span> <span class='ocrx_word' id='word_1_193' title='bbox 1031 2214 1061 2273; x_wconf 90' lang='lat' dir='ltr'><strong>in</strong></span> <span class='ocrx_word' id='word_1_194' title='bbox 1075 2212 1171 2273; x_wconf 87' lang='lat' dir='ltr'><strong>ironte</strong></span> <span class='ocrx_word' id='word_1_195' title='bbox 1261 2219 1262 2268; x_wconf 85' lang='lat' dir='ltr'><strong>l</strong></span> 
     </span>
    </p>
   </div>
   <div class='ocr_carea' id='block_1_12' title="bbox 135 2292 1172 2458">
    <p class='ocr_par' dir='ltr' id='par_1_12' title="bbox 135 2292 1172 2458">
     <span class='ocr_line' id='line_1_25' title="bbox 168 2292 1170 2373; baseline 0.004 -21"><span class='ocrx_word' id='word_1_196' title='bbox 168 2300 307 2354; x_wconf 89' lang='lat' dir='ltr'><strong>statuerat</strong></span> <span class='ocrx_word' id='word_1_197' title='bbox 320 2293 463 2371; x_wconf 79' lang='lat' dir='ltr'><strong>ferratos,</strong></span> <span class='ocrx_word' id='word_1_198' title='bbox 487 2292 515 2352; x_wconf 90' lang='lat' dir='ltr'><strong>in</strong></span> <span class='ocrx_word' id='word_1_199' title='bbox 531 2293 668 2354; x_wconf 86' lang='lat' dir='ltr'><strong>cornibus</strong></span> <span class='ocrx_word' id='word_1_200' title='bbox 684 2294 839 2373; x_wconf 87' lang='lat' dir='ltr'><strong>cohortes,</strong></span> <span class='ocrx_word' id='word_1_201' title='bbox 861 2312 877 2356; x_wconf 91' lang='lat' dir='ltr'><strong>a</strong></span> <span class='ocrx_word' id='word_1_202' title='bbox 894 2304 980 2373; x_wconf 88' lang='lat' dir='ltr'><strong>tergo</strong></span> <span class='ocrx_word' id='word_1_203' title='bbox 999 2314 1170 2358; x_wconf 88' lang='lat' dir='ltr'><strong>semermos.</strong></span> 
     </span>
     <span class='ocr_line' id='line_1_26' title="bbox 135 2376 1172 2458; baseline 0.007 -24"><span class='ocrx_word' id='word_1_204' title='bbox 135 2376 233 2454; x_wconf 84' lang='lat' dir='ltr'><strong>ttipse</strong></span> <span class='ocrx_word' id='word_1_205' title='bbox 254 2377 330 2437; x_wconf 89' lang='lat' dir='ltr'><strong>inter</strong></span> <span class='ocrx_word' id='word_1_206' title='bbox 353 2377 496 2455; x_wconf 83' lang='lat' dir='ltr'><strong>primores</strong></span> <span class='ocrx_word' id='word_1_207' title='bbox 518 2394 595 2457; x_wconf 93' lang='lat' dir='ltr'><strong>equo</strong></span> <span class='ocrx_word' id='word_1_208' title='bbox 622 2378 727 2456; x_wconf 80' lang='lat' dir='ltr'><strong>insigni</strong></span> <span class='ocrx_word' id='word_1_209' title='bbox 744 2378 842 2458; x_wconf 87' lang='lat' dir='ltr'><strong>adire,</strong></span> <span class='ocrx_word' id='word_1_210' title='bbox 866 2395 1028 2440; x_wconf 87' lang='lat' dir='ltr'><strong>memorare</strong></span> <span class='ocrx_word' id='word_1_211' title='bbox 1051 2389 1172 2442; x_wconf 90' lang='lat' dir='ltr'><strong>veteres</strong></span> 
     </span>
    </p>
   </div>
   <div class='ocr_carea' id='block_1_13' title="bbox 167 2457 1229 2623">
    <p class='ocr_par' dir='ltr' id='par_1_13' title="bbox 167 2443 1262 2623">
     <span class='ocr_line' id='line_1_27' title="bbox 168 2457 1229 2543; baseline 0.004 -23"><span class='ocrx_word' id='word_1_212' title='bbox 168 2457 315 2522; x_wconf 81' lang='lat' dir='ltr'><strong>Gallorum</strong></span> <span class='ocrx_word' id='word_1_213' title='bbox 328 2459 437 2537; x_wconf 88' lang='lat' dir='ltr'><strong>glorias</strong></span> <span class='ocrx_word' id='word_1_214' title='bbox 451 2477 586 2540; x_wconf 86' lang='lat' dir='ltr'><strong>quaeque</strong></span> <span class='ocrx_word' id='word_1_215' title='bbox 598 2461 735 2522; x_wconf 87' lang='lat' dir='ltr'><strong>Romanis</strong></span> <span class='ocrx_word' id='word_1_216' title='bbox 748 2462 872 2524; x_wconf 81' lang='lat' dir='ltr'><strong>adversa</strong></span> <span class='ocrx_word' id='word_1_217' title='bbox 889 2461 1067 2534; x_wconf 87' lang='lat' dir='ltr'><strong>intulissent;</strong></span> <span class='ocrx_word' id='word_1_218' title='bbox 1084 2480 1171 2543; x_wconf 88' lang='lat' dir='ltr'><strong>qnam</strong></span> <span class='ocrx_word' id='word_1_219' title='bbox 1227 2485 1229 2488; x_wconf 50' lang='lat'><em>⁴</em></span> 
     </span>
     <span class='ocr_line' id='line_1_28' title="bbox 167 2542 1172 2623; baseline 0.007 -21"><span class='ocrx_word' id='word_1_220' title='bbox 167 2543 276 2602; x_wconf 85' lang='lat' dir='ltr'><strong>decora</strong></span> <span class='ocrx_word' id='word_1_221' title='bbox 284 2542 443 2604; x_wconf 81' lang='lat' dir='ltr'><strong>victoribus</strong></span> <span class='ocrx_word' id='word_1_222' title='bbox 454 2543 586 2622; x_wconf 89' lang='lat' dir='ltr'><strong>libertas,</strong></span> <span class='ocrx_word' id='word_1_223' title='bbox 599 2554 706 2623; x_wconf 85' lang='lat' dir='ltr'><strong>quanto</strong></span> <span class='ocrx_word' id='word_1_224' title='bbox 718 2545 918 2608; x_wconf 87' lang='lat' dir='ltr'><strong>intolerantior</strong></span> <span class='ocrx_word' id='word_1_225' title='bbox 931 2547 1054 2607; x_wconf 87' lang='lat' dir='ltr'><strong>servitus</strong></span> <span class='ocrx_word' id='word_1_226' title='bbox 1066 2546 1172 2609; x_wconf 92' lang='lat' dir='ltr'><strong>iterum</strong></span> 
     </span>
    </p>
   </div>
   <div class='ocr_carea' id='block_1_14' title="bbox 167 2625 261 2685">
    <p class='ocr_par' dir='ltr' id='par_1_14' title="bbox 167 2625 261 2685">
     <span class='ocr_line' id='line_1_29' title="bbox 167 2625 261 2685; baseline 0.021 -3"><span class='ocrx_word' id='word_1_227' title='bbox 167 2625 261 2685; x_wconf 87' lang='lat' dir='ltr'><strong>victis.</strong></span> 
     </span>
    </p>
   </div>
   <div class='ocr_carea' id='block_1_15' title="bbox 229 2709 1171 2795">
    <p class='ocr_par' dir='ltr' id='par_1_15' title="bbox 229 2669 1262 2795">
     <span class='ocr_line' id='line_1_30' title="bbox 229 2709 1171 2795; baseline 0.005 -25"><span class='ocrx_word' id='word_1_228' title='bbox 229 2710 279 2771; x_wconf 91' lang='grc'><strong>46.</strong></span> <span class='ocrx_word' id='word_1_229' title='bbox 302 2709 368 2770; x_wconf 89' lang='lat' dir='ltr'><strong>Non</strong></span> <span class='ocrx_word' id='word_1_230' title='bbox 384 2711 431 2771; x_wconf 92' lang='lat' dir='ltr'><strong>diu</strong></span> <span class='ocrx_word' id='word_1_231' title='bbox 446 2709 520 2773; x_wconf 88' lang='lat' dir='ltr'><strong>baec</strong></span> <span class='ocrx_word' id='word_1_232' title='bbox 535 2730 590 2774; x_wconf 88' lang='lat' dir='ltr'><strong>nec</strong></span> <span class='ocrx_word' id='word_1_233' title='bbox 607 2714 683 2794; x_wconf 86' lang='lat' dir='ltr'><strong>apud</strong></span> <span class='ocrx_word' id='word_1_234' title='bbox 700 2715 810 2776; x_wconf 86' lang='lat' dir='ltr'><strong>laetos:</strong></span> <span class='ocrx_word' id='word_1_235' title='bbox 832 2715 938 2775; x_wconf 89' lang='lat' dir='ltr'><strong>etenim</strong></span> <span class='ocrx_word' id='word_1_236' title='bbox 954 2714 1171 2795; x_wconf 83' lang='lat' dir='ltr'><strong>propinquabat</strong></span> 
     </span>
    </p>
   </div>
   <div class='ocr_carea' id='block_1_16' title="bbox 167 2793 1173 2880">
    <p class='ocr_par' dir='ltr' id='par_1_16' title="bbox 167 2793 1173 2880">
     <span class='ocr_line' id='line_1_31' title="bbox 167 2793 1173 2880; baseline 0.008 -26"><span class='ocrx_word' id='word_1_237' title='bbox 167 2793 314 2870; x_wconf 84' lang='lat' dir='ltr'><strong>legionum</strong></span> <span class='ocrx_word' id='word_1_238' title='bbox 337 2795 434 2871; x_wconf 89' lang='lat' dir='ltr'><strong>acies,</strong></span> <span class='ocrx_word' id='word_1_239' title='bbox 458 2796 655 2878; x_wconf 87' lang='lat' dir='ltr'><strong>inconditique</strong></span> <span class='ocrx_word' id='word_1_240' title='bbox 671 2816 706 2860; x_wconf 93' lang='lat' dir='ltr'><strong>ac</strong></span> <span class='ocrx_word' id='word_1_241' title='bbox 720 2797 839 2859; x_wconf 91' lang='lat' dir='ltr'><strong>militiae</strong></span> <span class='ocrx_word' id='word_1_242' title='bbox 858 2799 950 2860; x_wconf 87' lang='lat' dir='ltr'><strong>nescii</strong></span> <span class='ocrx_word' id='word_1_243' title='bbox 966 2798 1105 2880; x_wconf 80' lang='lat' dir='ltr'><strong>oppidani</strong></span> <span class='ocrx_word' id='word_1_244' title='bbox 1120 2819 1173 2862; x_wconf 91' lang='lat' dir='ltr'><strong>ne·</strong></span> 
     </span>
    </p>
   </div>
   <div class='ocr_carea' id='block_1_17' title="bbox 166 2877 1171 2962">
    <p class='ocr_par' dir='ltr' id='par_1_17' title="bbox 166 2877 1262 2964">
     <span class='ocr_line' id='line_1_32' title="bbox 166 2877 1171 2962; baseline 0.007 -26"><span class='ocrx_word' id='word_1_245' title='bbox 166 2894 223 2954; x_wconf 91' lang='lat' dir='ltr'><strong>que</strong></span> <span class='ocrx_word' id='word_1_246' title='bbox 245 2878 339 2940; x_wconf 90' lang='lat' dir='ltr'><strong>oculis</strong></span> <span class='ocrx_word' id='word_1_247' title='bbox 359 2895 456 2958; x_wconf 88' lang='lat' dir='ltr'><strong>neque</strong></span> <span class='ocrx_word' id='word_1_248' title='bbox 479 2877 596 2940; x_wconf 90' lang='lat' dir='ltr'><strong>auribus</strong></span> <span class='ocrx_word' id='word_1_249' title='bbox 616 2882 686 2942; x_wconf 89' lang='lat' dir='ltr'><strong>satis</strong></span> <span class='ocrx_word' id='word_1_250' title='bbox 711 2882 914 2962; x_wconf 89' lang='lat' dir='ltr'><strong>conpetebant.</strong></span> <span class='ocrx_word' id='word_1_251' title='bbox 948 2891 1049 2945; x_wconf 87' lang='lat' dir='ltr'><strong>contra</strong></span> <span class='ocrx_word' id='word_1_252' title='bbox 1068 2883 1171 2961; x_wconf 90' lang='lat' dir='ltr'><strong>Silius,</strong></span> 
     </span>
    </p>
   </div>
   <div class='ocr_carea' id='block_1_18' title="bbox 148 2947 1262 3045">
    <p class='ocr_par' dir='ltr' id='par_1_18' title="bbox 148 2947 1262 3045">
     <span class='ocr_line' id='line_1_33' title="bbox 148 2947 1262 3045; baseline 0.008 -27"><span class='ocrx_word' id='word_1_253' title='bbox 148 2961 222 3019; x_wconf 82' lang='lat' dir='ltr'><strong>¹etsi</strong></span> <span class='ocrx_word' id='word_1_254' title='bbox 243 2970 429 3043; x_wconf 90' lang='lat' dir='ltr'><strong>praesumpta</strong></span> <span class='ocrx_word' id='word_1_255' title='bbox 450 2980 520 3041; x_wconf 87' lang='lat' dir='ltr'><strong>spos</strong></span> <span class='ocrx_word' id='word_1_256' title='bbox 543 2963 676 3027; x_wconf 86' lang='lat' dir='ltr'><strong>hortandi</strong></span> <span class='ocrx_word' id='word_1_257' title='bbox 698 2983 800 3028; x_wconf 90' lang='lat' dir='ltr'><strong>causas</strong></span> <span class='ocrx_word' id='word_1_258' title='bbox 816 2977 980 3045; x_wconf 85' lang='lat' dir='ltr'><strong>exemerat,</strong></span> <span class='ocrx_word' id='word_1_259' title='bbox 1005 2965 1173 3028; x_wconf 86' lang='lat' dir='ltr'><strong>clamitabat</strong></span> <span class='ocrx_word' id='word_1_260' title='bbox 1261 2947 1262 3006; x_wconf 67' lang='lat'>3</span> 
     </span>
    </p>
   </div>
   <div class='ocr_carea' id='block_1_19' title="bbox 143 3046 1176 3298">
    <p class='ocr_par' dir='ltr' id='par_1_19' title="bbox 143 3046 1176 3298">
     <span class='ocr_line' id='line_1_34' title="bbox 143 3046 1173 3130; baseline 0.009 -27"><span class='ocrx_word' id='word_1_261' title='bbox 143 3054 272 3122; x_wconf 72' lang='lat' dir='ltr'><strong>stamen,</strong></span> <span class='ocrx_word' id='word_1_262' title='bbox 289 3046 451 3125; x_wconf 85' lang='lat' dir='ltr'><strong>pudendum</strong></span> <span class='ocrx_word' id='word_1_263' title='bbox 465 3048 536 3125; x_wconf 87' lang='lat' dir='ltr'><strong>ipsis</strong></span> <span class='ocrx_word' id='word_1_264' title='bbox 553 3050 630 3130; x_wconf 90' lang='lat' dir='ltr'><strong>quod</strong></span> <span class='ocrx_word' id='word_1_265' title='bbox 644 3049 857 3113; x_wconf 83' lang='lat' dir='ltr'><strong>Germaniarum</strong></span> <span class='ocrx_word' id='word_1_266' title='bbox 871 3052 999 3112; x_wconf 87' lang='lat' dir='ltr'><strong>victores</strong></span> <span class='ocrx_word' id='word_1_267' title='bbox 1014 3051 1173 3113; x_wconf 84' lang='lat' dir='ltr'><strong>adversum</strong></span> 
     </span>
     <span class='ocr_line' id='line_1_35' title="bbox 167 3127 1175 3214; baseline 0.006 -24"><span class='ocrx_word' id='word_1_268' title='bbox 167 3127 269 3190; x_wconf 81' lang='lat' dir='ltr'><strong>Gallos</strong></span> <span class='ocrx_word' id='word_1_269' title='bbox 291 3139 433 3210; x_wconf 87' lang='lat' dir='ltr'><strong>tamquam</strong></span> <span class='ocrx_word' id='word_1_270' title='bbox 460 3132 487 3190; x_wconf 94' lang='lat' dir='ltr'><strong>in</strong></span> <span class='ocrx_word' id='word_1_271' title='bbox 510 3130 624 3194; x_wconf 90' lang='lat' dir='ltr'><strong>bostem</strong></span> <span class='ocrx_word' id='word_1_272' title='bbox 647 3133 831 3195; x_wconf 72' lang='lat' dir='ltr'><strong>ducerentum</strong></span> <span class='ocrx_word' id='word_1_273' title='bbox 861 3135 926 3195; x_wconf 75' lang='lat' dir='ltr'><strong>‘una</strong></span> <span class='ocrx_word' id='word_1_274' title='bbox 944 3153 1038 3214; x_wconf 88' lang='lat' dir='ltr'><strong>nuper</strong></span> <span class='ocrx_word' id='word_1_275' title='bbox 1059 3134 1175 3196; x_wconf 91' lang='lat' dir='ltr'><strong>cobors</strong></span> 
     </span>
     <span class='ocr_line' id='line_1_36' title="bbox 165 3213 1176 3298; baseline 0.01 -26"><span class='ocrx_word' id='word_1_276' title='bbox 165 3213 308 3276; x_wconf 89' lang='lat' dir='ltr'><strong>rebellem</strong></span> <span class='ocrx_word' id='word_1_277' title='bbox 330 3213 490 3292; x_wconf 82' lang='lat' dir='ltr'><strong>Turonum,</strong></span> <span class='ocrx_word' id='word_1_278' title='bbox 513 3233 568 3276; x_wconf 89' lang='lat' dir='ltr'><strong>una</strong></span> <span class='ocrx_word' id='word_1_279' title='bbox 590 3217 636 3280; x_wconf 91' lang='lat' dir='ltr'><strong>ala</strong></span> <span class='ocrx_word' id='word_1_280' title='bbox 651 3217 826 3296; x_wconf 85' lang='lat' dir='ltr'><strong>Treverum‚</strong></span> <span class='ocrx_word' id='word_1_281' title='bbox 851 3236 963 3298; x_wconf 87' lang='lat' dir='ltr'><strong>paucae</strong></span> <span class='ocrx_word' id='word_1_282' title='bbox 979 3217 1062 3279; x_wconf 92' lang='lat' dir='ltr'><strong>huius</strong></span> <span class='ocrx_word' id='word_1_283' title='bbox 1077 3219 1176 3298; x_wconf 91' lang='lat' dir='ltr'><strong>ipsius</strong></span> 
     </span>
    </p>
   </div>
   <div class='ocr_carea' id='block_1_20' title="bbox 166 3297 1262 3382">
    <p class='ocr_par' dir='ltr' id='par_1_20' title="bbox 166 3297 1262 3382">
     <span class='ocr_line' id='line_1_37' title="bbox 166 3297 1262 3382; baseline 0.007 -25"><span class='ocrx_word' id='word_1_284' title='bbox 166 3297 312 3359; x_wconf 87' lang='lat' dir='ltr'><strong>exercitus</strong></span> <span class='ocrx_word' id='word_1_285' title='bbox 323 3306 432 3360; x_wconf 91' lang='lat' dir='ltr'><strong>turmae</strong></span> <span class='ocrx_word' id='word_1_286' title='bbox 444 3299 641 3378; x_wconf 84' lang='lat' dir='ltr'><strong>profligavere</strong></span> <span class='ocrx_word' id='word_1_287' title='bbox 653 3302 815 3381; x_wconf 88' lang='lat' dir='ltr'><strong>Sequanos.</strong></span> <span class='ocrx_word' id='word_1_288' title='bbox 830 3310 943 3382; x_wconf 75' lang='lat' dir='ltr'><strong>&#39;quanto</strong></span> <span class='ocrx_word' id='word_1_289' title='bbox 957 3303 1080 3382; x_wconf 89' lang='lat' dir='ltr'><strong>pecunia</strong></span> <span class='ocrx_word' id='word_1_290' title='bbox 1094 3303 1175 3364; x_wconf 88' lang='lat' dir='ltr'><strong>dites</strong></span> <span class='ocrx_word' id='word_1_291' title='bbox 1261 3337 1262 3376; x_wconf 70' lang='lat'><strong>,</strong></span> 
     </span>
    </p>
   </div>
   <div class='ocr_carea' id='block_1_21' title="bbox 134 3382 1185 3548">
    <p class='ocr_par' dir='ltr' id='par_1_21' title="bbox 134 3379 1262 3564">
     <span class='ocr_line' id='line_1_38' title="bbox 166 3382 1175 3464; baseline 0.006 -24"><span class='ocrx_word' id='word_1_292' title='bbox 166 3389 195 3440; x_wconf 91' lang='lat' dir='ltr'><strong>et</strong></span> <span class='ocrx_word' id='word_1_293' title='bbox 209 3382 407 3462; x_wconf 83' lang='lat' dir='ltr'><strong>voluptatibus</strong></span> <span class='ocrx_word' id='word_1_294' title='bbox 423 3382 590 3462; x_wconf 87' lang='lat' dir='ltr'><strong>opulentos,</strong></span> <span class='ocrx_word' id='word_1_295' title='bbox 606 3394 686 3447; x_wconf 92' lang='lat' dir='ltr'><strong>tanto</strong></span> <span class='ocrx_word' id='word_1_296' title='bbox 704 3387 795 3464; x_wconf 88' lang='lat' dir='ltr'><strong>magis</strong></span> <span class='ocrx_word' id='word_1_297' title='bbox 810 3385 935 3446; x_wconf 88' lang='lat' dir='ltr'><strong>inbelles</strong></span> <span class='ocrx_word' id='word_1_298' title='bbox 952 3385 1072 3447; x_wconf 81' lang='lat' dir='ltr'><strong>neuros</strong></span> <span class='ocrx_word' id='word_1_299' title='bbox 1089 3389 1175 3449; x_wconf 82' lang='lat' dir='ltr'><strong>erin·</strong></span> 
     </span>
     <span class='ocr_line' id='line_1_39' title="bbox 134 3463 1185 3548; baseline 0.01 -28"><span class='ocrx_word' id='word_1_300' title='bbox 134 3463 225 3524; x_wconf 86' lang='lat' dir='ltr'><strong>tocitc</strong></span> <span class='ocrx_word' id='word_1_301' title='bbox 244 3473 275 3525; x_wconf 87' lang='lat' dir='ltr'><strong>et</strong></span> <span class='ocrx_word' id='word_1_302' title='bbox 294 3465 470 3547; x_wconf 82' lang='lat' dir='ltr'><strong>fugientibus</strong></span> <span class='ocrx_word' id='word_1_303' title='bbox 492 3469 660 3530; x_wconf 62' lang='lat' dir='ltr'><strong>consulite?</strong></span> <span class='ocrx_word' id='word_1_304' title='bbox 687 3471 790 3548; x_wconf 89' lang='lat' dir='ltr'><strong>ingens</strong></span> <span class='ocrx_word' id='word_1_305' title='bbox 812 3470 899 3532; x_wconf 88' lang='lat' dir='ltr'><strong>adea</strong></span> <span class='ocrx_word' id='word_1_306' title='bbox 917 3470 1041 3548; x_wconf 90' lang='lat' dir='ltr'><strong>clamor,</strong></span> <span class='ocrx_word' id='word_1_307' title='bbox 1067 3479 1097 3530; x_wconf 88' lang='lat' dir='ltr'><strong>et</strong></span> <span class='ocrx_word' id='word_1_308' title='bbox 1113 3471 1185 3530; x_wconf 90' lang='lat' dir='ltr'><strong>cir-&#39;</strong></span> 
     </span>
    </p>
   </div>
   <div class='ocr_carea' id='block_1_22' title="bbox 0 0 1280 3874">
    <p class='ocr_par' dir='ltr' id='par_1_22' title="bbox 0 0 1280 3874">
     <span class='ocr_line' id='line_1_40' title="bbox 0 0 1280 3874; baseline 0 0"><span class='ocrx_word' id='word_1_309' title='bbox 0 0 1280 3874; x_wconf 95' lang='lat' dir='ltr'><strong> </strong></span> 
     </span>
    </p>
   </div>
  </div>
 </body>
</html>
