2570 3878
415 199 522 246 murm
533 201 582 246 xr.
599 199 674 248 cnr.
687 197 808 254 st-en.
1063 191 1121 253 tes

115 370 179 412 rem
207 362 414 433 rumperetque
439 355 552 416 tabulas
576 356 728 435 nuptiales.
761 358 815 418 ‘an
836 355 1003 420 discidiunr’
1033 359 1123 437 inquit

114 435 207 496 ‘tunm
222 435 321 498 nosti?
343 456 408 500 nam
430 441 639 500 matrimonium
653 440 716 500 Silii
731 439 803 502 vidit
819 441 945 521 populus
960 450 989 501 et
1004 451 1158 504 senatusue

96 583 100 590 ,
115 529 146 581 et
162 519 263 590 miles;
280 539 315 583 ao
331 523 359 582 ni
374 529 505 603 propere
520 526 595 601 agis,
610 533 690 586 terret
704 524 804 589 urbem
820 528 960 586 maritas!

177 606 230 666 dl.
253 604 323 666 Tum
339 609 519 686 potissimum
533 610 852 688 puumnpesemioorun
869 619 970 681 uocat,
989 611 1120 680 primum·

114 707 173 768 que
189 690 235 748 rei
248 688 452 754 frumentariae
469 691 649 771 praelectum
664 692 841 771 Turranium,
857 703 925 774 post
939 694 1053 756 Lusium
1067 697 1120 754 Ge·

113 781 172 833 tam
190 773 382 851 praetorianis
397 776 553 855 inpositurn
569 784 764 854 percontatur.
797 780 861 856 quis
881 778 1037 840 fatentibus
1059 796 1121 839 oer-

7 911 8 928 ς
113 857 194 918 tatim
218 857 311 920 oeteri
333 858 590 939 oireumstrepunt,
609 862 665 922 iret
683 863 711 920 in
732 871 843 940 eastra,
866 863 992 924 firmaret
1005 871 1120 943 praeto·

7 945 8 966 ¹
113 942 174 1002 rias
190 940 341 1018 cobortes,
359 944 506 1006 securitati
518 953 584 1006 ante
596 961 680 1023 qnam
692 945 836 1009 vindiotue
850 946 1025 1008 consuleret.
1048 949 1144 1007 seties

114 1031 232 1088 coastat
252 1041 288 1087 eo
309 1027 567 1105 pavorevotasuu
590 1027 753 1105 claudium,
772 1039 803 1090 ut
822 1029 976 1092 identidem
996 1031 1120 1092 interro·

114 1115 216 1186 garet,
236 1125 274 1170 an
295 1111 360 1189 ipse
380 1112 493 1191 imperii
515 1122 636 1192 potens,
661 1131 697 1174 an
712 1113 800 1176 Silius
821 1117 952 1195 privatus
974 1123 1063 1175 esset.
1093 1123 1121 1174 at

112 1192 272 1254 Messalina
287 1209 346 1254 non
360 1193 433 1258 alias
449 1195 573 1258 solutior
583 1197 663 1274 luxu,
680 1196 779 1259 adulto
791 1207 926 1260 autumno
937 1199 1121 1260 simulacrum

113 1274 278 1338 vindemiae
300 1294 355 1356 per
374 1279 488 1341 domum
510 1279 687 1343 celebrabat.
723 1284 842 1360 urgueri
858 1282 957 1362 prela,
974 1282 1065 1343 liuere
1079 1281 1120 1341 la·

114 1379 181 1429 oue:
204 1369 235 1422 et
253 1360 379 1424 feminae
401 1363 528 1443 pellibus
543 1366 890 1428 aeoinotaeadeultabant
907 1375 937 1425 ut
954 1367 1118 1428 eaeribean·
1130 1383 1154 1422 ro

112 1454 158 1508 tes
168 1443 217 1506 vel
230 1445 408 1508 insanientes
418 1446 566 1516 boseham
580 1450 644 1528 ipsa
657 1450 737 1509 erine
750 1447 966 1525 luxotbyrsnm
978 1452 1122 1530 quatiens,

112 1531 252 1607 iuxtaque
270 1529 358 1594 Silius
372 1530 482 1594 hedera
497 1534 620 1612 vinetus,
635 1551 742 1612 gerere
760 1533 934 1608 eotburnos,
956 1535 1055 1594 iacere
1073 1551 1119 1592 ea·

112 1621 178 1693 put,
200 1620 353 1693 strepente
368 1615 477 1676 oiroum
492 1618 612 1695 proeaei
629 1618 730 1678 oborn.
759 1616 856 1678 ierunt
868 1618 995 1680 Vettium
1012 1616 1118 1677 Valen-

112 1707 171 1758 tem
185 1696 308 1760 lasoivia
328 1699 359 1760 in
382 1700 540 1778 praealtam
554 1700 690 1761 arborem
705 1702 849 1778 oonisum,
872 1699 1119 1779 interrogantibus

7 1799 8 1836 i
113 1780 181 1860 quid
205 1782 373 1864 *aspicerem
392 1783 583 1863 respondisse
598 1793 801 1864 tempestatem
821 1785 857 1848 ab
876 1784 956 1846 Ostia
970 1793 1117 1860 atrocem,
1128 1801 1152 1842 rs

112 1867 334 1963 siveooeperet
350 1883 385 1930 eo
399 1869 532 1946 speeies,
555 1887 606 1930 seu
626 1869 703 1930 iorte
718 1868 801 1948 lapsa
816 1886 876 1930 vox
890 1871 919 1930 in
934 1869 1116 1947 praesagium

112 1955 225 2093 mgb.
250 2031 316 2095 Nou
331 2022 428 2098 rumor
443 2036 570 2113 interea,
587 2036 640 2096 sed
654 2035 779 2114 undique
795 2037 883 2096 nuntii
899 2037 1049 2113 inesdunt,
1068 2039 1117 2115 qui

111 2133 203 2195 gnara
222 2114 344 2178 claudio
366 2127 470 2182 cuneta
491 2129 519 2182 et
541 2121 641 2180 venire
656 2128 820 2198 promptum
842 2119 942 2180 ultioni
958 2121 1116 2181 adferrent.

8 2233 10 2286 p
111 2203 199 2279 igitur
219 2199 379 2266 Messalina
398 2202 582 2269 Luoullieros
607 2202 774 2278 iubentes,
802 2203 889 2264 Silius
911 2203 1115 2264 dissimulando

110 2284 241 2348 metnad
256 2286 350 2348 munio
365 2286 421 2348 lori
436 2286 643 2364 digrediuntur.
675 2288 782 2349 ceteris
798 2288 907 2366 passim
923 2286 1117 2363 dilabentibus

110 2369 231 2431 adfuere
246 2371 450 2448 centuriones,
471 2369 617 2450 inditaque
638 2380 704 2432 sunt
723 2371 834 2448 vinela,
854 2380 885 2432 ut
903 2374 969 2452 quis
987 2373 1137 2449 reperis-s

112 2452 195 2514 batur
218 2456 247 2514 in
266 2452 385 2532 publico
402 2463 451 2518 aut
464 2471 519 2533 per
538 2454 676 2518 latebras.
705 2454 861 2518 blessalina
883 2463 994 2533 tamen,
1018 2474 1116 2534 quam·

111 2554 195 2616 quarn
209 2555 259 2598 res
274 2536 417 2606 adversae
433 2538 581 2600 eonsilium
597 2539 767 2616 eximerent,
789 2541 833 2600 ire
850 2539 964 2602 obviam
980 2548 1010 2602 et
1025 2541 1117 2619 aspici

110 2623 263 2699 emerito,
282 2621 362 2702 quod
378 2641 467 2702 saepe
482 2622 638 2685 subsidium
659 2623 814 2701 babuerat,
832 2623 907 2684 haud
930 2625 1061 2701 segniter
1075 2626 1115 2686 iu·

110 2703 202 2766 tendit
220 2707 353 2785 misitque
376 2713 406 2768 at
427 2706 608 2768 Britennieus
630 2715 659 2768 et
675 2706 797 2768 Oetaeis
820 2709 849 2768 in
867 2708 1051 2788 complexum
1065 2726 1115 2787 pa·

110 2791 162 2851 tris
183 2799 354 2870 pergerent.
382 2800 412 2852 et
432 2788 590 2868 Vibidiam,
614 2793 757 2870 virginum
772 2793 932 2854 Vestalium
954 2793 1114 2854 vetustissi·
1126 2809 1149 2850 ro

109 2893 193 2951 mam,
214 2876 309 2936 orarit
325 2875 470 2955 poutlbois
484 2875 599 2936 maximi
612 2893 699 2936 aures
714 2875 808 2954 adire,
828 2878 1009 2939 elementiam
1024 2879 1115 2957 expe·

109 2966 182 3020 tere.
214 2967 300 3038 atque
316 2961 438 3035 iuterim,
458 2958 547 3021 tribus
561 2961 675 3020 omnino
687 2959 1115 3041 eomitantibus-idrepente

11 3048 24 3076 t
109 3040 272 3106 solitudinis
290 3052 352 3104 erut
364 3041 408 3092 -’-
423 3044 547 3124 spatium
568 3041 647 3106 urbis
668 3043 792 3122 pedibus
808 3063 941 3125 emensa,
968 3046 1114 3121 reblonlo,

109 3143 171 3206 quo
185 3135 376 3205 purgamenta
389 3127 538 3190 bortorum
550 3129 742 3207 excipiuntur,
758 3127 922 3192 Ostiensem
933 3131 1008 3191 viam
1018 3132 1113 3204 intrat,

109 3209 186 3272 nulla
215 3210 381 3292 euiasquam
411 3211 629 3288 misericordia,
657 3213 723 3291 quia
749 3213 921 3292 flagitiorum
944 3213 1147 3275 deformitesn

9 3373 10 3382 ἵ
109 3293 308 3373 praevalebat.

172 3378 224 3440 33.
247 3378 459 3460 Trepidabatur
479 3381 676 3442 nibilominus
698 3381 873 3444 acaesare:
898 3382 1007 3459 quippe
1023 3377 1114 3440 (letae

108 3463 416 3609 prpptoappipppesepeeto
433 3465 507 3527 baud
522 3467 592 3527 satis
608 3464 750 3542 lidebant,
768 3464 804 3524 ed
820 3464 1008 3603 bonestpgeeu
1025 3479 1116 3540 prava
