2540 3874
388 161 560 210 urrunnu.
581 163 657 212 cus.
678 165 775 218 1—5.
1035 158 1094 220 115

97 318 228 399 pudicitia
239 318 294 379 alia
307 317 467 396 abnuerit),
480 317 516 381 ad
529 319 656 397 coniugii
670 337 761 400 spem,
780 323 957 383 consortium
969 325 1053 402 regui
1066 333 1095 386 et

96 421 193 466 necem
214 404 306 464 mariti
331 402 452 484 impulit.
489 409 579 483 atque
600 403 665 484 illa,
688 405 733 464 cui
757 407 914 468 auunculus
934 406 1094 488 Augustus,

95 505 180 550 socer
197 485 340 566 liberius,
361 505 400 547 ox
412 485 509 548 Druso
525 485 626 564 liberi,
649 505 740 570 seque
757 505 792 550 ac
808 493 935 552 maiores
950 499 979 552 et
995 502 1093 572 poste-

94 590 142 634 ros
165 569 331 650 municipali
352 570 486 632 adultero
507 570 660 652 laedebat,
681 581 712 634 ot
731 589 787 655 pro
807 573 939 637 honestis
960 585 990 636 et
1009 595 1092 656 prae·
1104 594 1129 636 ss

93 655 221 718 sentibus
241 656 388 734 flagitiosa
411 664 441 717 et
460 657 572 718 incerta
593 665 789 738 exspectaret.
829 661 948 722 sumitur
975 662 1004 721 in
1025 679 1093 723 con·

93 741 240 803 scientiam
253 739 415 821 Eudemus,
434 741 543 802 urnicus
563 759 598 802 ac
618 741 748 803 medicos
767 743 881 823 Liviae,
899 745 1002 824 specie
1023 747 1095 807 artis

92 828 229 906 frequens
251 825 385 888 secretis.
424 824 508 906 pellit
527 825 614 887 domo
636 827 759 893 Seianus
787 845 909 890 uxorem
930 828 1093 911 Apicatam,

92 930 128 972 ex
144 927 200 992 qua
214 918 274 977 tres
290 908 402 972 liberos
418 919 575 990 genuerat,
597 927 635 970 ne
657 909 764 991 paelici
785 921 1010 992 suspectaretur.
1040 915 1093 976 sed

92 993 257 1074 magnitudo
280 993 421 1056 iocinoris
442 1003 564 1074 metum,
596 994 792 1076 prolationes,
815 996 932 1059 diversa
952 997 1128 1061 interdumro

92 1079 212 1142 consilia
228 1078 390 1142 adferebat.
1261 1077 1262 1082 ’

90 1181 93 1185 ·
151 1166 181 1226 4.
209 1162 327 1225 Interim
349 1163 415 1226 anni
437 1163 582 1244 principio
602 1163 713 1225 Drusus
744 1181 782 1226 en
804 1164 964 1229 Germanici
991 1166 1092 1229 liberis

90 1260 188 1328 togam
203 1247 316 1309 uirilem
330 1248 461 1329 sumpsit,
477 1265 609 1329 quaeque
623 1248 706 1309 lratri
721 1249 783 1310 eius
794 1247 906 1311 Neroni
920 1249 1094 1314 decreuerat
1106 1239 1222 1278 χ*

90 1341 205 1394 senatus
219 1333 355 1414 repetita.
384 1330 493 1394 addidit
507 1333 668 1394 orationem
687 1330 807 1412 Caesar,
824 1333 911 1395 multa
928 1351 991 1394 cum
1007 1335 1092 1397 laude

90 1418 141 1480 lilii
155 1418 209 1496 sni,
225 1416 303 1499 quod
320 1419 412 1497 patria
427 1415 633 1478 benevolentis
647 1417 677 1477 in
688 1415 786 1479 fratris
798 1417 910 1479 liberos
921 1418 1006 1480 loret.
1027 1438 1092 1483 nam

87 1502 214 1580 Dnrsos,
235 1519 404 1584 quamquam
417 1499 534 1563 arduum
554 1503 591 1561 sit
608 1499 713 1562 eodem
728 1501 788 1562 lool
801 1502 960 1582 potentiam
978 1512 1007 1564 et
1024 1521 1114 1566 con-s

90 1585 216 1650 cordiam
233 1603 317 1664 esse,
339 1603 451 1666 aequus
467 1583 701 1648 scatescentibus
717 1594 766 1647 aut
780 1595 861 1648 certe
876 1603 935 1648 non
950 1586 1093 1650 adversus

87 1670 257 1733 habebatur.
288 1670 363 1732 exim
386 1679 470 1732 retus
492 1677 521 1731 et
543 1685 635 1749 saepo
655 1668 816 1732 simulatum
838 1671 1046 1753 proficiscendi
1064 1673 1093 1733 iu

88 1755 253 1836 provincias
265 1754 416 1816 consilium
426 1755 562 1816 refertur.
575 1753 782 1816 multitudinem
792 1765 997 1818 veteranorum
1006 1774 1091 1838 prae·

88 1838 207 1902 texebat
229 1839 388 1920 imperator
412 1848 442 1901 ct
462 1837 615 1901 dilectibus
638 1839 820 1920 supplendos
842 1841 1005 1902 exercitus:
1027 1857 1091 1902 narn

87 1923 278 1986 voluntarium
293 1922 411 1985 militem
428 1923 545 2001 deesse,
563 1923 637 1984 acsi
652 1923 829 2004 suppeditet,
844 1937 903 1986 oon
918 1924 1019 1986 eadem
1033 1926 1089 1986 rir-
1102 1945 1125 1987 uo

87 2017 148 2070 tute
161 2027 196 2070 ac
206 2008 348 2072 modestia
359 2025 460 2088 egere,
476 2007 542 2088 quia
554 2007 725 2089 plerumque
738 2008 843 2089 inopes
857 2027 893 2071 ac
904 2011 973 2088 vaq'i
984 2019 1090 2090 sponte

87 2093 213 2156 militiam
235 2101 356 2155 sumant.
386 2091 613 2173 percensuitque
644 2093 748 2154 cursim
776 2110 922 2155 numerum
943 2093 1090 2172 legionum

5 2253 6 2256 Ἴ
87 2187 118 2240 et
132 2195 204 2258 quas
220 2177 386 2257 provincias
402 2185 570 2240 tutarentur⁴
600 2175 679 2256 quod
701 2177 769 2238 mibi
788 2194 904 2258 quoque
927 2195 1090 2258 exsequen-

86 2264 153 2325 dum
167 2279 244 2340 reor,
261 2262 559 2342 qnaetuncllomana
575 2262 661 2340 copia
679 2261 707 2322 in
727 2262 821 2341 armis,
838 2261 886 2341 qui
901 2262 975 2338 socii
990 2279 1090 2340 reges,

5 2357 6 2372 ¹
84 2353 192 2429 quanto
208 2348 244 2407 sit
255 2346 407 2425 angustius
414 2345 621 2428 imperitatum.
1101 2358 1125 2400 us

147 2432 176 2494 5.
202 2429 312 2494 ltaliam
334 2437 458 2510 utroque
479 2430 551 2492 mari
570 2428 643 2492 duaa
665 2429 794 2509 classes,
811 2429 953 2493 llisenum
967 2429 1044 2510 apud
1062 2438 1091 2490 et

82 2519 269 2595 Rauennam,
294 2515 513 2595 proximumque
531 2513 643 2577 Galliae
658 2514 725 2576 litos
739 2523 884 2577 rostratae
899 2532 990 2577 nares
1004 2533 1090 2596 prae·

83 2598 235 2679 sidebant,
250 2617 322 2680 quas
336 2599 458 2662 Actiaca
475 2599 599 2661 victoria
616 2608 717 2682 captas
732 2600 882 2679 Angustos
907 2599 936 2660 ln
952 2599 1091 2680 oppidum

82 2683 290 2748 Foroiuliense
311 2685 430 2746 miserat
449 2681 549 2745 valido
573 2701 637 2745 curn
664 2687 787 2764 remige.
822 2683 875 2746 sod
901 2685 1090 2766 praecipuum

82 2769 176 2832 robur
191 2769 322 2833 libentem
338 2769 431 2846 iuxta,
451 2785 601 2830 commune
622 2769 651 2829 in
666 2767 826 2832 Germanos
843 2766 1003 2850 Gallosque
1022 2766 1112 2830 sub-c

83 2855 201 2934 sidium,
225 2862 293 2916 octo
315 2853 451 2932 legiones
471 2861 563 2915 eraut.
601 2853 758 2934 llispaniae
780 2870 885 2916 recens
909 2852 1090 2934 perdomitae

82 2938 176 3000 nribus
190 2937 379 3001 habebantur.
401 2937 519 3000 llanros
532 2935 603 3000 lube
617 2957 672 3000 rex
688 2947 846 3018 acceperat
863 2937 968 2999 donum
988 2937 1094 3020 populi

80 3023 215 3086 Romani.
247 3032 346 3086 cetera
367 3022 487 3084 Anteae
509 3041 563 3102 per
584 3023 655 3085 duas
670 3023 806 3102 legiones
828 3022 949 3103 parique
970 3039 1089 3084 numero

80 3109 259 3188 Aegyptus,
282 3107 384 3169 debinc
405 3108 485 3169 initio
502 3106 537 3169 ab
554 3107 656 3169 Suriae
672 3125 765 3188 usque
782 3105 818 3167 ad
833 3105 1089 3187 dumen‘llupbra·

79 3203 151 3270 ten,
174 3201 308 3273 quantun
321 3192 432 3271 ingenti
447 3199 587 3255 terrarum
602 3193 665 3252 sinu
683 3191 821 3270 ambitur,
838 3201 975 3273 qnattnor
996 3191 1088 3267 legio·
1100 3204 1122 3244 m

79 3277 169 3338 uibus
197 3277 340 3356 coercita,
367 3276 478 3338 accolis
495 3275 606 3338 llibero
628 3276 804 3357 Albanoque
825 3286 855 3339 et
875 3276 939 3338 aliis
960 3272 1090 3350 regibus,

80 3363 135 3441 qui
161 3360 356 3441 magnitudine
383 3367 482 3422 nostra
508 3370 701 3442 proteguntur
722 3361 875 3422 adversum
897 3367 1017 3420 externa
1039 3356 1088 3414 irn-

80 3446 178 3524 peria.
209 3453 240 3507 et
261 3445 432 3526 l'braeciam
452 3443 679 3508 Rhoemetalces
696 3462 732 3507 ac
748 3443 834 3505 liberi
851 3440 1086 3582 Gotyigsqripam-
