2568 3870
196 135 238 200 98
419 139 973 190 connnn11rscrr1n1enon1snun

199 303 291 379 primo
308 297 466 373 silentium,
482 315 548 356 mox
564 304 665 358 cuncta
682 295 766 355 simul
788 302 948 372 erumpunt.
980 295 1037 354 buc
1053 293 1195 354 eccidisse

200 382 361 444 Germanici
383 380 529 438 exercitus
549 379 690 456 gloriam,
715 387 745 437 ut
763 378 825 436 sine
842 377 975 456 proelio,
999 380 1061 436 eine
1077 379 1196 436 vulnere
1249 401 1250 404 ¹

199 469 309 527 vinctae
323 479 421 522 manue
434 471 463 520 et
479 471 563 542 capta
574 462 721 522 traderent
730 458 830 521 arma?
856 478 928 539 quae
940 463 1016 520 enirn
1028 479 1067 520 ex
1081 461 1195 520 diverso

48 538 50 544 ’
164 543 353 626 relegioneei
382 563 486 624 nempe
504 547 612 615 victes;
635 554 665 605 et
683 543 789 605 abesse
811 544 924 603 unicum
946 542 1098 604 Othoniani
1114 559 1196 601 exer·

201 636 273 693 citus
288 629 392 706 robur,
416 630 563 707 primanos
584 628 937 708 quartadecumanoequc,
960 643 1034 706 qnos
1053 634 1147 686 tamen
1161 626 1199 682 is·

200 717 264 776 dem
272 712 330 771 illie
339 713 445 790 campis
459 711 585 770 fuderint
598 711 859 789 straveriutqnent
869 719 914 771 tot
923 719 1097 772 armatorum
1111 708 1199 782 milia,

199 798 279 858 velut
299 813 374 872 grex
393 795 554 871 venalium,
575 795 652 854 exuli
673 793 799 854 Antonio
817 793 923 854 donum
946 789 1102 854 darentur?
1131 801 1201 851 octo

200 881 329 940 nimirum
346 879 479 956 legiones
493 880 575 938 unius
598 878 700 938 classis
718 879 919 940 accessionem
933 877 1010 938 iore.
1046 876 1075 936 id
1094 875 1202 951 Basso,
1249 879 1250 882 ’

164 977 190 1017 au
201 963 228 1023 id
249 959 393 1022 Caecinae
422 963 528 1037 visum,
552 971 704 1041 postquam
728 962 830 1023 domos
856 961 958 1021 bortce
981 978 1055 1040 opes
1077 960 1204 1038 principi
1225 1010 1228 1016 ,

130 1119 133 1124 ,
201 1045 386 1122 abstulerint,
410 1045 495 1104 etiam
511 1045 627 1105 aulerre
648 1045 776 1106 militem.
810 1045 940 1122 integros
963 1045 1203 1122 incruentaeque,

200 1129 346 1189 Flavianis
363 1145 479 1207 quoque
496 1128 623 1208 partibus
642 1128 734 1206 viles,
751 1128 820 1208 quid
834 1129 962 1190 dicturos
976 1126 1206 1208 reposcentibus

201 1221 249 1273 aut
265 1227 408 1291 prospera
423 1220 470 1272 aut
485 1209 631 1272 adversa?
1249 1261 1250 1264 ,

264 1299 313 1358 14.
336 1295 417 1356 llaec
436 1295 558 1374 singuli,
580 1296 655 1357 lraec
675 1295 816 1372 universi,
839 1304 869 1356 ut
890 1314 1034 1377 quemque
1056 1292 1142 1356 dolor
1160 1297 1205 1354 in·
1249 1289 1250 1356 l

201 1382 331 1460 pulerat‚
353 1381 566 1457 vociferantes,
586 1381 698 1442 initica
719 1378 816 1458 quinta
831 1379 949 1458 legione
965 1389 1047 1457 orto,
1062 1380 1204 1457 repositis
1223 1420 1225 1424 -

201 1464 311 1526 Vitellii
329 1461 503 1542 imaginibus
526 1463 621 1524 vincla
640 1459 785 1525 Caecinae
807 1464 939 1534 iniciuut;
961 1461 1081 1524 Fabium
1096 1460 1198 1522 Fabul·
1249 1463 1250 1496 l

201 1549 258 1609 lum
274 1550 388 1628 quintae
404 1546 529 1624 legionis
545 1546 670 1624 legatum
686 1557 715 1607 et
731 1545 861 1609 Cassium
876 1547 1006 1626 Longum
1022 1547 1202 1627 praelectum

179 1641 362 1692 scnetrcrum
378 1629 468 1690 duces
490 1629 634 1708 deligunt;
655 1631 733 1691 forte
755 1631 872 1693 oblatos
890 1633 974 1692 trium
987 1631 1202 1692 Liburnicarum
1249 1701 1250 1712 χ

201 1715 323 1792 milites,
344 1714 464 1791 ignaros
483 1722 513 1772 et
532 1715 679 1791 insontes,
701 1715 859 1785 trucidant;
882 1715 993 1776 relictis
1010 1716 1130 1791 caetris,
1153 1714 1204 1776 ab·
1249 1713 1250 1764 l

201 1806 287 1876 rupto
309 1804 397 1876 ponte
420 1794 570 1858 lloetiliam
592 1814 709 1876 rursus,
732 1797 798 1858 inde
816 1797 987 1860 Cremonam
1008 1806 1149 1878 pergunt,
1172 1807 1205 1858 ut
1249 1843 1250 1848 η

201 1879 367 1959 legionibus
383 1881 493 1958 primae
507 1879 626 1941 ltalicae
649 1890 678 1959 et
699 1881 955 1942 unietvicensimae
974 1883 1085 1963 Rapaci
1099 1881 1203 1958 iunge·

200 1975 314 2043 rentur,
340 1981 412 2043 quae
430 1962 557 2024 Caecina
578 1963 614 2024 ad
638 1963 821 2025 obtinendam
838 1963 1008 2026 Cremonam
1030 1983 1093 2024 cum
1117 1975 1204 2042 parte
1249 2037 1250 2040 Ἴ

166 2063 190 2104 ¹⁰
203 2051 328 2129 equitum
343 2049 544 2128 praemiserat.

267 2135 316 2195 15.
337 2132 394 2194 Ubi
417 2131 493 2192 baec
516 2141 665 2210 comperte
679 2130 825 2210 Antonio,
841 2131 994 2193 discordes
1008 2133 1126 2209 animle,
1143 2132 1205 2193 die·
1249 2193 1250 2196 ,

202 2225 299 2278 cretos
321 2214 432 2276 viribus
452 2215 577 2276 boetium
599 2218 747 2277 exercitus
769 2213 890 2294 adgredi
912 2215 1026 2292 statuit,
1050 2225 1206 2295 antequam
1249 2225 1250 2282 ξ

200 2299 321 2362 ducibus
338 2300 508 2376 auctoritas,
523 2301 604 2360 militi
616 2299 786 2380 obsequium
798 2309 828 2361 et
837 2301 941 2360 iunctis
953 2299 1118 2377 legionibus
1133 2300 1206 2361 lidu-
1249 2317 1250 2332 ³

201 2386 245 2446 cia
267 2383 386 2445 rediret.
424 2399 547 2462 namque
568 2380 688 2444 Fabium
709 2384 861 2446 Valentem
884 2385 1046 2464 proiectum
1074 2383 1119 2444 ab
1132 2384 1207 2444 urbe

178 2469 490 2547 eadceleraturumque
513 2469 631 2544 cognita
653 2465 798 2530 Caecinae
819 2468 983 2548 proditione
1006 2467 1205 2537 coniectabat;
1249 2543 1250 2546 Ἴ

179 2628 180 2632 ¹
200 2562 229 2611 et
243 2552 324 2612 ‘lidus
340 2549 462 2613 vitellio
481 2547 590 2612 Fabius
618 2570 674 2612 nec
695 2551 813 2611 militiae
833 2553 961 2630 ignarus.
995 2549 1080 2612 simul
1100 2552 1204 2626 ingene
1249 2547 1250 2552 ’

200 2637 406 2698 Germanorum
423 2635 467 2694 vie
483 2652 538 2713 per
550 2635 682 2709 Raetiam
708 2636 870 2696 timebatur.
911 2653 950 2696 ex
977 2633 1120 2695 britannia
1137 2632 1202 2692 Cal·

200 2719 296 2798 linque
312 2727 341 2779 et
356 2717 495 2796 Hispania
511 2719 618 2780 auxilia
633 2718 769 2780 Vitellius
785 2720 947 2798 acciverat,
962 2721 1120 2778 inmensam
1132 2716 1207 2777 belli

199 2803 322 2878 molem,
340 2804 369 2861 ni
379 2800 523 2863 Antonius
539 2803 568 2862 id
582 2805 675 2883 ipsum
690 2812 822 2864 metuens
835 2804 972 2864 festinato
985 2800 1099 2882 proelio
1113 2805 1207 2861 ricto-

166 2903 191 2943 ro
202 2889 271 2946 riam
291 2887 505 2967 praecepisset.
544 2889 682 2948 universo
705 2905 769 2950 cunr
790 2889 922 2948 exercitu
947 2885 1083 2947 secundis
1106 2901 1124 2944 a
1146 2884 1207 2946 Ve-

200 2989 272 3031 rona
290 2969 393 3031 caetrie
408 2965 580 3046 bedriscum
596 2972 690 3042 venit„
715 2981 836 3050 postero
853 2971 899 3032 die
915 2969 1080 3048 legionibus
1094 2967 1132 3029 ad
1146 2987 1209 3030 rnu-
1249 3043 1250 3052 ἵ

200 3054 335 3127 niendum
349 3054 488 3131 retentis,
504 3055 663 3116 auxiliares
675 3055 814 3118 cobortes
825 3056 854 3114 in
867 3054 1094 3116 Cremonensem
1106 3072 1210 3130 agrum
1249 3083 1250 3106 ι

199 3141 324 3215 missae,
344 3147 375 3197 ut
388 3137 492 3217 specie
507 3139 696 3218 parandarum
712 3140 861 3218 copiarum
877 3137 956 3199 cirili
971 3135 1080 3217 praeda
1097 3138 1209 3198 milites

200 3221 404 3284 inbuerentur:
430 3222 496 3299 ipse
515 3240 580 3282 cum
596 3232 730 3303 quattuor
743 3223 861 3284 milibus
876 3224 1003 3301 equitum
1018 3219 1055 3282 ad
1073 3232 1211 3284 octavum

158 3323 217 3364 ssa
232 3304 375 3364 Bedriaco
397 3322 593 3385 progressus,
615 3326 672 3387 quo
693 3308 827 3369 licentius
849 3308 1069 3390 popularentur.
1103 3305 1211 3384 explo-

200 3397 330 3465 ratores,
345 3397 375 3448 ut
390 3405 454 3448 mos
470 3398 531 3469 eet,
548 3391 663 3470 longius
680 3393 843 3454 cureubant.
1249 3411 1250 3420 ¹
