2568 3870
421 177 819 234 LIBER11.0AP.79-83·
1081 170 1123 236 st

1 367 2 388 1
110 338 239 404 nondum
259 336 363 399 additis
375 333 583 415 Cappadociae
600 334 775 411 legionibus.
800 336 953 398 consilium
965 337 1001 398 de
1014 357 1124 402 summa

109 444 207 487 reram
224 422 324 497 Beryti
341 419 476 480 habitum.
494 419 563 479 illuc
576 417 725 480 Mucianus
742 439 805 480 cum
818 421 926 498 legatis
942 422 1123 502 tribunisque

109 520 140 571 et
156 505 393 588 splendidissimo
409 521 526 584 qaoque
543 505 741 564 centurionum
765 523 801 566 ac
815 506 933 566 militnm
950 509 1045 585 venit,
1061 518 1122 568 ete

107 593 229 655 ludaico
252 591 383 651 exercitu
404 589 481 648 lecta
505 586 630 649 decora:
651 591 864 671 tantam-simul
888 589 1015 669 pediturn
1041 595 1122 673 equi·

109 688 226 757 tamque
248 685 277 735 et
299 672 501 734 aemulantium
518 673 592 732 inter
612 690 644 731 se
660 689 762 750 regum
781 684 898 754 paratus
914 677 1045 754 speciem
1059 679 1118 736 lor·
1132 697 1158 740 m

109 771 195 822 tunae
213 757 382 838 principalis
398 757 568 816 eliecerant.
1048 777 1050 781 ·

174 847 226 908 82.
251 842 346 903 Prima
357 841 428 900 belli
445 857 513 900 cura
526 857 616 916 agere
629 838 769 918 dilectas,
792 860 936 903 revocare
953 853 1121 916 veteranam

109 930 292 990 destinantur
315 923 429 985 ualidae
453 925 585 984 civitates
611 924 787 986 exercendis
811 944 956 987 armornm
980 929 1121 998 cilicinis;

1 1009 3 1086 ῗ
109 1010 190 1092 apud
204 1009 419 1068 Antiochenses
436 1025 534 1069 auram
548 1017 760 1089 argerrtumqne
776 1010 924 1088 signatur,
943 1029 1037 1091 esque
1054 1030 1121 1072 cun·

1 1143 2 1150 ,
111 1104 158 1156 cta
180 1091 377 1172 peridoneus
400 1093 547 1153 ministros
567 1094 627 1152 snis
646 1111 780 1172 quaeque
802 1093 876 1154 locis
900 1095 1121 1156 festinabantur.

111 1180 178 1258 ipse
195 1177 393 1256 Vespasianus
412 1175 506 1254 adire,
521 1175 646 1253 bertari,
670 1176 764 1238 bonos
778 1177 881 1256 lande,
898 1197 1008 1256 segnes
1024 1196 1146 1240 exem-s

108 1263 161 1344 plo
187 1262 309 1321 incitare
333 1261 451 1338 saepius
467 1277 552 1338 mam
575 1279 735 1337 coercere,
761 1264 828 1322 vitia
850 1265 945 1340 magis
965 1265 1122 1326 amisorum

109 1365 196 1426 quarn
216 1347 337 1405 virtutes
352 1343 544 1405 dissimulans.
584 1345 689 1405 multos
716 1345 911 1424 praefecturis
931 1356 961 1407 ct
983 1365 1121 1426 procura-

109 1429 254 1506 tionibus,
271 1427 432 1507 plerosque
447 1430 587 1490 senatorii
605 1428 715 1488 ordinis
729 1429 844 1490 bonore
861 1431 1018 1509 percoluit,
1035 1450 1121 1510 egre-

110 1517 179 1594 gios
198 1515 279 1573 viros
301 1521 331 1573 et
355 1527 423 1572 mox
444 1530 552 1573 summa
575 1511 715 1592 adeptos;
742 1514 913 1591 quibusdam
932 1516 1047 1576 iortnna
1065 1529 1120 1594 pro

110 1599 263 1659 virtutibus
278 1597 340 1656 fuit.
372 1595 537 1657 donatiuum
558 1597 640 1657 militi
661 1615 758 1678 neque
775 1599 926 1660 Mucianus
945 1601 1037 1677 prima
1052 1609 1156 1661 con-1⁰

110 1684 189 1744 tione
204 1682 260 1742 nisi
275 1681 390 1742 modice
408 1681 588 1760 ostenderat,
604 1700 641 1742 ne
652 1684 853 1760 Vespasianus
870 1683 986 1762 quidem
1002 1683 1067 1764 plns
1081 1686 1121 1745 ci·

109 1767 161 1828 rili
177 1765 256 1828 bello
271 1765 377 1826 obtulit
389 1783 474 1845 qnam
491 1766 540 1827 alii
556 1768 584 1825 in
607 1785 699 1847 pace,
716 1769 840 1846 egregie
859 1769 957 1828 firmus
978 1768 1121 1828 adversus

1 1863 2 1887 ³
108 1851 263 1912 militarem
278 1850 463 1928 largitionem
484 1867 580 1928 eoque
603 1853 736 1912 exercitu
750 1853 881 1912 meliore.
909 1853 988 1913 missi
1004 1851 1040 1912 ad
1051 1852 1121 1914 Par-

1 1934 2 1972 ³
110 1937 188 2008 thum
209 1935 436 2013 Armeniumque
453 1934 560 2012 legati,
583 1937 788 2016 provisumque
806 1955 843 1996 ne
864 1937 958 1996 uersis
979 1936 1016 1997 ad
1032 1937 1120 1997 civile

109 2020 217 2081 bellom
238 2018 405 2096 legionibus
427 2028 512 2096 terga
534 2019 718 2080 nudarentur.
750 2021 843 2081 Titum
859 2021 966 2081 instare
981 2018 1117 2098 Iudaeae,
1130 2031 1155 2073 1⁵

109 2105 322 2184 Vespasianum
339 2101 472 2163 obtinere
489 2102 616 2164 claustra
632 2103 764 2182 Aegypti
780 2104 903 2184 placuit:
922 2104 1061 2164 saiircere
1075 2105 1118 2165 vi·

110 2187 251 2250 dabantur
269 2186 411 2248 aduersus
426 2186 577 2248 Vitellium
594 2205 662 2266 pars
687 2191 835 2267 copiarum
851 2198 879 2247 et
897 2187 954 2248 dux
968 2187 1118 2249 Mucianus

109 2282 139 2335 et
154 2272 330 2351 Vespasiani
350 2288 455 2334 nomen
472 2289 507 2331 ac
527 2271 597 2330 nibil
613 2271 731 2332 arduum
750 2273 826 2334 latis.
861 2271 897 2332 ad
916 2289 1016 2332 omnes
1033 2290 1117 2332 exer·

58 2419 73 2438 ‚
110 2358 184 2418 citus
206 2356 381 2435 legatosque
405 2357 533 2433 scriptae
549 2355 694 2433 epistulae
712 2365 959 2435 praeceptumque
980 2365 1010 2416 ut
1031 2374 1117 2434 prae·

109 2442 240 2502 tarianos
260 2439 380 2501 Vitellio
401 2438 532 2500 infensos
553 2440 764 2518 reciperandae
785 2441 903 2502 militiae
927 2442 1057 2519 praemio
1075 2441 1154 2500 in-2o

109 2527 244 2586 vitarent.
1031 2545 1037 2553 ·

173 2608 224 2670 83.
249 2609 398 2672 bincisnus
415 2626 479 2669 carn
500 2608 639 2686 expedita
653 2626 753 2683 manu,
771 2609 882 2668 socium
896 2609 990 2686 magis
1004 2609 1120 2686 imperii

1 2717 9 2736 =
108 2713 194 2775 quam
208 2694 366 2754 ministrnm
382 2710 488 2770 agens,
504 2709 561 2752 non
577 2693 656 2752 lento
673 2692 787 2768 itinere,
805 2711 841 2751 ne
860 2695 989 2754 cunctari
1002 2691 1116 2752 uidere·

108 2790 169 2857 tur,
190 2765 287 2858 ndtsd'e
301 2787 396 2838 tamen
418 2794 597 2857 properans,
619 2777 748 2854 gliscere
763 2776 868 2836 famam
886 2777 951 2854 ipso
967 2777 1063 2856 spatio
1079 2777 1117 2836 si·

106 2863 211 2941 nebat,
233 2881 341 2940 gnarus
358 2860 490 2923 modicas
505 2862 584 2921 vires
600 2860 655 2920 sibi
671 2869 700 2919 et
714 2861 823 2921 maiora
844 2858 923 2921 credi
939 2859 975 2920 de
990 2858 1116 2920 absenti·

107 2948 177 3017 bus;
194 2945 247 3006 sed
264 2946 343 3024 legio
361 2954 444 3006 sexta
461 2954 491 3006 et
513 2945 655 3005 tredecim
669 2944 887 3005 vexillariorum
911 2943 988 3004 milia
1004 2945 1141 3022 ingentis

1 3085 2 3102 ,
107 3033 223 3106 agmine
239 3029 444 3108 sequebantur.
469 3030 595 3090 classem
611 3048 629 3089 e
644 3027 737 3088 Ponto
752 3028 920 3103 Byzantium
933 3029 1011 3105 adigi
1025 3029 1118 3088 insse·

1 3164 2 3172 ,
108 3122 162 3190 rat,
179 3113 332 3188 ambiguus
345 3113 470 3191 consilii,
486 3132 551 3174 rrum
569 3114 677 3174 omissa
688 3111 799 3172 Moesia
813 3111 1005 3188 Dyrrachium
1017 3111 1119 3192 pedite

108 3205 195 3274 atque
216 3197 331 3275 equite,
354 3195 436 3256 simul
459 3198 555 3275 longis
578 3197 699 3258 navibus
721 3213 837 3256 versum
854 3198 882 3256 in
903 3195 1015 3256 ltaliam
1038 3213 1119 3256 mare

108 3279 274 3355 clauderet,
300 3288 360 3340 tuta
375 3297 452 3361 pone
470 3290 584 3358 tergum
600 3279 712 3342 Acbaia
730 3280 875 3361 Asiaque,
905 3299 976 3360 quas
992 3281 1117 3340 inermes

1 3376 9 3426 f
107 3367 216 3446 exponi
238 3364 376 3443 Vitellio,
402 3366 430 3424 ni
456 3365 608 3444 praesidiis
633 3367 827 3434 firmamentum
849 3375 936 3444 atque
956 3367 1050 3442 ipsum
1067 3362 1158 3423 Vise

106 3452 216 3534 tollium
234 3451 262 3509 in
277 3450 389 3510 incerto
404 3450 470 3510 iore
485 3467 568 3527 qoam
581 3459 692 3529 partem
704 3447 806 3509 ltaliae
820 3457 1003 3585 protegeret,
1022 3446 1046 3506 si
1061 3444 1117 3504 sibi

174 3555 264 3595 tactui
280 3555 351 3596 PARS
369 3555 399 3593 ll.
939 3554 947 3588 t
