2596 3872
174 135 238 198 3⁰0
388 201 391 208 ,
424 143 591 193 conanum
609 142 727 191 naemu
747 142 932 191 ιιιιιιιιιι

174 301 303 363 Sextiles
320 301 490 380 prinoipium
518 298 643 358 incendii
663 297 747 359 buius
770 306 878 374 ortum,
909 313 966 376 gno
990 306 1020 359 ιι
1041 299 1182 362 Senones

173 393 289 465 eaptam
304 384 405 445 urbem
419 384 665 445 inflammaverint.
696 382 745 442 alii
765 398 911 461 eousque
935 399 1004 444 eura
1023 385 1180 463 progressi
1280 383 1281 386 ’

172 479 253 548 ιιιι,
273 479 304 531 ιι
325 469 443 530 totidem
467 484 558 529 annos
578 483 753 544 mensesque
774 475 803 526 et
823 463 886 525 dies
900 465 976 526 inter
992 475 1112 547 utraque
1134 471 1178 530 in·
1280 485 1281 488 ’

173 552 276 614 eendia
292 560 453 613 numerent.

235 637 287 697 42.
314 636 450 698 ceterum
470 634 551 696 Nero
572 653 641 696 usus
662 643 707 694 est
733 634 843 714 patriae
865 633 954 694 ruinis
975 637 1178 715 exstruxitque

173 720 305 800 domum,
323 721 353 782 in
368 739 425 801 qua
439 720 516 782 baud
531 719 652 799 perinde
667 736 800 796 gemmae
816 727 845 778 et
859 735 959 779 aurum
974 717 1114 780 miraculo
1131 739 1176 780 es
1280 759 1281 792 2

174 815 253 884 sent,
268 806 353 867 solita
368 805 480 884 pridem
494 812 524 864 ιι
538 803 605 863 Ιιιι
624 803 758 881 volgata,
782 819 867 882 quam
887 819 955 863 arva
981 810 1012 863 ιι
1026 811 1131 882 stagna
1146 811 1175 863 et
1280 815 1281 864 t

172 891 202 950 in
224 890 338 950 modum
359 888 542 950 solitudinum
556 887 623 948 bino
641 887 735 948 silvae
755 887 821 946 inde
836 895 938 966 aperta
954 885 1048 967 spatia
1064 896 1093 948 et
1109 905 1176 969 pro·
1280 911 1281 940 ι

147 983 310 1054 aspectus,
330 972 481 1051 magistris
495 981 523 1032 et
535 970 781 1032 machinatoribus
796 972 909 1031 Severo
928 979 957 1030 et
972 969 1096 1048 celere,
1115 971 1178 1051 qni·

172 1055 227 1118 bus
241 1057 389 1135 ingenium
404 1066 434 1118 et
450 1055 570 1116 audacia
585 1065 664 1133 erat,
687 1057 773 1116 etiam
791 1073 865 1135 qnae
885 1063 986 1116 natura
1000 1053 1183 1133 denegavis-

173 1149 235 1218 set,
259 1159 313 1220 per
332 1149 423 1219 artem
439 1148 583 1219 temptare
601 1139 756 1201 et'riribus
770 1139 910 1219 prinoipis
925 1138 1066 1201 inludere.
1098 1157 1178 1200 nam·
1280 1189 1281 1214 2

173 1241 231 1305 que
252 1224 289 1288 ab
311 1225 378 1288 laon
395 1225 515 1285 Averno
532 1223 725 1302 navigabilem
743 1223 852 1284 fossam
867 1241 959 1303 nsque
980 1224 1017 1285 ad
1038 1224 1114 1285 ostia
1130 1223 1196 1290 ut.

172 1309 273 1370 berino
286 1308 481 1389 depressuros
492 1308 697 1388 promiserant,
714 1306 858 1386 squalenti
872 1307 959 1368 litore
971 1316 1019 1368 aut
1032 1325 1085 1388 per
1095 1325 1177 1368 naon·

138 1415 163 1458 ao
172 1402 218 1455 ιιι
233 1394 385 1455 aduersos.
421 1411 517 1472 neque
536 1391 611 1452 enim
626 1391 702 1453 aliud
718 1390 842 1452 umidum
856 1392 1012 1470 gignendis
1029 1393 1113 1471 aquis
1128 1409 1177 1453 oo·

174 1480 264 1540 eurrit
278 1497 362 1558 quam
376 1478 547 1557 Pomptinae
562 1476 703 1556 paludes:
726 1484 825 1538 detera
845 1475 966 1556 abrupta
989 1483 1038 1538 aut
1052 1477 1178 1555 arentia,

173 1581 209 1624 ae
223 1563 248 1623 si
262 1563 410 1644 perrumpi
423 1571 563 1641 possent,
585 1559 783 1622 intolerandus
800 1559 885 1621 labor
901 1578 958 1621 nee
972 1561 1044 1623 satis
1058 1578 1178 1623 causae.

171 1645 254 1708 Nero
270 1656 381 1723 tamen,
401 1655 431 1706 ιι
446 1654 509 1707 erat
522 1644 731 1706 incredibilium
748 1646 875 1725 cupitor,
896 1644 1027 1706 eliodere
1045 1646 1178 1726 proxima
1280 1681 1281 1686 κ

172 1729 293 1792 Αιιιιο
308 1731 375 1808 iuga
392 1729 509 1790 oonisus
524 1737 579 1806 est,
596 1738 771 1809 manentque
786 1729 912 1807 vestigia
925 1730 1028 1790 inritae
1045 1731 1121 1811 spei.

235 1814 286 1875 43.
308 1812 443 1874 Ceterum
457 1812 538 1873 urbis
553 1830 629 1893 quae
649 1813 745 1873 domui
763 1823 937 1893 supererant
957 1832 1031 1893 non,
1057 1822 1087 1874 ιι
1109 1823 1178 1895 post

173 1897 284 1961 Galliae
305 1896 456 1974 ineendia,
479 1895 557 1956 nulla
578 1896 761 1958 distinetione
782 1917 840 1959 nee
863 1900 970 1977 passim
988 1909 1102 1977 ereata,
1123 1897 1178 1958 sed
1280 1921 1281 1950 ι

173 1981 309 2042 dimensis
329 1981 459 2041 visorum
483 1980 632 2042 ordinibus
653 1991 684 2042 et
704 1981 769 2042 latis
784 1983 895 2044 viarum
911 1985 1012 2063 spatiis
1036 1981 1176 2046 oobibita·
1236 1984 1242 1990 '
1280 2035 1281 2056 2

173 2083 230 2144 qne
247 2063 445 2126 aedilioiorum
460 2064 609 2126 altitudine
623 2083 658 2126 ae
674 2067 830 2145 patefactis
844 2069 920 2128 areis
932 2067 1095 2148 additisque
1107 2087 1175 2150 por·
1280 2065 1281 2078 *

147 2147 289 2223 arlothus,
303 2149 526 2229 quae'lroutem
548 2148 704 2212 insularum
731 2159 933 2230 protegerent.
971 2171 1022 2214 ιιι
1044 2155 1177 2232 partious
1280 2169 1281 2220 t

170 2231 252 2295 Nero
275 2252 327 2296 sua
348 2234 472 2320 peeunia
495 2243 706 2296 exstructurum
726 2244 925 2314 purgatasque
947 2253 1031 2299 areas
1051 2236 1175 2299 dominis
1280 2227 1281 2300 ζ

170 2319 338 2382 traditurum
359 2318 507 2400 pollicitus
526 2329 580 2380 est.
614 2318 721 2382 addidit
743 2321 870 2399 praemia
891 2337 946 2400 pro
965 2323 1105 2403 oniasque
1128 2340 1174 2384 or·
1280 2383 1281 2386 ,

171 2407 238 2470 diae
254 2417 284 2470 et
298 2408 342 2468 rei
359 2404 506 2470 iamillaris
523 2406 633 2488 eopiis,
657 2405 806 2487 linivitque
820 2414 934 2486 tempos
948 2407 1022 2468 intra
1038 2407 1116 2487 quod
1132 2407 1175 2468 ei·

170 2493 257 2557 leotis
280 2493 412 2555 domibus
436 2502 485 2556 ιιι
505 2493 607 2556 insulis
634 2496 843 2578 apiseerentnr.
880 2491 977 2558 ruderi
1000 2493 1172 2576 accipiendo

136 2594 162 2654 te
172 2581 323 2644 Ostienses
339 2579 460 2660 paludes
476 2580 651 2661 destinabat,
672 2583 770 2662 utique
786 2601 890 2662 naves,
912 2601 988 2662 quae
1001 2583 1174 2645 frumentum

172 2666 270 2729 'liberi
285 2666 548 2746 subvectavissent,
563 2676 683 2728 onustae
696 2665 801 2728 rudere
814 2667 1013 2745 decurrerent,
1029 2667 1173 2730 aedilicia·

171 2769 228 2832 que
239 2751 304 2830 ipsa
324 2760 404 2812 certa
420 2751 463 2811 sui
477 2760 561 2831 parte
577 2751 640 2812 sine
655 2750 786 2812 trabibus
801 2770 874 2813 saxo
891 2752 1001 2815 Gabino
1017 2751 1175 2815 Albanove

171 2832 381 2912 solidarentur,
408 2833 526 2914 quadis
544 2835 619 2915 lapis
636 2835 751 2915 ignibus
766 2838 923 2917 impervius
941 2845 1003 2907 est;
1028 2838 1084 2900 iam
1099 2853 1173 2918 aqna
1280 2885 1281 2914 ,

121 2930 125 2936 '
170 2921 349 3002 privatorum
370 2918 488 2981 lieentia
508 2920 669 3000 intercepta
690 2938 749 3001 quo
766 2921 879 3000 largior
893 2930 923 2981 et
947 2921 1078 3002 pluribus
1100 2921 1172 2983 loeis

137 3022 161 3065 ιι
171 3008 200 3068 in
214 3004 360 3086 publicum
381 3004 498 3082 flueret,
525 3003 677 3083 custodes,
700 3013 729 3066 ιι
745 3004 874 3067 subsidia
889 3005 1081 3086 reprimendis
1100 3005 1173 3084 igni·

171 3090 225 3152 bus
237 3091 265 3150 in
277 3089 437 3171 propatulo
445 3090 567 3169 quisque
582 3088 718 3160 baberet3
734 3107 790 3150 ιιι
807 3091 1007 3152 communione
1023 3090 1175 3170 parietum,

171 3173 224 3236 sed
244 3176 371 3255 propriis
393 3191 526 3255 quaeque
545 3173 633 3234 muris
656 3172 841 3235 ambirentur.
875 3191 910 3236 ιι
928 3192 966 3236 ιι
986 3175 1109 3236 ιιίΙίιιιι
1128 3192 1172 3236 ae

172 3268 259 3338 eepta
272 3255 409 3320 decorem
425 3275 542 3340 quoque
560 3276 654 3320 novae
668 3257 732 3318 urbi
754 3259 887 3320 attulere.
916 3267 998 3321 erant
1015 3268 1110 3320 tamen
1127 3258 1174 3337 qni

173 3341 338 3420 eraderent,
349 3352 480 3405 veterem
491 3341 571 3404 illam
583 3343 702 3405 formam
712 3341 872 3406 salubritati
883 3344 976 3423 magis
988 3342 1172 3420 eonduxtsse,
1280 3349 1281 3360 ³

136 3426 307 3503 eunomiam
322 3429 473 3506 angustiae
487 3427 620 3488 itinerum
635 3435 664 3488 et
685 3427 804 3524 altitudo
820 3437 962 3491 tectorum
979 3446 1037 3489 non
1053 3425 1175 3509 perinde
1280 3459 1281 3524 ι
