2570 3878
82 227 84 230 ,
160 157 223 219 200
415 165 581 214 cornuum
596 163 907 214 uucrrrsuusnrun

224 327 253 384 7.
276 321 360 383 llaud
374 321 494 382 defuere
513 321 561 400 qni
578 320 725 397 certatim,
746 320 772 378 si
793 327 976 378 cunctaretur
993 319 1117 397 Caesar,
1137 322 1165 382 ui

162 417 278 470 acturos
294 406 484 476 testificantes
501 413 685 484 erumperent
701 405 789 465 enria.
814 401 1006 480 conglobatur
1019 406 1165 483 promisca

160 490 309 552 multitudo
333 488 530 570 populumque
545 489 704 550 Romanurn
721 487 821 548 eadem
837 505 923 548 orare
945 487 1078 550 clamitat.
1108 507 1164 552 nec

161 574 298 639 Claudius
312 574 388 635 ultra
406 581 577 654 exspectato
594 571 697 634 obvius
714 571 789 651 apud
802 571 898 632 iorum
912 571 1036 650 praebet
1051 593 1083 634 se
1097 591 1165 650 qra-

137 658 298 736 ruentibus,
312 667 499 737 senatumque
514 658 664 736 ingressus
678 657 826 717 decretum
842 655 981 734 postulat,
997 673 1055 735 quo
1071 659 1164 718 iustae

160 747 235 806 inter
254 751 373 823 patruos
388 744 563 822 fratrumque
579 741 651 802 ilias
666 741 783 820 nuptiae
800 740 885 800 etiarn
899 740 927 798 in
943 749 1093 819 posterum
1105 747 1163 802 sta·

159 836 317 889 tuerentur.
350 843 406 887 nec
421 835 516 887 tomen
531 834 666 904 repertus
683 834 728 885 est
742 825 795 884 nisi
813 842 885 886 unus
907 823 971 884 talis
991 823 1164 886 matrimonii

160 915 291 990 cupitor,
314 909 448 970 Alledius
469 911 597 971 Severus
619 928 711 988 eques
732 909 896 986 Romanas,
917 925 1003 988 quem
1027 908 1163 988 plerique

158 995 341 1073 Agrippinae
361 995 453 1071 gratia
476 993 618 1074 inpulsum
637 992 780 1053 ferebant.
815 1009 902 1052 uersa
930 1012 968 1052 ex
994 1011 1032 1054 co
1061 995 1164 1054 civitas

126 1101 148 1140 ro
160 1088 189 1139 et
206 1086 309 1154 cuncta
325 1077 450 1138 feminae
465 1077 671 1153 oboediebant,
688 1094 746 1137 non
763 1095 817 1155 per
833 1075 992 1155 lasciviam,
1007 1087 1039 1138 nt
1052 1077 1163 1138 blessa-

157 1163 225 1240 lina,
239 1160 327 1222 rebus
341 1162 481 1223 llomanis
495 1160 644 1221 inludenti.
673 1159 824 1221 adductum
846 1169 876 1220 et
896 1163 979 1239 quasi
999 1163 1082 1222 virile
1100 1179 1163 1222 ser·

157 1248 270 1307 vitium:
291 1245 388 1323 palam
409 1246 553 1305 severitas
571 1263 608 1306 ac
628 1244 745 1323 saepius
765 1243 917 1323 superbia;
938 1245 1011 1307 nibil
1027 1247 1108 1306 domi
1121 1248 1163 1306 in-

158 1330 309 1410 pudicum,
331 1331 386 1390 nisi
408 1328 594 1391 dominationi
618 1327 783 1406 expediret
818 1327 925 1408 cupido
946 1332 1008 1390 anri
1024 1331 1162 1392 immensa

157 1413 306 1474 obtentum
322 1412 457 1491 babebat,
472 1415 553 1493 quasi
570 1410 726 1472 subsidium
740 1429 833 1490 reguo
850 1424 1009 1491 pararetur.
1074 1423 1078 1432 ’

127 1572 131 1581 ,
216 1498 246 1560 8.
268 1497 324 1558 Die
339 1499 502 1576 nuptiarum
517 1497 631 1558 Silanus
645 1505 766 1560 mortem
782 1495 837 1556 sibi
856 1499 1014 1580 conscivit,
1039 1501 1103 1560 siue
1124 1518 1161 1560 eo

155 1599 249 1661 usque
264 1599 347 1661 spem
360 1582 439 1642 'vitae
455 1581 649 1661 produxerat,
674 1599 727 1641 sen
747 1569 862 1642 delecto
881 1581 929 1642 die
948 1584 1111 1660 augendam
1125 1584 1161 1645 ad

156 1665 302 1726 invidiam.
332 1663 453 1725 Calvina
467 1683 556 1726 soror
570 1665 633 1724 eius
647 1663 730 1724 ltalia
752 1663 835 1744 pulsn
855 1673 910 1725 est.
944 1666 1052 1728 addidit
1075 1665 1160 1728 Glau-

156 1749 220 1810 dins
247 1765 332 1810 sacra
359 1767 396 1808 ex
421 1748 537 1825 legibus
561 1747 636 1808 l'nlli
662 1751 743 1824 regis
763 1747 938 1828 piaculaque
963 1750 1039 1830 apnd
1065 1751 1160 1811 lucurn

130 1832 266 1896 cDianae
291 1849 345 1911 per
371 1831 525 1910 pontifices
557 1830 665 1908 danda,
701 1831 1049 1913 mridentibus.eunetis,
1084 1836 1161 1914 quod

156 1933 272 1996 poenee
293 1916 574 1993 procurationesque
593 1914 697 1974 incesti
711 1914 748 1974 td
770 1917 908 1994 temporis
930 1923 1159 1997 exquirerentur.

156 2009 186 2060 at
199 1999 376 2077 Agrippina,
389 1997 523 2057 mensalis
536 2006 643 2059 tanturn
658 1998 837 2060 facinoribus
851 2007 1031 2081 notesceret,
1046 2003 1160 2063 ueniam

156 2083 236 2143 exilii
253 2099 307 2160 pro
323 2081 446 2141 Annaeo
464 2083 590 2158 Seneca,
603 2077 687 2142 simul
703 2092 867 2161 praeturam
883 2085 1034 2165 impetret,
1055 2086 1160 2148 laetum

154 2168 183 2226 in
199 2165 345 2247 publicum
359 2175 421 2226 rata
438 2164 475 2226 ob
497 2165 694 2227 claritudinem
717 2167 875 2228 stadiorum
895 2171 973 2247 eins,
994 2181 1082 2250 ntqne
1101 2170 1160 2230 llo·

120 2252 227 2318 aomitii
248 2251 371 2328 pueritia
393 2249 444 2309 tali
464 2250 602 2326 magistro
623 2250 810 2312 adolesceret
831 2260 866 2311 et·
879 2254 1008 2314 consiliis
1031 2253 1160 2314 eiusdem

155 2336 190 2396 ad
206 2352 288 2413 spem
303 2333 506 2394 dominationis
521 2342 686 2411 uterentur,
709 2335 776 2413 qnia
792 2335 906 2398 Seneca
920 2336 994 2399 bdue
1007 2339 1036 2399 in
1050 2337 1127 2415 Agri
1148 2369 1159 2384 ·

154 2421 250 2500 pinam
270 2419 408 2478 memoria
425 2416 562 2496 beneficii
587 2426 615 2479 et
631 2418 760 2479 intensus
777 2417 898 2481 Claudio
914 2421 1018 2482 dolore
1039 2423 1159 2482 iniuriae

154 2501 336 2564 credebatur.
1156 2523 1161 2532 ·

214 2589 244 2649 9.
267 2585 407 2646 Placitum
426 2581 531 2643 debinc
553 2602 611 2645 non
630 2585 704 2647 ultra
730 2589 877 2666 cunctari,
903 2589 955 2650 sed
979 2589 1160 2668 designatum

155 2668 306 2730 consulem
320 2669 482 2731 llemminm
497 2667 659 2729 Pollionem
672 2670 840 2747 ingentibus
857 2675 1006 2750 promissis
1024 2673 1161 2735 inducunt

153 2753 323 2825 sententiam
349 2769 539 2832 expromere,
568 2763 783 2832 quaereretur
811 2753 945 2818 Claudius
974 2757 1161 2837 despondere

154 2835 304 2897 Octaviam
323 2836 466 2906 Domitio;
495 2835 572 2914 quod
594 2838 682 2898 aetati
703 2839 853 2918 utriusque
875 2859 933 2902 noar
955 2840 1109 2902 absordum
1130 2852 1161 2903 et

130 2922 263 2986 smaiora
283 2921 495 2999 patefacturum
517 2930 589 2981 erat.
617 2921 712 2983 Pollio
728 2921 804 2984 baud
825 2923 987 3003 disparibus
1001 2924 1102 2987 verbis
1124 2945 1161 2987 ac

153 3023 247 3084 nuper
265 3004 401 3066 Vitellius
424 3011 544 3074 censet;
575 3004 830 3086 despondeturque
854 3005 989 3087 Octavia,
1011 3028 1049 3070 ac
1070 3029 1160 3090 super

153 3092 281 3168 priorem
311 3087 557 3148 necessitudinem
592 3106 719 3180 sponsus
749 3092 806 3151 iam
837 3087 987 3170 et'gener
1016 3092 1160 3155 Domitius

154 3175 272 3252 aequari
293 3171 459 3238 Britannico
482 3173 583 3248 stadiis
598 3175 713 3252 matris,
735 3183 797 3236 arte
814 3193 914 3236 eorum
928 3178 994 3256 quis
1014 3177 1052 3238 ob
1071 3197 1158 3240 acon·

155 3265 245 3316 satam
260 3256 443 3316 Messalinam
456 3255 528 3317 ultio
546 3277 584 3318 ex
600 3257 660 3318 lilio
677 3259 837 3320 timebatur.
915 3294 918 3295 ν

220 3342 270 3402 to.
290 3340 346 3400 Per
357 3339 433 3398 idem
444 3348 557 3420 tempus
569 3342 661 3419 legati
673 3343 843 3405 Parthorum
855 3345 890 3406 ad
903 3344 1106 3425 expetendum,
1128 3354 1159 3406 ut

155 3423 270 3500 rettuli,
289 3421 477 3484 llleberdaten
502 3427 583 3486 missi
609 3437 737 3488 senatum
752 3428 950 3506 ingrediuntur
966 3429 1158 3509 mandataque
