2596 3872
172 135 234 199 278
425 145 590 196 connum
607 144 726 194 usorrr
741 143 925 194 ιιιιιιιιιιιι

171 305 302 385 pluribus
324 303 402 366 salus
426 305 503 365 eius'·
512 300 681 380 curabatur,
702 309 732 362 ct
755 301 878 381 spatium
900 302 1012 364 itineris
1035 320 1070 365 ac
1091 286 1179 368 maris

170 399 381 470 tempusque
362 389 544 449 interiectum
565 393 698 447 mouerat
718 385 837 456 iamam;
858 386 1009 467 vulgoque
1030 388 1181 468 fingebant

171 476 292 554 petitum
315 472 351 534 ab
375 491 411 535 co
430 470 644 548 Corbulonem,
665 472 778 549 maguis
798 479 856 531 tum
874 471 1051 534 exercitibus
1067 477 1179 554 praesi

140 558 286 620 sdentem
307 566 352 636 ct,
382 557 454 619 clari
477 565 564 636 atque
590 557 720 616 insontes
745 555 775 616 ri
794 555 1039 635 interficerentur,
1064 561 1178 638 praeci·

170 661 255 723 puum
278 640 314 703 ad
336 641 476 722 pericula.
507 642 575 721 quin
596 648 625 700 et
646 638 745 701 Asiam
766 639 869 702 farore
891 641 1004 702 iuvenis
1026 660 1105 703 arma
1129 662 1177 704 ce-

167 729 267 808 pisse,
290 745 347 787 nec
369 727 475 788 milites
497 725 533 786 ad
555 723 653 786 scelus
670 725 776 786 missos
798 733 845 786 aut
867 741 986 786 numero
1002 725 1115 788 validos
1130 739 1179 790 aut
1287 737 1288 746 ’

165 813 264 873 animo
277 820 440 912 promptos,
455 819 609 891 postquam
619 811 697 870 iussa
710 809 832 872 eiicere
843 813 1038 890 nequiverint,
1053 809 1092 872 ad
1107 830 1180 891 spes

168 913 262 958 novas
288 897 438 957 transisse.
481 911 555 956 rana
579 893 654 956 hacc
679 911 761 955 more
787 893 882 956 lamae
911 896 1088 957 credentium
1115 898 1177 958 otio

136 997 160 1039 ιι
169 979 364 1065 augebantur
381 989 509 1041 ceterum
526 977 649 1040 libertus
661 978 753 1040 Plauti
766 978 916 1040 celeritate
927 989 1081 1041 ventorum
1092 999 1176 1060 pree·

168 1066 248 1125 venit
264 1064 462 1125 centurionem
484 1071 514 1125 et
530 1061 662 1125 mandata
681 1062 712 1122 L.
728 1062 845 1123 Antistii
860 1066 956 1125 soceri
971 1063 1079 1126 attulit:
1104 1066 1176 1128 edu·

167 1158 253 1228 geret
268 1165 390 1227 segnem
405 1156 541 1217 mortem,
562 1147 867 1226 soutiomsrriiugium:
888 1165 926 1208 ex
940 1150 1037 1228 magni
1050 1151 1176 1210 nominis

166 1233 353 1294 miseratione
385 1241 567 1313 reperturum
580 1229 687 1308 bonos,
705 1233 937 1292 consociaturum
953 1233 1096 1295 audaces:
1112 1233 1177 1295 nul-

164 1319 226 1380 ium
251 1319 365 1378 interim
391 1315 548 1378 subsidium
577 1313 797 1395 aspernandum.
837 1317 862 1375 sl
891 1317 1042 1395 sexaginta
1068 1319 1176 1378 milites

134 1421 158 1462 ιι
171 1406 230 1484 (tot
245 1402 319 1474 enim
335 1400 541 1480 adveniebant)
558 1400 747 1480 propulisset,
766 1399 831 1460 dum
845 1400 972 1462 refertur
988 1405 1101 1464 nuntius
1115 1401 1175 1462 Ne-

167 1489 249 1566 roni,
271 1487 336 1548 dum
356 1505 457 1549 manus
478 1484 534 1549 alia
553 1494 701 1566 permeat,
730 1484 818 1546 multa
838 1495 974 1547 secutura
993 1505 1068 1567 quac
1089 1485 1174 1548 adus-

167 1591 224 1652 que
244 1571 354 1633 bellum
375 1571 588 1634 evalescerent.
618 1568 742 1649 denique
765 1577 813 1631 aut
834 1569 956 1632 salutem
978 1571 1027 1632 tali
1050 1572 1173 1635 consilio

167 1659 287 1736 quaeri,
315 1665 363 1717 aut
389 1655 458 1744 qilril
485 1655 603 1734 grauius
631 1652 746 1715 audenti
775 1656 986 1734 quemignavo
1009 1654 1177 1734 patiendum
1287 1705 1288 1746 ι

167 1759 280 1885 essebi).
304 1823 363 1884 Sed
378 1823 508 1885 Plautum
525 1842 559 1884 ea
574 1841 632 1884 unu
646 1840 783 1903 movere,
802 1825 867 1884 sire
883 1825 989 1887 nullam
1004 1841 1090 1905 opem
1105 1841 1174 1905 pro·

166 1907 283 1970 videbat
303 1908 420 1982 inermis
443 1917 527 1988 atque
557 1907 641 1985 exul,
670 1926 722 1970 seu
743 1907 838 1970 taedio
860 1908 1014 1988 ambiguas
1036 1909 1116 1990 spei,
1137 1927 1174 1975 eu
1287 1947 1288 1956 2

166 2010 264 2054 amore
282 1993 415 2071 coniugis
429 2001 459 2053 et
473 1991 641 2070 liberorum,
658 1992 761 2070 quibus
776 1993 996 2072 placabiliorem
1012 1994 1079 2055 iore
1095 1995 1170 2072 prin·

167 2080 261 2158 cipem
281 2075 399 2139 rebatur
423 2075 500 2137 nulla
521 2075 715 2137 sollicitudine
735 2077 887 2138 turbatum.
917 2087 982 2138 sunt
1002 2079 1049 2158 qui
1065 2077 1173 2138 aliosa

167 2179 274 2224 socero
291 2162 406 2222 nuntios
424 2160 541 2222 venisse
556 2161 668 2240 ierant,
692 2170 835 2242 tamquam
854 2161 924 2222 nibil
945 2172 1030 2225 atrox
1044 2162 1172 2223 immine·

163 2254 224 2317 ret;
253 2245 450 2327 doctoresque
474 2246 649 2327 sapientiae,
678 2244 841 2307 Coeranum
862 2245 984 2326 Graeci,
1009 2246 1171 2322 blusoniurn

163 2331 251 2392 Tusci
275 2331 411 2408 generis,
436 2330 626 2392 constantiam
647 2330 847 2413 opperiendae
867 2331 985 2392 mortis
983 2347 1038 2412 pro
1058 2330 1171 2390 incerta
1287 2337 1288 2394 l

164 2425 192 2476 et
207 2413 320 2494 trepida
333 2415 393 2476 vita
413 2416 551 2476 suasisse.
582 2423 716 2514 repertus
737 2423 782 2475 est
803 2424 884 2476 certe
903 2432 958 2495 per
971 2414 1094 2480 medium
1112 2413 1172 2475 diei
1287 2449 1288 2460 .

163 2497 255 2560 nudus
286 2498 474 2560 exercitando
503 2500 633 2578 corpori.
666 2499 753 2561 talem
774 2517 838 2560 eum
865 2501 996 2560 centurio
1018 2491 1173 2560 trucidavit
1287 2513 1288 2574 ι

131 2605 154 2645 ιι
165 2600 263 2643 coram
278 2581 428 2660 Pelagone
447 2581 587 2663 spadone,
604 2602 688 2664 quem
701 2581 783 2644 Nero
795 2583 957 2645 centurioni
971 2593 1001 2645 et
1011 2582 1170 2664 manipulo,
1287 2591 1288 2594 ’

163 2684 245 2746 quast
237 2665 432 2728 satellitibus
448 2667 606 2727 ministrum
625 2671 754 2748 regium,
773 2677 995 2769 praeposuerat.
1028 2669 1136 2748 caput
1128 2684 1168 2726 ιιι·

117 2819 125 2830 ι
162 2749 278 2811 terfecti
292 2750 429 2824 relatum;
446 2753 527 2812 cuius
541 2761 663 2832 aspectu
679 2753 760 2832 (ipsa
773 2752 913 2834 principis
926 2752 1016 2814 verba
1026 2751 1169 2830 referam)

127 2877 131 2883 .
165 2847 232 2908 cur,
259 2831 366 2911 inquit,
391 2833 471 2894 Nero
494 2833 560 2874 ***
583 2844 613 2895 et
638 2837 737 2914 posito
763 2843 842 2895 metu
869 2838 985 2918 nuptias
1001 2837 1159 2918 Poppaeae

162 2916 200 2978 ob
222 2915 383 2980 eiusmodi
404 2927 535 2979 terrores
556 2918 673 2998 dilatas,
698 2929 841 2982 maturare
862 2931 946 3000 parat
960 2921 1167 3001 Octaviamque

129 3019 153 3060 rs
163 2999 315 3080 coniugem
330 3001 450 3080 amoliri,
469 3003 599 3082 quamvis
613 3003 745 3066 modeste
761 3014 879 3084 ageret,
901 3007 1016 3068 uomina
1032 3008 1124 3086 patris
1140 3013 1167 3067 et

162 3085 263 3148 studiis
281 3087 383 3168 populi
399 3105 530 3165 gravem.
562 3088 614 3148 sed
629 3087 664 3148 ad
680 3098 810 3150 senatum
821 3088 921 3152 literas
935 3091 1012 3152 misit
1024 3089 1060 3152 de
1076 3090 1168 3151 caede

161 3171 262 3233 Sullae
282 3170 434 3251 Plautique
457 3171 533 3232 baud
548 3172 717 3250 confessus,
740 3192 840 3235 verum
857 3177 1006 3256 utriusque
1024 3174 1167 3235 turbidum

161 3257 308 3332 ingenium
324 3274 401 3335 esse,
418 3266 448 3317 et
465 3256 521 3317 sibi
535 3220 758 3318 incolumitatbm
775 3258 969 3338 reipublicae
980 3277 1082 3338 magna
1097 3277 1167 3320 cure
1222 3265 1224 3271 '

161 3337 272 3400 baberi.
289 3340 426 3402 decretae
435 3359 472 3404 co
481 3358 596 3402 nomme
609 3341 848 3423 supplicationes,
857 3352 946 3424 utque
955 3345 1035 3406 Sulla
1045 3342 1173 3404 etPlau

128 3431 153 3472 τι
164 3428 208 3512 tus
224 3432 325 3485 senatu
339 3435 536 3504 morerentur,
554 3425 738 3507 grauioribus
755 3436 813 3489 tum
827 3428 956 3524 ludibriis
973 3447 1057 3511 quam
1071 3426 1164 3491 malis.
