2536 3870
499 207 677 262 cuma-o.
1030 196 1096 259 215

157 367 185 425 5.
210 365 302 425 l’rirna
318 371 477 424 castrorum
491 363 650 424 rudimenta
664 365 692 423 in
706 363 851 424 Britannia
865 364 1004 423 Suetonio
1019 364 1166 424 Pau-“⁰‘'

95 449 169 526 lino,
192 447 323 526 diligenti
339 465 374 507 ac
393 447 544 507 moderato
565 448 647 524 duci,
669 446 858 527 adprobavit,
878 447 990 508 electus
1007 463 1093 528 quem

94 531 282 594 contubernio
304 531 478 592 aestimaret.
512 549 568 592 neo
588 530 729 608 Agricola
747 532 885 608 licenter,
910 547 990 590 more
1012 531 1093 590 iuve-

93 635 158 678 num
174 617 221 696 qui
234 616 361 677 militiam
374 617 403 675 in
418 615 565 676 lasciuiam
581 623 712 692 vertunt,
733 631 829 694 neque
844 615 974 692 segniter
990 613 1025 674 ad
1041 631 1093 673 vo-

70 725 72 730 ’
93 701 217 780 luptates
233 710 262 760 et
277 708 453 760 commeatus
468 698 578 759 titulum
593 699 751 759 tribunatus
767 707 796 758 et
810 699 951 759 inscitiam
966 697 1092 760 rettulit:
1107 722 1125 762 a

92 785 143 846 sed
168 803 293 846 noscere
315 784 508 862 provinciam,
530 784 611 843 nosci
633 783 790 859 exercitui,
804 780 919 844 discere
942 782 1093 861 aperitis,

92 869 175 946 sequi
191 870 336 947 optimos,
352 866 421 926 nibil
437 865 577 945 adpetere
593 867 622 926 iu
636 866 838 941 iactationem,
856 865 926 926 nihil
942 865 979 926 ob
995 865 1106 926 torno--

91 954 186 1012 dinem
205 967 345 1010 recusare
364 948 505 1028 simulque
524 958 553 1010 et
572 951 673 1010 anxius
696 959 724 1010 et
745 951 870 1010 intentus
894 967 994 1028 agere.
1033 966 1091 1009 non

93 1053 164 1094 sane
185 1033 257 1093 alias
280 1033 465 1094 exercitatior
484 1035 634 1114 magisque
656 1035 685 1094 in
701 1033 836 1112 ambiguo
857 1033 1002 1094 Britannia
1022 1033 1090 1094 luit:

91 1116 225 1180 trucidati
246 1117 389 1195 veterani,
414 1119 551 1178 incensae
574 1119 727 1197 coloniae,
753 1119 908 1198 intercepti
930 1117 1137 1187 exercitusnu

91 1213 148 1264 tum
170 1201 208 1262 de
223 1200 331 1279 salute,
352 1218 420 1261 mox
438 1201 474 1260 de
494 1203 616 1262 victoria
633 1211 794 1263 certavere.
824 1218 899 1280 quae
915 1209 1020 1262 cuncta
1038 1203 1095 1262 etsi

93 1286 223 1346 consiliis
241 1285 384 1362 ductuque
401 1284 520 1345 alterius
534 1285 706 1363 agebantur,
722 1304 758 1346 ac
773 1303 880 1346 summa
892 1303 988 1345 rerum
1003 1294 1032 1344 et
1048 1304 1094 1345 re·

94 1368 419 1447 ciperataeprorinciae
431 1367 526 1444 gloria
541 1367 570 1426 in
586 1368 688 1428 ducem
703 1368 803 1443 cessit,
817 1376 908 1427 artem
924 1377 952 1427 et
967 1385 1049 1426 usum
1065 1376 1096 1428 et

93 1450 224 1512 stimulos
246 1449 383 1509 addidere
403 1450 517 1527 iuveni,
540 1451 714 1530 intravitque
734 1451 855 1510 animum
879 1451 1009 1511 militaris
1029 1451 1095 1528 glo·

19 1609 21 1614 ,
92 1536 154 1596 riae
172 1531 291 1613 cupido,
309 1535 420 1611 ingrata
435 1533 615 1612 temporibus
633 1533 736 1613 quibus
753 1535 869 1594 sinistra
883 1551 955 1610 erga
970 1535 1094 1594 eminen·
1105 1556 1133 1599 aa

91 1629 137 1678 tes
152 1617 352 1695 interpretatio
374 1635 430 1679 nec
444 1616 536 1678 mium
556 1617 717 1698 periculum
737 1633 898 1695 aramagna
918 1617 993 1678 lama
1011 1635 1096 1696 quam

92 1701 228 1763 eramala.

156 1779 185 1848 6.
207 1783 281 1846 llino
298 1785 334 1847 ad
354 1785 552 1867 capessendos
569 1786 757 1863 magistratus
776 1785 805 1844 in
826 1784 926 1846 urbem
944 1785 1096 1864 digressus

90 1871 243 1932 Domitiam
255 1869 452 1948 Decidianam,
468 1870 629 1951 splendidis
641 1869 785 1931 natalibus
800 1877 901 1948 ortam,
918 1869 973 1930 sibi
988 1869 1095 1939 iunxit:

91 1956 179 2034 idque
201 1955 408 2015 matrimonium
432 1955 468 2016 ad
491 1955 600 2016 maiora
621 1954 721 2014 nitenti
744 1953 834 2014 decus
859 1971 894 2013 ao
916 1953 1006 2015 robur
1031 1953 1094 2013 fuit.
1162 2006 1173 2028 ,

91 2039 282 2114 vixeruntque
297 2038 368 2096 mira
391 2037 564 2113 concordia,
588 2056 641 2117 per
656 2045 778 2097 mutuam
795 2039 942 2097 caritatem
965 2045 993 2096 et
1009 2037 1038 2095 iu
1053 2037 1095 2096 vi·

94 2138 156 2181 cem
172 2137 206 2179 se
226 2121 448 2200 anteponendo,
473 2121 528 2180 nisi
549 2121 627 2199 quod
641 2122 670 2180 in
691 2120 767 2180 bona
789 2137 881 2178 uxore
901 2129 980 2179 tanto
1003 2119 1122 2179 maiora

91 2205 156 2265 iaus
177 2211 283 2281 quanto
305 2203 333 2264 in
354 2203 428 2263 mala
443 2204 509 2283 plus
530 2203 635 2281 cnlpae
658 2211 712 2263 est.
748 2220 813 2262 sors
834 2212 1009 2281 quaesturae
1028 2219 1097 2281 pro·

91 2287 215 2348 vinciana
229 2285 345 2364 Asiana,
361 2304 414 2366 pro
434 2286 555 2347 consule
571 2286 696 2348 Salvium
713 2285 853 2346 Titianum
868 2284 959 2366 dedit,
974 2303 1097 2365 quorum

91 2379 195 2430 neutro
212 2379 366 2448 corruptus
382 2379 438 2448 est,
455 2387 626 2450 quamquam
637 2379 668 2433 et
681 2371 832 2449 provincia
848 2369 929 2430 dives
945 2388 981 2431 ao
995 2378 1097 2449 parata

93 2453 293 2535 peccantibus,
306 2463 333 2513 et
346 2471 399 2533 pro
411 2453 571 2515 consulein
583 2471 696 2514 omnem
708 2453 871 2515 aviditatem
886 2471 995 2533 pronus
1007 2471 1096 2532 quan·

91 2537 194 2599 talibet
214 2537 352 2597 facilitate
375 2538 577 2618 redempturus
597 2547 679 2598 esset
695 2537 1131 2599 mutuamdissimulationemro

91 2619 168 2683 mali.
200 2629 302 2683 auctus
323 2629 367 2681 est
387 2621 428 2681 ibi
449 2623 526 2701 lilia,
550 2625 580 2684 in
600 2621 756 2683 subsidium
778 2621 861 2682 simul
886 2631 916 2682 et
939 2621 1095 2689 solacium:

91 2724 156 2766 narn
178 2705 267 2765 lulium
287 2713 354 2766 ante
372 2704 513 2767 sublatum
535 2706 617 2767 brevi
638 2706 740 2770 amisit·
771 2723 839 2765 mox
865 2705 939 2766 inter
962 2714 1097 2786 quaestu·

90 2807 152 2850 ram
174 2806 210 2848 ac
231 2787 403 2849 tribunatum
420 2789 515 2870 plebis
537 2797 623 2871 atque
645 2791 739 2869 ipsum
760 2793 844 2850 etiam
867 2789 1025 2851 tribunatus
1048 2807 1097 2850 an·

90 2892 156 2934 num
179 2873 277 2953 quiete
299 2881 328 2934 et
350 2875 409 2935 otio
428 2876 555 2951 transiit,
578 2892 686 2952 gnarus
707 2872 760 2934 sub
781 2872 900 2934 Nerone
919 2883 1096 2953 temporum,

90 2958 194 3036 quibus
216 2957 320 3018 inertia
349 2977 403 3036 pro
426 2959 568 3039 sapientia
590 2957 652 3019 luit.
689 2958 765 3018 idern
788 2966 943 3037 praeturae
958 2967 1044 3018 tenor
1065 2963 1137 3020 etna.

91 3040 250 3111 silentium;
274 3058 331 3100 neo
352 3043 426 3101 euim
448 3043 607 3103 iurisdictio
631 3041 802 3104 obvenerat.
842 3042 927 3102 ludos
952 3051 981 3102 et
1002 3041 1094 3101 inania

88 3123 213 3182 ‘lronoris
228 3123 323 3183 medio
345 3125 465 3184 rationis
482 3135 568 3205 atque
583 3125 775 3188 abundantiae
797 3126 892 3200 duxit,
915 3126 957 3185 uti
972 3125 1061 3201 longe
1078 3141 1095 3182 a

91 3206 221 3282 luxuria,
249 3208 287 3267 ita
309 3206 403 3267 lamae
424 3209 556 3288 propior.
592 3219 649 3271 tum
671 3210 784 3271 electus
809 3228 825 3270 a
847 3207 937 3270 Galba
962 3207 998 3268 ad
1019 3207 1096 3267 dona

90 3288 264 3370 templorum
274 3293 517 3369 recognoscenda
529 3291 748 3372 diligentissima
761 3291 972 3371 conquisitione
986 3289 1093 3364 elieoit,

91 3392 128 3433 ne
145 3374 225 3434 cuius
241 3373 360 3434 alterius
379 3376 562 3455 sacrilegium
583 3376 764 3457 respublica
786 3392 869 3457 quam
885 3372 1010 3434 Neronis
1029 3387 1082 3431 aaa
1104 3391 1133 3431 ao

91 3459 194 3522 sisset.
210 3484 214 3490 ·
