2540 3874
409 227 478 275 uun.
491 227 541 276 111.
559 227 634 276 cna.
647 225 767 280 sat—so.
909 268 914 276 .
1035 219 1091 282 tot

94 385 276 446 uon-senatui
290 381 412 446 libertas
429 385 464 446 ad
480 383 682 464 paenitendum
698 391 776 460 erat,
792 401 888 463 neque
904 383 1036 448 Tiberius
1050 387 1119 449 inm

95 469 215 530 tericctu
230 469 372 548 temporis
390 468 583 546 mitigabatur.

151 551 203 613 52.
234 549 266 614 G.
290 552 437 632 Sulpicius
457 551 657 615 D.'Haterius
687 551 825 613 consules
852 563 1028 632 sequuntur,
1053 557 1093 616 in·

93 637 219 700 turbidus
237 638 368 697 externis
376 636 470 698 rebus
487 654 595 713 annus,
619 636 695 720 domi
718 645 855 715 suspecta
871 639 1029 700 seueritate
1045 642 1093 702 ad·

91 731 204 784 versum
219 721 327 799 luxum,
344 722 393 801 qui
409 723 569 782 inmensum
582 729 758 801 proruperat
779 719 816 781 ad
838 730 941 783 cuncta
957 724 1022 801 quis
1042 743 1093 805 pe·
1132 727 1135 736 ¹

92 808 171 868 cunia
186 805 359 886 prodigitur.
385 805 440 867 sed
455 805 512 868 alia
529 815 701 886 sumptuum,
718 805 1018 886 quamvtogrnvtora,
1036 808 1092 869 dis·

90 890 227 953 simulatis
243 891 415 974 plerumque
432 891 534 970 pretiis
552 889 799 958 occultabantur;,
814 893 924 952 uentris
939 901 968 953 et
980 909 1093 970 ganeae
1107 904 1120 943 ⁵

89 984 205 1057 paratus
221 974 348 1038 adsiduis
363 975 548 1036 sermonibus
564 975 675 1054 vulgati
690 971 824 1036 lecerunt
840 993 948 1052 curam,
965 995 1003 1037 ne
1017 979 1093 1056 prin-

9 1087 10 1120 3
91 1078 160 1140 ceps
177 1059 312 1138 andoure
327 1060 522 1140 parsimoniae
534 1061 634 1121 durius
647 1060 824 1122 adverteret.
856 1076 920 1121 nam
935 1061 1093 1139 incipiente

90 1143 121 1206 G,
143 1143 247 1206 Bibulo
272 1145 364 1205 ceteri
388 1161 506 1225 quoque
526 1144 639 1209 aediles
659 1146 873 1222 disseruerunt,
896 1145 996 1225 sperni
1018 1163 1092 1208 snm-

48 1255 54 1266 ·
88 1230 227 1310 ptuariam
251 1229 348 1308 legem
368 1230 517 1308 vetitaque
540 1230 705 1292 utensilium
729 1230 823 1310 pretia
845 1231 947 1308 augeri
969 1231 996 1290 in
1018 1231 1091 1310 dies,

88 1331 142 1375 nec
162 1312 359 1374 mediocribus
382 1315 519 1375 remediis
534 1315 597 1375 sisti
612 1332 711 1394 posse.
746 1323 775 1383 et
792 1315 917 1376 consulti
933 1323 1033 1394 patres
1050 1318 1128 1376 in-10

88 1409 199 1476 tegrum
221 1396 250 1458 id
270 1397 420 1476 negotium
441 1398 477 1460 ad
492 1399 654 1481 principem
674 1398 854 1460 distulerant.
883 1399 938 1460 scd
959 1398 1093 1462 'liberius
1125 1459 1126 1464 ,

88 1500 177 1562 saepe
193 1480 271 1561 apud
285 1499 319 1542 se
334 1485 492 1564 pensitato,
509 1501 546 1544 an
562 1483 696 1544 coerceri
713 1493 769 1544 tsm
785 1483 926 1564 profusae
942 1484 1093 1562 cupidines

86 1575 223 1648 possent,
244 1584 310 1628 nam
330 1567 472 1631 coercitio
494 1567 560 1648 plns
582 1566 676 1654 damni
696 1569 725 1628 in
746 1585 809 1628 rem
829 1565 974 1647 publicam
988 1569 1092 1647 ierret,

86 1669 170 1732 quam
185 1650 356 1713 indecorum
371 1651 537 1714 adtrectare
553 1652 631 1732 quod
650 1669 709 1713 non
727 1651 874 1714 obtineret
887 1651 936 1713 uel
949 1661 1093 1715 retentum

85 1735 269 1816 ignominiam
290 1743 321 1796 et
345 1736 489 1798 infamiam
511 1738 639 1798 virorum
665 1737 826 1798 inlustrium
855 1746 1009 1816 posceret,
1040 1755 1092 1818 po·
1105 1738 1127 1780 ¹⁵

85 1831 193 1882 strena
215 1820 317 1882 literas
341 1821 378 1882 ad
398 1831 529 1882 senatum
552 1823 731 1903 composuit,
755 1839 875 1904 quarum
901 1823 1044 1884 sententia
1066 1824 1093 1884 iu

84 1905 290 1967 buncmodum
304 1905 366 1967 luit.
595 1951 598 1956 .
1076 1939 1079 1946 .

146 1990 199 2052 53.
222 1986 352 2051 ‘Ceteris
373 1990 496 2052 forsitan
516 1991 544 2052 in
564 1991 671 2068 rebus,
695 2000 801 2070 patres·
811 1991 985 2071 conscripti,
1000 1993 1092 2071 magis

83 2074 224 2153 expediat
245 2093 292 2135 me
314 2091 413 2139 coram
433 2076 608 2157 interrogari
631 2083 661 2138 et
680 2076 783 2136 dicere
799 2075 868 2154 qnid
889 2093 953 2136 ere
975 2076 1093 2155 publica

83 2175 237 2222 censeam:
261 2160 290 2220 in
304 2158 360 2220 hac
379 2159 523 2222 relatione
544 2159 675 2220 subtrahi
691 2159 795 2222 oculos
810 2177 892 2220 mess
908 2160 1012 2221 melius
1028 2160 1092 2237 fuit,

9 2253 11 2264 ’
80 2262 120 2306 ne
143 2242 349 2308 denotantibus
377 2243 463 2305 robis
489 2261 541 2307 ora
564 2262 599 2308 ac
620 2253 727 2310 metum
750 2243 945 2323 singulorum,
970 2244 1019 2324 qui
1042 2263 1093 2324 pu·

79 2329 171 2391 dandi
193 2329 279 2390 luxus
302 2338 512 2408 arguerentur,
543 2331 609 2409 ipse
625 2329 713 2390 etiam
733 2329 863 2390 riderem
886 2345 939 2388 eos
957 2345 994 2389 aa
1014 2328 1120 2389 velut⁸

80 2413 308 2494 deprenderem.
339 2413 455 2494 quodsi
470 2431 584 2476 mecum
599 2423 665 2475 ante
678 2415 733 2474 viri
748 2413 871 2490 strenui,
884 2412 1008 2489 aediles,
1022 2415 1094 2475 'cou-

79 2499 178 2559 silium
193 2497 381 2575 habuissent,
396 2501 498 2562 nescio
517 2517 553 2562 ao
569 2516 708 2560 suasurus
724 2497 829 2561 inerim
845 2498 979 2559 omittere
997 2498 1095 2577 potius

78 2581 253 2662 praeualida
270 2591 300 2644 et
317 2582 415 2644 adulta
429 2583 498 2662 uitia
512 2601 599 2663 qnam
613 2583 671 2645 boo
684 2582 822 2665 adsequi,
846 2590 878 2655 ut
897 2582 995 2660 palam
1011 2581 1095 2642 lieret

78 2667 188 2748 quibus
215 2665 333 2745 flagitiis
363 2669 493 2747 impares·
519 2685 661 2728 essemus.
701 2667 755 2729 sed
776 2668 818 2730 illi
849 2667 966 2746 quidem
994 2665 1094 2750 cilicio

76 2751 174 2812 functi
189 2760 264 2832 sunt,
282 2760 314 2813 ut
327 2760 448 2812 ceteros
460 2769 580 2832 quoque
592 2752 778 2831 magistmtus
793 2771 845 2815 sua
860 2751 954 2812 munia
969 2751 1093 2831 implere
1107 2757 1129 2799 ¹⁰

76 2835 188 2897 velim:
203 2835 271 2896 mibi
287 2845 383 2898 autem
399 2853 495 2916 neque
510 2836 663 2898 honestum
679 2836 770 2898 silere
782 2853 882 2918 neque
893 2835 1030 2917 proloqui
1044 2853 1094 2898 ex·

75 2919 228 3000 peditum,
254 2917 320 2999 q'uia
341 2936 400 2981 non
421 2919 524 2998 aedilis
548 2931 598 2982 out
616 2923 763 3001 praetoris
785 2930 834 2984 aat
856 2920 985 2982 consulis
1004 2920 1095 3000 partis

9 3065 11 3074 χ
74 3005 226 3066 sustineo.
259 3006 350 3066 maius
373 3003 481 3086 aliquid
503 3013 532 3066 et
549 3003 698 3086 excelsius
719 3024 736 3068 a
757 3005 891 3086 principe
914 3005 1094 3084 postulatur:

74 3098 109 3150 et
133 3107 201 3150 cum
221 3097 305 3152 recte
328 3090 471 3152 fautorum
492 3089 548 3151 sibi
566 3092 691 3170 quisque
714 3093 837 3169 gratiam
854 3089 985 3166 trabant,
1013 3091 1095 3152 unios

72 3171 191 3235 invidia
211 3173 248 3236 ab
270 3173 402 3236 omnibus
424 3184 575 3254 peccatur.
609 3176 677 3256 quid
698 3177 773 3258 enim
792 3176 913 3255 primum
936 3173 1129 3253 prohiberem

74 3266 109 3318 et
126 3257 257 3337 priscum
273 3258 435 3320 admoram
450 3259 586 3325 recidere
602 3257 778 3340 adgrediar?
799 3260 969 3338 villarumne
986 3256 1094 3317 inlinita

76 3338 200 3420 spatia?
226 3343 408 3405 ‘familiarum
434 3360 584 3406 numerum
610 3353 640 3405 et
661 3342 816 3406 nationes'l
843 3343 956 3420 argenti
978 3349 1007 3401 et
1033 3339 1095 3399 auri

75 3423 219 3504 pondus?
250 3427 329 3488 aeris
354 3426 574 3508 tabularumque
596 3425 755 3491 miracula?
788 3427 950 3507 promiscas
971 3423 1041 3482 riris
1065 3429 1095 3479 et

75 3509 199 3572 leminis
221 3519 322 3573 restes
345 3521 432 3592 atque
452 3511 501 3575 illa
527 3513 694 3580 feminarum
717 3511 854 3593 propria,
877 3508 941 3586 quis
967 3502 1094 3584 lapidum
