2568 3870
107 255 114 262 ,
162 185 208 245 72
379 197 546 247 connnnn
561 195 680 246 usolur
693 197 933 246 ursnoaunnuu

152 361 223 413 tus.
262 349 353 412 llario
377 349 466 412 celso
489 349 655 412 consulatus
675 357 823 410 servatur:
855 350 909 412 sed
932 349 1072 412 creditum
1093 353 1179 414 ianua

167 436 371 513 obiectumque
385 450 454 494 mcx
470 436 498 493 in
515 441 615 534 senatu
631 431 760 532 Caecilio
779 433 926 514 Simplici,
943 433 1020 513 quod
1037 453 1103 495 eum
1120 435 1177 496 luo
1267 467 1268 532 p

128 516 1181 680 atttltttllttttttt’litttttlltlltllllltiatt
1267 533 1268 596 l

167 695 197 746 et
211 687 375 764 inemptum.
409 683 580 745 Trachalum
602 682 741 743 adversus
762 684 946 745 criminantes
964 683 1082 747 Galeria
1097 703 1181 745 uxor

167 769 280 831 Vitellii
294 769 433 847 protexit.

230 852 281 914 61.
304 851 383 912 luter
396 865 564 927 magnorum
575 849 887 926 virorumdiscrimina,
904 848 1180 929 pudendumdietu,
1267 857 1268 870 ¹

165 935 311 996 blariacus
331 933 461 1013 quidam,
481 950 499 992 e
521 930 609 1010 plebe
629 932 782 1007 Boiorum,
804 932 936 992 inserere
954 949 1023 993 sese
1035 933 1181 995 fortunae

166 1026 196 1078 et
217 1033 384 1096 provocare
412 1032 489 1075 aranu
509 1015 637 1075 Romana
657 1016 838 1076 simulatione
853 1017 997 1075 numinum
1011 1034 1099 1077 ansus
1115 1027 1181 1078 est.

166 1103 282 1179 iamque
298 1098 434 1158 adsertor
449 1097 604 1160 Galliarum
623 1109 653 1161 et
672 1101 744 1162 deus
759 1099 880 1178 (nomen
898 1096 927 1156 id
941 1096 996 1158 sibi
1010 1100 1177 1182 indiderat)

141 1184 289 1244 acouoitis
305 1191 373 1242 octo
396 1179 511 1241 milibus
531 1180 675 1249 hominurn
693 1185 844 1261 proximos
869 1182 1054 1243 Haeduorum
1075 1202 1178 1264 pagos

166 1265 314 1343 trahebat,
332 1283 395 1326 eum
418 1265 587 1342 grammima
605 1263 816 1327 civitas'electa
831 1269 995 1342 inventute,
1016 1266 1172 1328 adiectisa

166 1350 287 1412 Vitellio
305 1347 491 1424 cohortibus,
512 1347 665 1410 fanaticam
687 1349 894 1410 multitudinem
910 1348 1048 1410 disiecit·
1070 1359 1171 1430 captus

167 1435 196 1495 iu
212 1451 249 1494 eo
266 1432 381 1514 proelio
395 1432 540 1494 biadccus
556 1450 669 1493 acmox
682 1433 753 1493 ieris
767 1431 899 1493 obiectus
921 1433 987 1511 quia
1008 1450 1067 1494 uon
1083 1434 1172 1494 lania-

165 1517 260 1594 batur,
273 1516 407 1579 stolidum
420 1516 527 1592 volgus
538 1515 735 1577 inviolabilem
749 1514 897 1593 credebat,
910 1514 1004 1576 donec
1016 1525 1174 1597 spectante

134 1601 286 1662 rollitellio
300 1601 471 1661 interiectus
491 1608 546 1659 est.

226 1684 277 1746 ot.
297 1682 361 1743 Nec
372 1682 447 1743 ultra
463 1683 491 1740 in
505 1680 673 1743 defectores
685 1691 734 1744 aut
749 1682 826 1746 bona
842 1687 1007 1762 cuiusquam
1019 1684 1175 1743 saeuitum:

166 1776 229 1827 ratu
251 1767 335 1827 luere
357 1782 457 1826 eorum
479 1765 527 1842 qui
542 1767 606 1826 acie
631 1765 792 1828 Othoniana
813 1766 982 1828 ceciderant
997 1775 1175 1827 testamenta

168 1858 215 1908 aut
229 1849 280 1909 lex
293 1849 451 1910 intestatis:
477 1864 610 1926 prorsus,
626 1851 651 1908 si
665 1850 795 1913 luxuriae
809 1858 1004 1929 temperaret,
1019 1851 1174 1910 avaritiam

167 1948 224 1991 non
237 1933 364 1993 timeres.
396 1930 545 2011 epularum
558 1930 646 1993 loedu
663 1943 692 1994 et
711 1933 898 2013 inexplebilis
912 1932 1019 1993 libido:
1038 1951 1076 1993 ex
1097 1933 1176 1993 urbe

145 2024 253 2094 satque
274 2014 357 2077 ltalia
376 2015 556 2076 inritamenta
588 2016 675 2094 gulae
690 2018 888 2094 gestabantur,
914 2015 1111 2096 strepentibus
1135 2015 1176 2077 ab

166 2107 290 2177 utroque
310 2099 381 2161 mari
401 2098 565 2168 itineribus:
594 2099 726 2160 exhausti
754 2101 951 2162 conviviorum
983 2099 1173 2180 apparatibus

166 2184 316 2263 principes
332 2183 492 2252 civitatum
508 2184 694 2243 vastabantur
708 2185 791 2261 ipsae
808 2184 954 2253 ciuitatem
971 2182 1177 2261 degenerabat

166 2285 182 2326 a
197 2266 299 2326 labore
314 2284 349 2328 ac
362 2267 469 2326 virtute
482 2267 566 2326 miles
581 2265 768 2328 adsuetudine
791 2267 968 2347 voluptatum
988 2276 1021 2326 et
1042 2276 1173 2327 oontem-

166 2358 216 2428 ptu
240 2350 332 2410 ducis.
362 2351 509 2430 praemisit
532 2351 561 2409 in
577 2350 678 2409 urbem
703 2351 902 2431 edictumque
920 2349 1171 2411 vocabulumdu·

133 2451 157 2490 ro
167 2435 246 2509 gusti
261 2433 401 2510 differret,
419 2431 555 2494 Caesaris
572 2450 629 2493 non
643 2435 799 2512 reciperet,
816 2453 879 2494 curn
891 2433 928 2494 de
943 2443 1089 2513 potestate
1100 2432 1172 2493 nibil

166 2516 343 2577 detraheret.
376 2517 452 2596 pulsi
468 2517 551 2578 ltalia
560 2517 767 2588 mathematici:
787 2527 898 2578 cautum
914 2534 1022 2578 severe
1039 2535 1076 2577 ne
1090 2519 1171 2595 equi-

165 2609 211 2660 tes
227 2600 349 2661 Romani
364 2600 433 2661 ludo
451 2611 480 2661 et
494 2599 602 2661 harena
615 2601 823 2679 polluerentur.
850 2596 965 2680 priores
980 2601 1010 2661 id
1021 2601 1171 2680 prinsipes

166 2686 290 2763 pecunia
312 2693 342 2744 et
362 2685 480 2764 saepius
496 2685 525 2743 vi
540 2684 742 2762 perpulerant;
767 2702 802 2746 ac
817 2685 959 2765 pleraque
973 2684 1127 2762 municipia
1141 2691 1171 2742 et

167 2764 302 2827 coloniae
326 2766 542 2829 aemulabantur
564 2769 811 2846 corruptissimum
836 2784 979 2848 quemque
999 2767 1170 2829 adulescen-

133 2871 157 2912 rc
166 2850 235 2909 tium
250 2851 344 2927 pretio
359 2851 490 2911 inlicere.
1126 2859 1132 2870 '

230 2933 280 2996 63.
302 2934 360 2994 Sed
375 2935 511 2996 Vitellius
526 2933 651 2995 adventu
666 2936 763 2997 fratris
776 2945 806 2996 et
821 2927 1020 3014 inrepentibus
1043 2933 1171 2995 domina·

166 3017 252 3078 tionis
267 3019 413 3096 magistris
429 3017 584 3096 superbior
598 3027 628 3078 ct
641 3020 769 3081 atrocior
791 3018 886 3080 occidi
909 3017 1091 3080 Dolabellam
1111 3017 1169 3077 ius·

166 3101 219 3178 sit,
254 3119 338 3182 quern
354 3104 381 3163 iu
407 3102 550 3162 coloniam
565 3102 737 3180 Aquinatem
753 3103 913 3182 sepositum
927 3101 964 3162 ab
981 3101 1095 3161 Othone
1110 3109 1168 3160 ret-

166 3185 290 3244 tulimus.
329 3185 486 3247 Dolabella
507 3183 601 3246 audita
622 3196 716 3247 morte
737 3185 859 3246 Othonis
880 3184 982 3245 urbem
1002 3184 1166 3244 introierat:

141 3267 195 3327 sid
212 3270 239 3328 ei
253 3267 387 3329 Plancius
407 3269 502 3329 Varus
518 3279 653 3348 praetura
667 3270 796 3347 innotus,
823 3287 860 3329 ex
874 3269 979 3329 intimis
993 3265 1167 3327 Dolabellae
1267 3333 1268 3342 ,

169 3352 278 3427 amicis,
293 3353 368 3430 apud
382 3350 512 3413 Flavium
528 3352 664 3412 Sabinum
680 3353 860 3432 praefectum
874 3350 954 3411 urbis
965 3351 1083 3428 obiecit,
1098 3359 1166 3409 tum·
1267 3353 1268 3434 p

34 3485 46 3506 ,
168 3448 253 3508 quam
273 3444 358 3513 rupta
379 3435 510 3496 custodia
525 3435 626 3500 ducem
646 3454 680 3496 se
700 3437 786 3496 victis
812 3435 943 3514 partibus
972 3441 1164 3502 ostentasset;
