2568 3870
449 185 553 233 uranu
567 185 618 234 111.
641 183 716 234 car.
732 183 852 237 ss-ce
1082 174 1143 237 tle

78 379 88 398 .
145 349 240 406 Varus
263 357 326 401 oum
346 338 482 418 expedita
501 355 585 398 manu
609 355 721 418 paucos
742 339 961 420 repugnantium
982 339 1143 410 interiecit;

27 481 29 506 ,
145 428 245 510 plures
265 422 387 484 abiectis
409 423 495 482 armis
511 423 625 482 veniam
645 425 786 502 petivere.
814 421 928 503 quidam
943 424 971 482 in
987 432 1081 483 castra
1097 440 1144 483 re·

144 511 205 588 iugi
218 516 320 568 cuneta
334 505 487 566 formidine
500 504 673 585 implebant,
690 506 823 584 augendo
835 506 999 567 rumoribus
1011 508 1145 567 uirtutem

145 595 303 672 copiasque
325 589 466 667 hostium,
488 606 545 669 quo
572 591 669 650 amissi
696 590 834 670 praesidii
859 589 988 650 dedecus
1012 590 1146 650 lenirent.
1156 604 1186 646 re

143 695 200 738 nec
214 675 272 735 ulia
288 673 365 752 apud
378 673 554 735 Vitellianos
569 673 673 751 flagitii
688 691 798 755 poena,
818 682 847 734 et
864 675 1001 753 praemiis
1014 673 1146 734 delecto·

142 777 204 822 rum
215 775 301 818 versa
313 756 397 834 tides,
410 773 445 817 ac
455 755 598 836 reliquum
612 756 752 836 perfidiae
765 765 919 818 certamen.
939 756 1043 818 crebra
1054 766 1147 817 trans-

141 845 222 922 fugia
234 841 413 902 tribunorum
425 842 700 920 centurionumque;
718 857 782 902 nam
794 843 950 918 gregarius
961 841 1046 900 miles
1066 839 1147 900 indu-

140 935 241 988 ruerat
258 943 313 1004 pro
328 923 464 1002 Vitellio,
479 923 574 984 donec
589 924 705 988 Priscus
720 933 749 985 et
762 923 885 985 Alienus
900 925 1027 985 desertis
1043 924 1147 984 eastris

141 1008 338 1072 adVitellium
352 1009 483 1086 regressi
497 1007 612 1088 pudore
624 1007 799 1154 proditionis
813 1015 934 1070 cunctos
946 1007 1145 1069 exsolverent.
1156 1024 1183 1066 rs

204 1094 254 1155 62.
273 1091 369 1153 isdem
383 1090 486 1152 diebus
498 1089 609 1152 usurus
653 1092 735 1155 alens
747 1091 848 1154 Urbini
864 1093 893 1151 in
911 1091 1043 1153 custodia
1059 1094 1146 1152 inter·

131 1179 246 1238 licitur.
273 1184 360 1255 capnt
375 1176 437 1235 eius
448 1173 613 1237 Vitellianis
625 1175 795 1236 cohortibus
811 1185 995 1252 ostentatum,
1009 1193 1046 1234 ne
1061 1192 1147 1254 qnam

141 1263 217 1322 ultra
233 1277 314 1339 spem
329 1258 482 1328 foverent3
500 1275 565 1318 narn
581 1261 750 1337 pervasisse
765 1261 794 1319 in
808 1259 979 1321 Germanias
991 1259 1146 1321 Valentem

142 1355 172 1406 et
183 1352 299 1404 ueteres
309 1341 371 1403 illio
381 1358 535 1422 novosque
548 1343 695 1403 exereitus
704 1345 783 1403 ciere
793 1341 964 1404 credebant:
977 1345 1041 1402 visa
1054 1341 1146 1402 caede

142 1430 171 1490 in
188 1426 424 1507 desperationem
437 1427 528 1486 uersi.
552 1435 582 1486 et
591 1425 747 1487 Flavianus
762 1426 909 1487 exercitus
920 1428 1042 1487 immane
1057 1440 1173 1505 quan-s

142 1521 200 1572 tum
216 1515 307 1572 ouotc
323 1509 417 1569 animo
433 1509 549 1569 exitium
564 1509 697 1570 Valentis
710 1518 740 1568 ut
758 1511 843 1570 linem
858 1507 929 1569 belli
944 1510 1071 1588 accepit.
1096 1527 1145 1570 ua·

142 1605 188 1655 tus
210 1592 396 1654 eratValens
417 1591 570 1670 Anagniae
593 1595 722 1674 equestri
738 1592 865 1670 lamilia,
888 1611 1003 1672 procax
1018 1591 1147 1653 moribus

142 1693 238 1757 neque
254 1675 396 1737 absurdus
412 1678 548 1754 ingenio,
565 1676 602 1737 ni
619 1675 725 1736 lamam
738 1675 910 1751 urbanitatis
925 1695 980 1756 per
995 1670 1146 1736 lasciviam

143 1769 268 1842 peteret.
293 1759 406 1821 ludicro
416 1758 597 1820 Iuvenalium
608 1760 661 1820 sub
673 1759 793 1821 Nerone
809 1760 889 1820 velut
904 1778 942 1821 ex
955 1761 1145 1836 necessitate,

140 1863 210 1906 mox
228 1850 333 1923 spcute
347 1843 451 1904 mimos
465 1844 611 1922 actitavit,
629 1846 702 1904 scite
717 1845 811 1922 magis
828 1861 913 1924 quam
926 1843 1031 1925 probe.
1063 1842 1144 1921 lega·
1155 1857 1184 1900 ne

140 1938 186 1990 tus
202 1927 331 2005 legionis
352 1936 382 1988 et
403 1927 477 1988 fovit
491 1927 706 2006 Verginiumet
720 1928 876 1988 infamavit.
892 1927 1044 1988 Fonteium
1059 1924 1145 2005 Gepi-

141 2023 240 2072 tonem
254 2019 436 2089 corruptum,
448 2028 501 2070 sen
517 2013 584 2090 qnia
594 2027 784 2090 'corrumpere
795 2013 975 2091 nequiverat,
987 2010 1145 2071 interiecit.

143 2094 253 2157 Galbae
263 2091 413 2172 proditor,
428 2091 548 2154 Vitellio
561 2094 635 2155 lidus
652 2104 681 2156 et
695 2095 817 2155 aliorum
829 2094 951 2174 pertidia
965 2093 1144 2154 inlustratus.

205 2177 255 2239 63.
280 2175 413 2255 Abrupta
440 2175 566 2256 undique
592 2196 646 2256 spe
669 2177 841 2241 Vitellianus
861 2179 946 2238 miles
972 2177 1145 2238 transiturus

141 2263 171 2322 in
203 2269 320 2339 partes,
347 2259 434 2338 idque
462 2280 519 2322 non
545 2264 609 2322 sine
636 2261 762 2340 decore,
779 2259 1146 2339 sedsuhsignisvexillis·
1270 2283 1271 2286 ¹

142 2345 242 2424 quein
258 2343 407 2404 sublectos
421 2342 549 2404 Narniae
565 2361 684 2422 campos
701 2343 895 2404 descendere.
922 2344 1078 2406 Flavianus
1092 2362 1145 2403 ex·

141 2428 268 2503 orcitus,
292 2435 323 2486 ut
347 2425 383 2486 ad
405 2427 547 2506 proelium
574 2427 700 2486 intentus
726 2437 918 2506 ornatusque,
940 2427 1038 2488 densis
1066 2427 1147 2487 circa

141 2511 217 2571 uiam
239 2509 387 2570 ordinibus
409 2511 566 2571 adstiterat.
604 2513 719 2589 accepti
742 2513 772 2571 in
792 2512 916 2572 medium
930 2509 1095 2588 Vitelliani,
1115 2518 1170 2571 ets

142 2595 333 2655 circumdatos
360 2592 473 2654 Primus
496 2594 640 2655 Antonius
669 2594 828 2655 elementer
855 2595 1034 2675 adloquitur:
1074 2610 1146 2673 pars

139 2677 283 2755 Narniae,
306 2695 375 2757 pars
394 2676 575 2738 interamnae
591 2677 753 2740 subsistere
772 2679 852 2738 iussi.
888 2678 1012 2739 relictae
1027 2676 1145 2738 simule

140 2760 308 2822 victricibus
323 2759 474 2840 legiones,
493 2778 588 2840 neque
604 2761 821 2841 quiescentibus
832 2780 942 2840 graves
958 2771 987 2826 et
1002 2761 1146 2822 adversus
1262 2777 1264 2834 ς

141 2846 350 2906 contumaciam
371 2844 494 2906 validae.
531 2863 589 2907 non
608 2847 735 2906 omisere
759 2865 814 2926 per
835 2864 889 2908 eos
904 2847 968 2906 dies
983 2843 1096 2906 Primus
1109 2861 1146 2906 ac

137 2927 234 2988 Varus
252 2927 364 2989 crebris
379 2932 484 2990 nuntiis
499 2929 621 2991 salutern
636 2938 666 2990 et
681 2933 833 3009 pecuniam
847 2937 876 2991 et
891 2938 1006 2990 secreta
1019 2927 1142 3008 (lampa-
1155 2942 1183 2984 sc
1258 2953 1261 2998 p

140 3012 206 3070 uiae
229 3013 337 3073 olierre
350 3011 491 3093 vitellio,
510 3015 535 3075 si
559 3014 663 3094 positis
678 3014 765 3076 armis
782 3033 872 3094 seque
889 3033 924 3075 ac
943 3012 1055 3074 liberos
1072 3030 1142 3072 suos
1247 3011 1260 3043 ·“

140 3091 324 3171 Vespasiano
339 3099 526 3174 permisisset.
551 3095 713 3158 ineundam
727 3097 842 3158 modum
858 3107 887 3157 et
898 3097 1048 3158 Nuciauus
1064 3113 1143 3156 corn·

142 3177 240 3254 posuit
259 3178 414 3256 epistulam
438 3181 540 3259 quibus
562 3180 734 3260 plerumque
756 3181 847 3242 ddere
868 3177 1020 3258 Vitellius,
1046 3196 1083 3240 ae
1104 3177 1144 3239 de

141 3276 260 3321 numero
277 3279 444 3341 servorum,
461 3263 606 3324 electione
618 3263 732 3324 litorum
749 3265 839 3345 loqui.
864 3273 942 3324 tanta
955 3262 1082 3341 torpedo
1099 3262 1142 3322 in·
1245 3299 1246 3302 =

140 3351 258 3404 vaserat
272 3345 410 3423 animum,
431 3355 475 3424 ut,
497 3347 521 3406 si
537 3348 698 3428 principem
713 3366 778 3409 eum
791 3349 884 3409 iulsse
901 3347 992 3407 ceteri
1006 3363 1064 3406 non
1078 3361 1139 3405 me·
1152 3357 1180 3400 ns

140 3425 306 3506 minissent,
327 3430 391 3509 ipse
406 3428 641 3493 obliuisceretur.
