2570 3878
416 215 417 222 κ
441 189 548 240 urrann
562 191 624 238 xm.
648 189 727 238 snm·
747 188 868 244 sis—ul.
1104 181 1162 244 221

159 346 355 428 nopbontem‚
378 346 459 406 euius
481 343 602 406 suentia
619 344 684 424 ipse
701 353 850 426 uteretur,
874 346 977 409 eadem
994 346 1101 410 lumilia
1118 367 1164 410 or-

158 441 230 509 tum,
253 431 448 512 precibusque
463 429 528 490 eius
543 427 680 506 dandum,
701 438 732 489 ut
752 431 829 491 omni
845 431 951 492 tributo
967 434 1051 492 saeui
1068 433 1097 492 in
1113 453 1164 514 po·

157 525 266 577 storum
282 513 337 578 (loi
352 531 465 576 sauram
480 520 511 573 et
527 521 635 574 tantum
650 514 698 575 dei
712 514 868 576 ministram
882 515 1003 576 insulam
1022 517 1163 578 solerent.

157 618 253 680 neque
268 599 384 660 dubium
398 597 521 660 babetur
535 597 622 658 rnultn
638 598 798 660 eorundem
811 601 840 660 in
855 599 995 680 populum
1003 591 1199 664 Romanunm

156 685 260 745 merita
274 684 430 762 esaiasque
440 683 579 745 vietorias
595 669 726 761 &tuisse
743 682 830 746 tradi:
847 693 892 745 set
904 682 1055 763 claudius,
1072 686 1163 746 laelli-

156 777 216 829 tate
231 768 318 830 solita
335 767 413 847 quod
427 768 475 828 uni
491 775 696 844 consenserat,
718 766 804 828 nullis
822 770 1004 830 extrinsecus
1018 769 1167 830 adiumen-

156 855 193 913 tis
209 853 327 914 velavit.

219 937 271 997 62.
295 935 334 996 At
356 933 487 1010 Byzantii
505 934 573 996 data
593 933 708 1014 dieeudi
727 937 830 1015 eopia,
853 953 917 996 eum
939 938 1163 1016 magnitudinem

155 1037 280 1082 onerum
292 1017 370 1100 apud
384 1027 514 1080 senatum
529 1017 774 1100 depreearentur‚
791 1029 893 1083 eurota
907 1023 1085 1102 repetivere.
1103 1024 1163 1083 orsi

157 1125 174 1166 a
190 1104 313 1166 loedere
331 1102 409 1184 quod
423 1102 574 1166 nobiseum
585 1103 712 1182 vinerant,
729 1122 785 1184 qua
801 1113 976 1185 tempestate
990 1105 1163 1169 bellavimus

155 1189 299 1252 adversus
312 1205 415 1267 regem
428 1185 634 1265 macedonum,
657 1189 703 1248 eui
718 1197 749 1249 ut
767 1188 908 1266 degeneri
923 1189 1163 1272 Pseudophilippi

156 1272 332 1336 rooebulum
352 1273 525 1352 inpositum,
546 1272 650 1332 missas
669 1272 794 1352 posthae
812 1275 915 1354 eopias
934 1274 963 1334 in
979 1273 1188 1354 Antioehom‚s

156 1357 284 1435 Persen,
302 1356 512 1433 Aristonicum,
528 1365 557 1416 et
571 1357 694 1436 piratico
709 1356 790 1418 bello
803 1356 926 1418 adiutum
934 1357 1090 1420 Antonium
1105 1378 1162 1420 me·

157 1441 336 1518 monebant,¹
348 1451 482 1521 quaeque
500 1439 599 1501 Sullae
619 1449 667 1501 aut
680 1439 800 1502 Lueullo
824 1449 872 1501 aut
886 1441 1026 1521 Pompeio
1043 1444 1162 1504 obtulis-

157 1534 239 1604 sent,
255 1543 324 1588 mox
341 1526 471 1586 recentia
487 1525 516 1584 iu
532 1522 677 1585 Caesares
692 1526 813 1604 merita,
830 1525 945 1604 quando
961 1544 997 1587 ea
1012 1527 1079 1588 loea
1095 1529 1161 1588 insi·

104 1662 109 1669 .
156 1610 272 1689 darent,
294 1627 369 1690 quae
385 1607 626 1671 transmeantibus
648 1617 725 1670 terra
747 1611 875 1690 marique
891 1609 1012 1670 duoibus
1028 1613 1162 1672 exereiti-

156 1695 286 1774 busque,
304 1693 386 1754 simul
402 1691 538 1755 sedendo
554 1703 714 1754 commeatu
728 1701 892 1771 opportuna
907 1691 1017 1754 forant.
1173 1715 1197 1756 no

171 1778 174 1797 ¹
216 1779 268 1842 63.
290 1776 422 1857 Namque
442 1777 588 1838 artissimo
603 1778 686 1838 iuter
699 1776 847 1856 Europam
862 1778 1021 1858 Asiamque
1036 1777 1161 1840 divortio

155 1860 323 1939 Byzantium
341 1863 370 1922 iu
393 1858 667 1938 extrenuolluropae
684 1878 811 1942 posuere
835 1861 958 1940 Graeci,
982 1862 1087 1942 quibus
1106 1862 1161 1940 Py·

156 1949 244 2008 thium
260 1945 429 2025 Apollinem
450 1945 685 2022 consulentibus,
705 1945 753 2006 ubi
774 1945 934 2007 ooudereut
957 1947 1072 2025 urbem,
1096 1947 1161 2008 red-

155 2033 242 2092 ditam
258 2030 407 2093 oraculum
429 2039 491 2107 est,
515 2039 691 2110 quaererent
711 2029 811 2091 sedem
835 2047 989 2092 saeuorum
1009 2033 1095 2092 terris
1112 2032 1160 2093 ad-

155 2133 279 2177 uersam.
302 2133 339 2177 ea
350 2113 473 2192 ambage
487 2112 676 2175 Chalcedonii
691 2113 934 2192 monstrabantur,
951 2117 1031 2194 quod
1045 2116 1185 2195 prioress

155 2201 226 2262 illae
242 2199 376 2274 edueati,
406 2199 541 2278 praevisa
563 2199 697 2259 looornm
717 2199 855 2276 utilitate,
884 2200 988 2278 peiora
1008 2199 1160 2277 legissent.

154 2285 264 2365 qnippe
280 2283 449 2359 Byzantium
464 2283 553 2344 lertili
568 2283 650 2360 solo,
666 2283 791 2345 ieuundo
803 2285 883 2361 mari,
899 2285 966 2363 quia
980 2285 1024 2343 uis
1040 2284 1161 2363 piscium

152 2372 299 2447 inmensa,
313 2367 435 2428 Pontum
450 2383 606 2446 erumpens
616 2376 648 2427 et
659 2367 786 2446 obliquis
801 2366 901 2428 subter
915 2367 1005 2428 undas
1017 2370 1096 2428 saxis
1112 2386 1160 2428 ex·

153 2455 272 2530 territa,
297 2453 406 2512 omisso
425 2449 544 2512 alterius
562 2450 657 2512 litoris
677 2452 754 2512 dexu
773 2452 828 2514 lros
848 2451 883 2512 ad
901 2460 1003 2532 portus
1020 2451 1159 2512 delentur.

154 2535 230 2599 uude
245 2538 339 2616 primo
357 2538 525 2615 quaestuosi
542 2544 571 2595 et
584 2535 730 2614 opulenti;
750 2545 818 2615 post
830 2536 1025 2614 magnitudine
1041 2554 1160 2597 onerum
1171 2551 1195 2592 rs

153 2630 298 2700 urguente
315 2621 401 2682 linem
418 2629 467 2682 aut
480 2619 594 2682 modum
610 2620 750 2698 orabant,
771 2619 917 2680 adnitente
933 2622 1085 2700 prinoipe,
1112 2622 1160 2700 qui

153 2706 299 2769 Thraeeio
315 2703 548 2784 Bosporanoque
563 2703 643 2764 bello
656 2719 761 2764 reeens
775 2703 874 2764 fessos
888 2704 1088 2784 iuvandosque
1103 2713 1159 2766 ret·

20 2817 24 2826 ’
154 2789 226 2851 tulit.
257 2792 296 2850 ita
313 2787 418 2850 tributa
433 2789 463 2849 in
480 2789 702 2868 quinquennium
717 2788 849 2848 remissa.

217 2875 268 2936 64.
289 2873 329 2936 bl.
343 2872 445 2934 Asinio
460 2873 510 2934 Μ’.
527 2871 623 2932 Acilio
639 2870 807 2933 oonsulibus
822 2875 1005 2934 mutationem
1019 2892 1115 2936 rerum
1131 2875 1160 2933 in

154 2959 282 3020 deterius
303 2956 438 3038 portendi
460 2959 608 3034 cognitum
633 2965 678 3016 est
697 2955 809 3018 enebris
831 2954 982 3036 prodigiis.
1018 2959 1102 3037 signs
1125 2977 1159 3020 ac

153 3044 276 3104 tentoria
298 3042 416 3104 militum
438 3040 499 3118 igni
521 3039 642 3102 caelesti
662 3058 773 3102 arsere.
804 3041 923 3120 lastigie
940 3040 1075 3123 Capitolii
1091 3060 1159 3103 exa-

154 3145 220 3187 men
237 3128 334 3206 apinm
349 3124 462 3187 insedit.
499 3123 640 3186 bilormes
654 3125 798 3187 hominum
820 3135 919 3206 partus
941 3138 970 3188 et
990 3129 1049 3188 suis
1069 3128 1159 3188 letum

155 3211 277 3289 editum,
301 3211 347 3274 oui
369 3206 537 3291 aeeipitrum
557 3227 668 3287 ungues
689 3211 828 3276 inessent.
866 3210 1066 3273 numerabatur
1084 3211 1181 3270 inters

155 3303 270 3357 ostenta
284 3296 447 3358 deminutus
462 3293 585 3354 omnium
598 3296 816 3372 magistramum
827 3311 978 3372 numerus,
993 3302 1157 3372 quaestore,

154 3378 259 3457 aedib',
280 3381 394 3442 tribuno
417 3395 452 3440 ao
475 3385 611 3458 praetore
634 3387 664 3454 et
684 3378 805 3440 eonsule
827 3393 939 3456 pausos
954 3377 1026 3436 intra
1043 3393 1158 3436 menses

156 3463 308 3524 delunetis.
340 3463 438 3524 sedin
454 3462 613 3541 praeeipuo
631 3479 742 3543 pavore
756 3459 936 3538 Agrippina,
953 3475 1058 3520 uoeem
1073 3457 1155 3520 Glau-
