2546 3872
198 184 219 246 6
416 194 581 244 connunu
597 195 715 244 nncrur
733 195 973 246 maronianum

197 350 312 412 babitus
331 353 488 411 animorum
504 350 567 409 init.
601 351 791 431 eproviuciis
804 350 962 431 Hispaniae
983 370 1084 432 praees
1091 361 1121 413 at
1135 351 1203 414 Glu-

196 437 262 496 vius
274 434 386 512 limus,
406 436 452 494 vir
471 433 612 495 lacundns
630 444 660 494 et
675 437 758 514 pacis
775 437 900 513 artibus,
920 435 1008 496 bellis
1020 439 1202 516 inexpertus

196 519 308 580 Galliae
323 536 412 597 snper
425 519 592 579 memoriam
607 517 739 578 Vindicis
755 518 902 597 obligatae
919 521 1033 580 recenti
1049 518 1126 592 dono
1144 519 1204 581 llo·

169 619 298 663 anianae
314 602 439 662 civitatis
462 611 491 662 et
505 603 535 661 in
555 612 704 683 posterum
725 601 822 663 tributi
842 603 1017 664 levamento·
1049 605 1206 683 proximae

195 696 290 748 tamen
300 684 669 746 Germanicisexercitibus
686 685 841 747 Galliarum
868 688 1000 748 civitates
1018 705 1077 746 nou
1098 687 1205 748 eodem

193 770 306 830 bonore
325 768 455 847 habitae,
481 768 622 849 quaedam
640 771 724 830 etiam
739 769 842 829 linibus
857 771 1000 849 ademptis
1016 772 1078 850 pari
1097 770 1206 833 dolore

194 853 347 914 commoda
362 852 456 914 aliena
472 870 507 913 ac
522 872 589 914 suas
604 855 722 914 iniurias
735 853 937 915 metiebantur,
947 853 1110 914 Germanici
1119 873 1210 916 exer·

195 938 286 1014 citus,
310 935 388 1014 quod
413 936 690 1016 periculosissimum
713 938 742 996 in
766 939 853 997 tantis
877 937 1003 1014 viribus,
1029 937 1148 998 solliciti
1179 949 1208 1000 et

159 1021 275 1096 mirati,
294 1018 431 1099 superbia
446 1021 573 1082 recentis
588 1021 729 1081 victoriae
746 1028 776 1080 et
795 1029 872 1081 metu
883 1029 1026 1101 tamqnam
1042 1021 1116 1083 alias
1137 1041 1205 1101 par-

194 1114 239 1164 tes
260 1104 413 1164 fovissent.
442 1103 526 1164 tarde
547 1123 564 1165 a
585 1102 705 1165 Nerone
724 1103 923 1181 desciverant,
952 1123 1009 1165 nec
1031 1106 1128 1165 statim
1151 1125 1206 1184 pro

194 1186 286 1249 Galba
300 1188 470 1264 Verginius.
498 1206 534 1248 an
554 1189 698 1267 imperare
719 1188 863 1249 noluisset
879 1187 1011 1249 dubium:
1034 1187 1163 1270 delatum
1179 1193 1206 1249 ei

192 1289 210 1332 a
233 1270 323 1330 milite
341 1272 493 1352 imperium
518 1270 721 1332 conveniebat.
750 1271 903 1332 Fonteium
926 1270 1099 1352 Capitonem
1126 1275 1204 1334 occi-

192 1372 254 1415 snnr
270 1357 355 1416 etiam
370 1357 418 1434 qui
433 1357 516 1436 queri
531 1373 588 1416 non
604 1365 757 1436 poterant,
773 1365 868 1416 tamen
884 1355 1118 1433 indignabantur.
1147 1355 1200 1416 dux

157 1454 184 1498 aa
193 1439 309 1517 deerat,
332 1438 457 1501 abducto
472 1439 615 1518 Verginio
630 1457 685 1519 per
706 1439 916 1500 simulationem
939 1440 1095 1508 amicitiae;
1121 1458 1204 1518 quern

104 1561 108 1565 -
191 1541 250 1584 non
264 1524 370 1584 remitti
386 1533 473 1602 atque
489 1523 574 1584 etiarn
592 1541 672 1583 reum
689 1541 757 1583 esse
774 1531 916 1602 tamquam
931 1541 1012 1582 suum
1029 1523 1141 1583 crimen
1157 1543 1204 1584 ac

192 1609 219 1668 ci
242 1607 349 1668 iebant,

221 1625 239 1686 Ρ
253 1690 284 1751 9.
303 1690 444 1770 Superior
455 1691 603 1750 exercitus
617 1689 745 1767 legatum
756 1688 954 1752 llordoonium
965 1689 1104 1751 Flaccum
1123 1710 1208 1771 sper-

190 1772 295 1851 nebat,
318 1780 439 1833 senecta
455 1791 492 1833 ac
509 1770 657 1833 debilitata
672 1772 777 1852 pedum
795 1773 967 1852 invalidum,
987 1774 1050 1834 sine
1067 1785 1204 1835 constan·
1253 1783 1254 1788 ’

190 1859 246 1932 tia,
265 1858 328 1916 sine
344 1857 533 1916 auctoritate:
550 1873 587 1916 ne
600 1857 699 1936 quieto
715 1857 831 1936 quidem
847 1858 938 1918 milito
953 1858 1103 1936 regimen:
1129 1858 1205 1918 adeo

190 1942 321 2001 furentes
336 1939 499 1999 inlirruitate
516 1940 667 2012 retinentis
682 1939 759 2001 ultro
776 1940 1022 2001 accendebantur,
1055 1941 1205 2002 inferioris
1252 1995 1253 2000 ,

166 2023 364 2086 tGermaniae
379 2023 514 2100 legiones
530 2022 633 2083 diutius
649 2025 712 2083 sine
727 2023 874 2085 consulari
888 2025 990 2102 inere,
1006 2023 1102 2084 donec
1115 2028 1204 2085 misso

189 2106 302 2172 Galbae
326 2107 362 2166 Α.
378 2106 515 2168 Vitellius
540 2107 657 2183 aderat,
682 2109 815 2169 censoris
829 2107 941 2168 Vitellii
959 2127 994 2169 ac
1009 2117 1055 2168 ter
1073 2110 1204 2169 consulis

188 2193 285 2253 lilius:
301 2191 330 2251 id
347 2193 417 2252 satis
430 2190 593 2251 videbatur.
623 2192 652 2250 in
669 2190 836 2252 Britannico
852 2193 984 2252 exercitu
1000 2191 1071 2252 nihil
1086 2194 1203 2252 irarum.

188 2294 249 2335 non
264 2292 334 2336 sane
348 2275 423 2335 aliae
439 2274 574 2353 legiones
594 2292 648 2355 per
671 2291 771 2334 omnes
793 2275 919 2335 civilium
944 2274 1088 2336 bellorum
1108 2285 1204 2336 motus
1251 2289 1252 2304 ¹

191 2360 374 2420 innocentius
390 2367 529 2436 egerunt,
551 2377 603 2418 seu
617 2359 683 2437 quia
698 2357 805 2438 procul
820 2367 850 2419 et
867 2357 987 2421 Oceano
1002 2358 1134 2437 divisae,
1152 2377 1202 2418 seu

154 2466 183 2508 an
193 2441 305 2503 crebris
332 2440 578 2522 expeditionibus
593 2441 697 2502 doctae
718 2441 834 2502 hostem
855 2444 953 2521 potins
977 2442 1086 2503 odisse.
1120 2445 1201 2521 quies

192 2536 221 2588 et
240 2526 377 2602 Illyrico,
402 2543 571 2606 quamquam
598 2527 713 2586 excitae
737 2524 891 2586 allerone
912 2526 1064 2605 legiones,
1086 2525 1154 2586 dum
1176 2527 1201 2584 in

188 2610 273 2671 ltalia
298 2618 466 2686 cunctatur,
498 2610 668 2687 Verginium
687 2607 884 2686 legationibus
903 2609 1048 2670 adissent:
1071 2608 1125 2670 sed
1140 2610 1199 2670 lon·

183 2694 237 2770 gis
254 2694 355 2774 spatiis
368 2693 487 2755 discreti
503 2694 665 2771 exercitus,
684 2691 760 2772 quod
783 2691 1002 2754 saluberrimum
1017 2703 1063 2754 est
1080 2691 1118 2754 ad
1132 2711 1200 2754 con·

191 2777 334 2837 tinendam
364 2777 516 2837 militarem
544 2775 646 2855 iidem,
677 2794 733 2837 nec
762 2778 840 2837 vitiis
868 2794 925 2837 nec
955 2775 1064 2836 viribus
1096 2778 1200 2838 misce·
1249 2849 1250 2852 Ἴ

152 2859 305 2921 nubantur.
1249 2867 1250 2896 r

258 2946 306 3006 10.
331 2943 434 3005 Oriens
456 2944 549 3005 adbuc
568 2945 701 3005 inmotus.
732 2944 844 3006 Suriam
860 2953 890 3005 et
911 2953 1045 3025 quattuor
1061 2943 1198 3021 legiones
1249 2899 1250 2992 l

191 3027 341 3089 obtinebat
353 3029 479 3090 Licinius
494 3028 658 3105 blucianns,
681 3028 728 3088 vir
747 3027 884 3088 secundis
907 3029 1099 3107 adversisque
1122 3030 1197 3088 iuxta

190 3113 329 3173 famosus.
365 3113 496 3191 insignes
511 3113 649 3172 amicitias
664 3112 777 3171 iuvenis
797 3111 950 3173 ambitiose
964 3112 1112 3181 coluerat;
1134 3126 1198 3170 mor

82 3217 85 3224 ·
191 3198 296 3256 attritis
314 3195 438 3276 opibus,
459 3195 573 3256 lubrico
590 3204 684 3272 statu,
701 3205 839 3274 suspecta
856 3198 941 3257 etiam
956 3194 1069 3257 Claudii
1085 3196 1200 3256 iracun-
1248 3188 1249 3275 l

164 3279 256 3356 adia,
283 3281 311 3338 in
337 3288 482 3340 secretum
502 3279 592 3340 Asiae
620 3278 766 3357 sepositus
786 3289 842 3340 mm
863 3296 958 3359 propa
979 3277 1015 3339 ab
1037 3277 1126 3338 exule
1148 3277 1201 3338 luit

194 3380 278 3437 quam
298 3371 403 3440 postea
423 3381 440 3423 a
463 3364 603 3442 principe.
641 3360 752 3421 luxuria
775 3362 931 3440 industria,
954 3361 1090 3423 comitate
1113 3360 1197 3421 adro
1247 3395 1248 3436 3

192 3445 300 3521 gantia,
311 3445 394 3506 malis
407 3445 551 3526 bonisque
566 3443 673 3506 artibus
687 3447 806 3509 mixtus:
822 3447 926 3507 nimiae
942 3445 1120 3524 voluptates,
1135 3461 1201 3504 cnm
