2596 3872
160 163 223 228 286
426 173 917 223 couunmrunorursuusnrnu

162 349 246 411 quam
268 347 331 391 cum
350 327 516 392 Corbulone
534 336 675 408 certaret,
699 328 828 391 Corbulo
843 330 963 390 meritae
980 339 1024 391 tot
1046 347 1100 410 per
1115 351 1163 393 an·
1284 311 1285 368 l

129 430 152 474 n
162 433 216 475 uos
233 412 347 496 gloriae
361 430 419 474 non
434 413 507 474 ultra
522 413 681 493 periculum
699 413 821 474 iaceret.
844 429 917 490 uam,
931 421 962 472 nt
973 415 1082 492 rettuli,
1096 434 1165 496 pro

162 501 256 578 prium
283 498 385 560 ducem
409 494 533 558 tuendae
554 495 709 558 Armeniae
736 505 930 578 poposcerat,
959 505 988 556 et
1008 497 1168 560 aduentare

163 582 342 646 Caesennius
359 582 465 645 Paetus
484 581 660 643 audiebatur.
690 583 803 662 iamque
818 579 933 659 aderat,
957 582 1054 661 copiis
1069 583 1108 643 ita
1123 583 1166 644 di·

161 668 247 746 risis,
270 676 300 726 nt
315 674 416 745 quarta
440 674 470 726 et
490 663 671 727 duodecuma
686 665 822 744 legiones
844 663 938 726 addita
954 667 1070 745 quinta,
1090 685 1167 747 quae

161 768 267 813 recens
285 749 428 812 ebloesis
442 751 538 810 excitu
551 758 624 827 erat,
640 749 724 811 simul
736 749 858 810 Pontica
869 757 899 809 et
911 748 1075 811 Galatarum
1088 750 1162 830 cap-

129 834 362 917 spadonumque
377 833 483 896 auxilia
499 833 588 895 Paeto
610 833 801 913 oboedirent,
824 834 910 894 tertia
926 843 955 894 et
971 842 1054 896 sexta
1071 843 1101 896 et
1115 835 1162 894 de·

152 915 243 982 'cuma
262 919 397 998 legiones
422 920 563 998 priorque
580 919 682 980 Suriae
697 918 781 979 miles
802 917 878 998 apud
894 916 1092 980 Corbulonem
1106 937 1162 979 ma·
1237 943 1241 950 ·

159 1013 276 1073 nerent;
294 1011 393 1064 cetera
408 1018 446 1063 ex
460 1019 623 1104 rerutqusu
637 1004 784 1063 sociarent
799 1003 1020 1082 partirenturve.
1045 1002 1097 1064 sed
1114 1021 1164 1062 ne·

161 1107 218 1170 que
234 1085 363 1149 Corbulo
382 1086 485 1160 aemuli
500 1095 629 1166 patiens,
652 1095 683 1147 et
694 1086 816 1165 Paetus,
842 1087 888 1146 cui
904 1089 974 1148 sutis
987 1087 1024 1148 ad
1038 1087 1165 1164 gloriam

162 1181 241 1251 erat,
259 1173 284 1233 ri
299 1172 449 1252 proximus
461 1169 632 1249 haberetur,
653 1170 836 1250 despiciebat
856 1180 956 1250 gesta,
979 1170 1048 1232 nibil
1065 1169 1165 1241 caedis

128 1266 212 1320 soant
225 1256 367 1336 praedae,
390 1263 543 1336 usurpatas
565 1255 780 1316 nominetenus
802 1253 916 1315 urbium
929 1255 1165 1335 expugnationes

163 1341 312 1403 dictitansz
335 1358 367 1402 se
385 1339 489 1401 tributa
512 1357 547 1400 ac
562 1339 647 1418 leges
672 1348 702 1400 et
723 1355 777 1420 pro
794 1338 894 1400 umbra
909 1340 991 1417 regis
1005 1339 1164 1400 iiomauum

161 1427 206 1488 ius
221 1426 307 1486 victis
320 1425 528 1505 impositurum.

226 1512 255 1571 7.
280 1509 338 1570 Sub
358 1508 434 1570 idem
454 1518 568 1589 tempus
588 1509 679 1586 legati
700 1507 878 1586 Vologesis,
901 1525 976 1587 quos
999 1507 1036 1568 ad
1057 1507 1168 1588 priuci-

161 1612 228 1675 pem
247 1595 352 1654 missos
373 1595 548 1671 memorari,
567 1601 719 1653 reuertere
735 1592 810 1652 inriti
831 1590 997 1672 bellumque
1011 1589 1164 1671 propalam
1288 1615 1289 1620 ¹

162 1669 303 1758 sumptum
326 1677 481 1738 al’arthis.
511 1695 567 1737 nec
586 1675 692 1737 Paetus
709 1675 898 1754 detrectarit,
922 1675 974 1736 sed
995 1673 1105 1736 duabus
1121 1673 1162 1734 le-

160 1760 307 1840 gionibus,
325 1779 443 1841 quarum
459 1770 588 1840 quartam
597 1758 788 1820 Funisulanus
799 1758 990 1822 Vettonianus
1003 1775 1039 1820 eo
1051 1761 1079 1819 in
1091 1767 1163 1818 tem·

139 1863 249 1925 sporo,
266 1844 471 1906 duodecumam
484 1842 621 1906 Calauius
635 1842 757 1904 Sabinus
769 1843 923 1922 regebant,
936 1842 1102 1904 Armeniam
1119 1843 1163 1902 in-

162 1937 218 1989 trat
233 1929 308 1989 tristi
321 1929 426 1990 omine.
454 1947 518 1990 nam
536 1930 564 1988 in
581 1937 765 2006 transgressu
780 1927 951 2009 Euphratis,
971 1943 1056 2007 quem
1073 1935 1163 2006 ponte

161 2010 366 2113 tramittebapt,
384 2013 461 2072 uuila
478 2012 572 2092 palam
588 2030 674 2072 causa
688 2011 819 2111 turbatus
835 2029 944 2091 equus,
967 2013 1015 2091 qui
1031 2009 1163 2073 consula·

161 2095 936 2259 tt.:imitati'nitititttrliistic
945 2111 1164 2258 aliialii}

127 2281 254 2344 seseque
275 2263 353 2324 uallo
375 2265 505 2333 extulit,
521 2274 551 2325 et
573 2264 632 2343 pila
657 2264 775 2324 militum
797 2281 914 2341 arsere,
941 2264 1035 2342 magis
1056 2261 1163 2338 insigni

163 2348 307 2428 prodigio,
323 2349 389 2427 quia
404 2348 525 2410 Parthus
541 2348 634 2409 hostis
648 2346 804 2409 missilibus
820 2348 888 2409 telis
901 2347 1042 2408 decertat.

226 2431 255 2494 8.
276 2431 411 2493 Ceterum
426 2433 531 2494 Paetus
546 2433 653 2511 spretis
671 2431 823 2511 ominibus,
838 2431 961 2492 necdum
979 2433 1050 2492 satis
1068 2431 1161 2490 iirma·

162 2517 199 2577 tis
212 2514 423 2594 hibernaculis,
446 2516 525 2577 nullo
547 2517 590 2577 rei
605 2515 809 2578 frumentariae
825 2517 962 2596 provisu,
985 2517 1061 2596 rapit
1077 2532 1162 2573 exer·

163 2601 248 2661 citum
263 2608 342 2661 mans
357 2609 481 2661 montem
497 2600 619 2662 laurum
635 2599 849 2680 reciperandis,
865 2609 896 2660 ut
909 2599 1037 2677 ferebat,
1059 2587 1160 2674 Tigra-

161 2685 290 2745 nocertis
304 2685 508 2764 vastandisque
517 2682 702 2762 regionibus,
719 2703 793 2763 quas
803 2683 933 2746 corbulo
948 2687 1078 2761 integras
1092 2683 1162 2742 omi·

137 2770 259 2830 scisset.
276 2777 304 2827 et
318 2778 401 2846 capta
412 2767 554 2848 quaedam
569 2767 701 2846 castella,
718 2769 891 2849 gloriaeque
907 2777 936 2828 et
951 2766 1078 2847 praedae
1090 2783 1162 2826 uou-

160 2851 229 2912 nihil
245 2861 367 2931 partum,
384 2854 408 2912 si
425 2863 473 2913 aut
487 2852 610 2929 gloriam
626 2870 689 2913 oum
705 2853 793 2914 modo
807 2861 855 2913 ant
865 2851 1002 2931 praedem
1015 2867 1078 2910 cum
1093 2867 1162 2909 cura

127 2971 131 2978 ·
159 2934 318 2996 habuisset.
350 2935 517 3016 longinquis
540 2935 691 2997 itineribus
713 2936 912 3014 percursando
939 2953 1013 3015 quae
1036 2932 1162 2994 obtineri

159 3020 334 3098 nequibant,
363 3029 500 3100 corrupto
524 3021 573 3099 qui
596 3029 698 3100 captas
717 3031 780 3080 erat
807 3028 968 3081 commeatu
989 3027 1019 3079 et
1037 3018 1162 3077 instante

159 3106 215 3166 iam
229 3104 338 3179 hieme,
359 3103 474 3164 reduxit
491 3105 650 3165 exercitum
669 3107 881 3184 conposuitque
904 3102 940 3168 ad
955 3102 1112 3164 Gaesarem
1128 3101 1161 3161 li·

127 3197 240 3250 ceteras
253 3190 334 3268 quasi
350 3188 487 3249 conlecto
503 3188 592 3266 bello,
609 3187 710 3250 uerbis
725 3190 896 3268 magnificis,
911 3206 1007 3249 rerum
1021 3203 1139 3245 vacuas

225 3273 254 3333 9.
274 3272 390 3332 iuterim
407 3271 535 3334 Corbulo
552 3287 703 3353 numquam
718 3267 883 3351 neglectam
897 3271 1054 3350 Euphratis
1067 3270 1160 3347 ripam

162 3354 358 3417 crebrioribus
375 3355 527 3436 praesidiis
543 3357 661 3427 insedit;
686 3365 715 3418 et
733 3376 770 3418 ne
784 3359 866 3437 ponti
881 3354 1025 3418 iniciendo
1040 3349 1159 3432 impedi·

160 3448 284 3499 mentum
300 3441 422 3502 hostiles
437 3451 546 3502 turmae
562 3441 711 3503 adferrent
726 3441 797 3520 (iam
814 3442 887 3502 enim
899 3439 1036 3502 subiectis
1049 3436 1160 3516 campis
