2568 3870
163 200 204 264 88
390 210 946 262 coannnrrnscnmmsnomssmr

164 365 271 447 legati,
288 380 375 448 pares
388 368 453 429 iure
470 375 499 428 et
516 369 666 447 prosperis
681 367 793 428 Vitellii
810 366 898 428 rebus
914 366 1051 428 certaturi
1065 366 1102 426 ad
1117 367 1167 427 ob

49 468 51 470 ·
164 453 304 531 sequium,
320 452 472 513 adversam
491 453 554 512 eins
574 453 717 512 fortunam
732 470 770 512 ex
790 467 884 531 aequo
901 451 1112 512 detrectabant.
1140 453 1170 511 in

164 536 263 598 Africa
286 537 366 614 legio
390 536 585 615 cohortesque
605 536 740 596 delectae
763 553 779 596 a
801 533 1044 613 clodionem,
1068 553 1172 596 moxa

128 642 154 683 ro
165 621 256 683 Galba
272 620 423 698 dimissae,
445 639 544 680 rursus
566 623 646 680 iussu
661 617 916 681 Vitellii‘militiam
932 637 1057 698 cepere;
1086 619 1171 679 simul

165 714 263 766 catera
278 707 411 766 iuventus
427 704 514 765 dabat
536 706 651 783 inpigre
666 705 791 764 nomina.
821 705 932 784 quippe
946 705 1091 782 integrum
1109 703 1172 764 illic

164 808 200 850 ac
219 788 410 850 favorabilem
433 789 668 869 proconsulatum
689 787 840 865 Vitellius,
868 789 1011 849 famosum
1033 789 1172 848 invisum·

164 892 220 954 qne
236 874 436 952 Vespasianus
453 882 569 951 egerat:
593 871 716 952 proinde
737 872 810 932 socii
826 870 862 932 de
879 873 1001 953 irnperio
1018 873 1175 951 utriusque

165 956 384 1034 coniectabant,
399 956 452 1017 sed
469 959 697 1034 experimentum
714 965 815 1017 contra
829 956 892 1018 init.

226 1039 276 1102 98.
311 1041 357 1101 Ac
376 1044 467 1120 primo
482 1041 618 1101 Valerius
635 1040 739 1102 Festus
756 1040 871 1118 legatus
892 1039 983 1100 studia
1006 1039 1173 1119 prouincia·

162 1125 230 1184 lium
248 1143 312 1184 cnm
329 1123 385 1184 lide
402 1126 488 1194 iuvit3
505 1141 574 1184 mox
589 1124 720 1202 nutabat,
746 1124 842 1204 palam
856 1124 989 1204 epistulis
1004 1123 1172 1203 edictisque

162 1207 322 1284 Vitellium,
341 1207 465 1268 occultis
481 1209 586 1268 nuntiis
598 1210 811 1290 Vespasianum
826 1209 931 1269 lovens
948 1216 978 1268 et
992 1207 1169 1269 baec'illare

162 1292 352 1370 defensurus,
373 1300 460 1371 prout
483 1291 683 1353 invaluissent.
716 1292 893 1372 deprehensi
914 1310 977 1353 eum
999 1291 1093 1352 literis
1107 1290 1164 1350 edi·
1242 1317 1245 1324 ⁴

135 1395 148 1434 s
164 1378 278 1456 ctisqne
294 1377 471 1455 Vespasiani
494 1394 548 1455 per
563 1375 694 1438 Raetiam
710 1385 739 1438 et
755 1376 864 1438 Gallias
885 1377 1003 1437 militum
1024 1385 1055 1436 et
1070 1383 1166 1436 centu-

161 1465 273 1522 rionnm
288 1460 403 1541 quidam
419 1458 455 1519 ad
471 1459 620 1522 Vitellium
637 1463 717 1522 missi
731 1470 887 1522 necantur:
904 1461 1004 1540 plures
1017 1459 1168 1534 fefellere,

162 1547 218 1607 lide
237 1547 392 1606 amicorum
409 1553 457 1603 aut
474 1555 587 1606 suomet
602 1557 666 1606 astu
683 1546 832 1606 occultati.
862 1547 902 1606 ita
917 1544 1029 1605 Vitellii
1048 1552 1168 1623 paratus

160 1628 371 1706 noscebantur,
399 1629 574 1707 Vespasiani
597 1630 783 1690 consiliorum
807 1628 949 1709 pleraque
970 1630 1089 1706 ignota,
1112 1628 1170 1706 pri-

161 1732 236 1772 murn
256 1713 393 1773 socordia
409 1712 539 1789 Vitellii,
561 1712 629 1773 dein
644 1713 827 1774 Pannonicae
842 1711 936 1793 Alpes
958 1710 1114 1793 praesidiis
1129 1713 1171 1771 in·'

126 1814 264 1858 rosessae
289 1799 404 1855 nuntios
426 1796 598 1860 retinebant.
631 1815 710 1859 mare
735 1815 852 1876 quoque
876 1798 1030 1857 etesiarum
1051 1793 1121 1856 datu
1142 1798 1170 1855 ia
1263 1855 1266 1882 ,

162 1881 303 1940 orientem
318 1879 518 1957 navigantibus
536 1881 711 1959 secundum,
728 1881 795 1942 inde
811 1881 964 1942 adversum
982 1887 1055 1940 erat.

209 1964 273 2028 199.
290 1963 632 2041 Tandemdeinruptioue
645 1963 771 2022 hostium
787 1964 935 2026 atrocibus
950 1962 1076 2042 undique
1098 1980 1169 2024 nnn·
1266 1951 1267 1980 ¹

161 2048 207 2107 tiis
234 2049 388 2107 exterritus
406 2041 562 2103 Caecinam
589 2063 625 2105 ac
645 2044 799 2106 Valentem
834 2047 965 2125 expediri
996 2045 1031 2108 ad
1060 2045 1170 2107 bellum
1253 2063 1267 2102 a

160 2130 248 2190 iubet.
267 2132 444 2208 praemissus
460 2129 599 2206 Caecina,
615 2131 769 2192 Valentem
785 2150 801 2192 e
815 2133 899 2208 gravi
913 2133 1048 2212 corporis
1063 2131 1168 2190 morbo

161 2225 218 2275 tum
234 2217 355 2294 primum
371 2213 575 2292 adsurgentem
590 2216 741 2276 infirmitas
757 2214 897 2276 tardabat.
923 2215 1012 2293 longe
1028 2215 1084 2275 alia
1100 2233 1169 2294 pro·

135 2299 320 2362 ulciscentis
341 2316 379 2358 ex
401 2298 473 2358 urbe
488 2298 652 2360 Germanici
672 2302 820 2360 exereitus
842 2301 979 2378 speeies:
1001 2315 1059 2358 non
1080 2301 1170 2376 vigor

163 2381 354 2461 corporibus,
370 2399 427 2442 non
443 2382 531 2443 ardor
546 2385 662 2453 animis;
679 2383 786 2443 lentum
802 2392 831 2443 et
844 2401 939 2444 rarum
954 2401 1074 2461 agmen,
1090 2382 1168 2442 buxa

162 2482 255 2544 arma,
289 2483 397 2544 segnes
417 2468 500 2544 equi;
527 2469 673 2547 inpatiens
700 2467 773 2527 solis
797 2466 927 2546 pulveris
952 2474 1167 2546 tempestatum,

162 2559 357 2630 quantumque
377 2547 470 2610 hebes
492 2549 528 2610 ad
552 2552 747 2612 sustinendum
764 2550 895 2612 laborem
910 2551 1011 2626 miles,
1034 2559 1115 2612 tanto
1131 2549 1168 2610 ad

161 2634 324 2695 discordias
339 2635 509 2714 promptior.
540 2636 700 2696 accedebat
711 2635 767 2695 bno
780 2634 924 2697 Caecinae
939 2634 1056 2696 ambitio
1070 2643 1166 2709 vetus,

124 2738 150 2777 ro
162 2728 265 2796 torpor
279 2736 395 2795 recens,
412 2718 497 2778 nimia
509 2718 642 2780 fortunae
654 2719 833 2798 indulgentia
848 2719 935 2780 soluti
947 2721 975 2779 in
989 2718 1098 2795 luxum,
1115 2736 1167 2778 sen

161 2800 312 2880 perfidiam
329 2802 484 2862 meditanti·
498 2802 658 2880 infringere
676 2805 823 2864 exercitus
837 2804 971 2864 virtmmn
993 2804 1069 2863 inter
1088 2809 1166 2863 artes

161 2893 232 2947 erat.
271 2885 424 2946 credidere
447 2885 580 2965 plerique
596 2886 691 2948 Flavii
713 2886 812 2948 Sabini
835 2887 965 2948 consiliis
992 2903 1166 2947 concussam

161 2967 307 3030 Caecinae
329 2979 472 3046 mentem,
500 2970 630 3031 ministro
658 2989 822 3032 sermonum
842 2970 953 3033 Rubrio
972 2969 1072 3031 Gallo:
1103 2977 1166 3030 rata
1208 2989 1211 2994 ’

160 3052 236 3132 apud
257 3053 469 3134 Vespasianum
498 3054 564 3115 lore
590 3064 677 3135 pacta
704 3057 891 3116 transitionis.
927 3049 1010 3116 simul
1033 3053 1165 3116 odiorum
1262 3041 1267 3070 ''

123 3137 343 3217 reinuidiaeqne
365 3156 435 3216 erga
459 3137 578 3200 Fabium
599 3139 753 3201 Valentem
775 3138 999 3216 admonebatur,
1026 3147 1057 3198 nt
1081 3139 1165 3217 inpar

160 3221 237 3300 apud
252 3222 401 3282 Vitellium
426 3224 549 3300 gratiam
565 3223 702 3303 viresqne
723 3225 799 3305 apud
815 3242 920 3284 novum
937 3223 1098 3303 principem
1115 3239 1164 3301 pa·

160 3313 295 3447 medbb
328 3385 455 3450 Caecina
472 3409 489 3450 e
505 3392 662 3470 complexu
677 3393 787 3454 Vitellii
808 3393 898 3453 multo
916 3409 978 3451 cum
994 3390 1107 3450 bonore
1123 3387 1163 3447 di·

160 3480 283 3538 gressus
317 3480 429 3550 partem
459 3476 585 3552 equitum
606 3475 642 3536 ad
665 3477 863 3556 occupandam
885 3473 1057 3536 Cremonam
1079 3489 1162 3552 prae
