2540 3874
418 205 523 252 arsur
538 205 590 255 111.
615 205 690 254 cru.
709 201 829 262 ct-ta.
1062 202 1122 266 109

120 362 145 422 si
165 359 286 440 propria
305 361 356 421 ira
376 377 435 420 non
460 357 676 440 impelleretur,
711 361 818 426 addidit
849 363 969 428 insulam
999 366 1123 444 Gyarum

119 445 245 505 inmitem
261 450 290 504 et
304 445 368 505 sine
392 441 469 502 cultu
484 441 627 504 bominum
650 463 735 507 esse:
758 447 859 510 darent
877 447 976 512 Iuniae
997 451 1156 521 familiaem

118 538 148 590 et
168 527 232 588 uiro
257 525 401 606 quondam
419 525 527 586 ordinis
548 527 693 608 eiusdem,
717 539 747 591 ut
769 529 911 607 Cythnum
934 535 1030 614 potius
1053 555 1120 598 con-

119 611 248 674 cederet.
278 608 308 670 id
323 611 456 672 sororem
471 627 587 690 quoqne
601 612 692 674 silani
710 611 901 696 Torquatum,
922 618 1039 696 prisone
1057 638 1120 680 sau·

118 694 272 758 etimoniae
299 695 458 772 virginem,
487 703 638 774 expetere.
680 696 709 756 in
735 697 810 760 banc
840 702 1009 763 senteutiam
1043 703 1121 765 lacta

118 779 272 840 discessio.

181 862 232 923 70.
252 859 322 923 l’ost
336 860 423 923 auditi
441 859 636 941 Cyrenenses,
653 871 681 924 et
693 875 848 926 accusante
862 865 1007 930 Anchario
1019 869 1119 932 Prisco

117 943 239 1009 Caesius
255 943 369 1007 Gordus
386 943 609 1024 repetundarum
623 947 786 1010 damnatur.¹
806 949 838 1010 t.
857 949 979 1013 Ennium
994 957 1119 1034 equitem

6 1042 8 1086 ι
116 1031 290 1108 Romanum,
313 1029 471 1092 maiestatis
493 1031 681 1111 postulatum,
712 1033 791 1112 quod
820 1034 949 1114 elligiem
978 1040 1119 1120 principis

6 1131 7 1150 ¹
116 1116 291 1196 promiscum
305 1112 342 1175 ad
355 1131 436 1175 nsum
451 1115 563 1192 argenti
577 1117 724 1195 uertisset,
738 1117 831 1197 recipi
846 1117 956 1182 Caesar
967 1122 1119 1183 interreo's

115 1200 221 1275 vetuit,
251 1198 346 1278 palam
369 1207 544 1278 aspernante
569 1200 657 1260 Ateio
686 1197 828 1280 Capitone
850 1205 932 1281 qu'asl
956 1222 1011 1284 per
1032 1206 1144 1277 liber-5

118 1291 215 1345 tatem.
254 1300 312 1343 non
327 1284 402 1342 enim
418 1280 528 1343 debere
544 1285 617 1362 eripi
636 1283 765 1364 patribus
781 1285 837 1345 uim
858 1288 1000 1349 statuendi
1022 1307 1117 1370 neque

116 1376 223 1429 tantum
244 1365 417 1427 maledcium
441 1367 556 1446 impune
584 1367 755 1433 babendum.
795 1385 866 1430 sane
894 1371 988 1432 lentus
1009 1374 1038 1435 in
1063 1391 1117 1433 suo

116 1449 221 1511 dolore
237 1458 332 1511 essct:
354 1451 399 1512 rei
421 1449 557 1529 publicae
581 1452 697 1514 iniurias
718 1470 755 1513 ne
776 1452 940 1531 largiretur.
976 1456 1118 1517 intellexit

116 1535 190 1596 baec
205 1533 355 1611 Tiberius,
379 1543 408 1594 ut
425 1543 507 1595 erant
526 1537 621 1612 magis
636 1553 720 1615 quarn
735 1542 765 1596 ut
779 1533 963 1617 dicebantur,
980 1542 1117 1619 perstitit·

117 1635 173 1697 que
188 1615 385 1680 intercedere.
413 1615 518 1700 capito
532 1619 696 1697 insignitior
708 1619 824 1681 inlamia
835 1622 898 1699 luit,
913 1623 1152 1701 quodbumani10

117 1701 262 1782 divinique
276 1702 347 1763 iuris
363 1701 460 1762 sciens
477 1705 628 1781 egregium
642 1701 789 1783 publicum
811 1712 840 1765 et
859 1703 953 1767 bonas
975 1708 1051 1768 domi
1071 1726 1115 1769 ar·

116 1795 161 1846 tes
176 1785 437 1866 debonestavlsset.

179 1871 229 1931 71.
251 1867 374 1931 lucessit
396 1869 463 1930 dein
481 1869 605 1949 religio,
633 1889 757 1950 quonam
781 1874 810 1932 in
837 1873 946 1954 templo
963 1873 1116 1935 locandum

116 1953 193 2015 ieret
208 1952 323 2031 donum,
339 1951 417 2034 quod
435 1972 489 2034 pro
505 1955 670 2016 ualetudine
690 1957 841 2034 Augustae
861 1958 975 2036 equites
994 1958 1117 2019 Romani

116 2045 257 2099 voverant
287 2039 416 2117 equestri
448 2037 608 2100 Fortunae:
634 2059 698 2101 uam
725 2042 779 2102 etsi
804 2039 924 2103 delubra
950 2043 1012 2102 eius
1043 2042 1116 2102 deae

117 2122 202 2182 multa
221 2123 250 2181 in
265 2121 349 2200 urbe,
364 2121 471 2182 nullam
486 2131 580 2183 tamen
594 2123 645 2184 tall
660 2132 853 2203 cognomento
869 2133 941 2186 crat.
970 2134 1118 2205 repertum
1172 2181 1175 2186 .

117 2215 163 2268 est
178 2204 280 2267 aedem
301 2223 369 2267 csse
383 2206 460 2284 apud
475 2206 608 2284 Antium,
632 2225 707 2286 quae
727 2211 770 2268 sic
794 2217 1026 2289 nuncuparetur,
1048 2225 1142 2278 cun-³
1203 2217 1206 2224 '

116 2299 239 2370 ctasqne
260 2289 449 2352 caerimonias
469 2289 578 2352 ltalicis
599 2292 628 2350 in
651 2291 767 2373 oppidis
788 2292 955 2372 templaque
978 2301 1007 2352 et
1028 2295 1116 2352 numi-

114 2393 182 2435 num
203 2373 319 2451 effigies
339 2375 409 2434 luris
434 2383 521 2454 atque
547 2375 661 2454 imperii
685 2376 807 2438 Romani
832 2394 909 2436 esse.
949 2377 988 2436 ita
1013 2376 1118 2437 donum

114 2458 193 2540 apud
208 2458 325 2519 Antium
340 2459 479 2519 statuitur.
509 2462 688 2540 etquouiam
704 2459 741 2520 de
763 2459 953 2538 religionibus
974 2458 1117 2522 tractaba-

113 2553 175 2620 tur,
197 2541 313 2602 dilatum
327 2559 421 2622 nuper
438 2559 613 2623 responsum
633 2545 773 2605 adversus
794 2544 925 2605 Servium
939 2543 1116 2622 blalugineu·

114 2645 178 2688 sem
193 2628 335 2687 flaminem
347 2624 458 2687 Dialem
474 2629 619 2707 prompsit
633 2627 743 2689 caesar
756 2628 947 2709 recitauitque
968 2627 1116 2690 decretum
1127 2653 1151 2694 ιι

114 2711 302 2792 pontificum,
324 2711 458 2789 quotiens
477 2711 614 2771 ualetudo
635 2711 759 2774 adversa
780 2712 922 2773 llaurluem
943 2711 1055 2774 Dialem
1075 2713 1115 2772 in·

116 2795 268 2872 cessisset,
300 2803 334 2853 ut
361 2795 507 2874 pontilicis
521 2797 635 2856 maxirni
650 2796 770 2858 arbitrio
784 2796 851 2876 plus
867 2799 951 2877 qnam
960 2796 1117 2858 binoctium

113 2877 245 2955 abesset,
262 2876 327 2937 dum
341 2894 379 2937 no
405 2876 508 2938 diebus
527 2879 635 2959 publici
657 2880 792 2942 sacriiicii
812 2899 868 2940 neu
890 2882 1007 2961 saepius
1033 2896 1116 2960 quarn

112 2962 161 3023 bis
187 2958 310 3036 eundem
336 2961 365 3020 iu
392 2979 509 3032 anuum;
541 2979 615 3042 quae
641 2966 773 3048 principe
802 2964 936 3042 Augusto
963 2967 1117 3026 constituta

7 3057 22 3101 'a
113 3045 187 3109 satis
210 3043 402 3106 ostendebant
421 3063 541 3108 annuam
564 3046 721 3109 absentiam
748 3057 777 3108 et
801 3045 1151 3130 provinciarnn'admt-ru

111 3131 315 3192 circatorem
331 3127 461 3190 Dialibus
476 3147 533 3191 uon
551 3132 683 3192 concedi.
716 3132 986 3214 memorabaturque
1007 3132 1039 3193 t.
1056 3133 1116 3193 ble-

113 3213 179 3275 telli
196 3213 343 3294 pontilicis
359 3215 474 3275 maximi
488 3215 670 3295 exemplum,
695 3218 742 3296 qui
759 3216 862 3278 Aulam
878 3217 1052 3298 Postupuium
1066 3215 1115 3274 lla·

113 3299 221 3360 minem
241 3298 412 3364 attinuisset.
446 3299 487 3360 ita·
505 3318 571 3361 sors
592 3299 682 3362 Asiae
706 3304 735 3361 in
761 3319 824 3362 eum
851 3302 900 3381 qui
925 3298 1117 3362 consularium

114 3381 311 3460 Maluginensi
324 3383 474 3461 proximus
489 3391 551 3444 erat
566 3385 690 3446 conlata.
714 3427 716 3434 ,

181 3466 232 3528 72.
254 3464 350 3528 lsdem
365 3465 467 3528 diebus
480 3467 605 3548 Lepidus
621 3469 658 3530 ab
679 3477 780 3529 senata
795 3469 897 3547 petiuit
916 3475 948 3527 ut
968 3461 1117 3525 basilicam
