2568 3870
191 145 233 208 80
414 155 579 205 coenam
594 153 713 202 sacrm
727 153 967 220 macomus

193 312 256 373 dies
270 313 457 388 inposterum
473 307 647 383 celebratus,
658 308 788 384 quamuis
803 306 936 367 ludaicus
949 309 1095 368 exercitus
1107 312 1195 388 quin-

168 403 225 454 sto
246 409 337 452 nonas
357 389 446 451 Iulias
474 390 574 470 apud
565 408 657 469 rpsum
672 391 812 467 iurasset,
828 406 865 450 eo
881 390 985 450 ardore
999 399 1031 449 ut
1051 409 1089 450 ne
1107 391 1194 453 Titus

194 476 307 556 quidem
323 474 398 535 lilius
413 481 632 553 expectaretur,
648 473 732 532 Suria
746 489 878 532 remeans
899 482 930 532 et
946 473 1163 534 consiliorum'
1152 495 1193 536 ιιι-

194 571 238 622 11ι·
251 559 411 619 blucianum
422 575 457 616 ac
468 565 579 635 patrem
594 556 716 614 nuntius.
746 565 848 614 cuncta
860 555 967 633 impetu
978 556 1099 616 militum
1114 567 1194 637 acta,

193 659 251 702 non
266 649 365 719 parata
380 641 523 715 contione,
539 654 597 697 non
613 638 772 697 coniunctis
786 637 959 714 legionibus.

255 726 306 787 80.
327 722 400 782 Dum
416 723 562 801 quaeritur
576 730 690 798 tempus
705 720 788 780 locus
803 719 968 798 quodque'
959 739 988 779 ιιι
998 739 1034 780 re
1049 721 1100 781 tali
1116 724 1194 784 dilli-

194 807 328 869 cillimum
345 815 404 883 est,
421 807 513 884 prima
527 822 595 880 vox,
614 803 678 862 dum
693 803 786 864 animo
803 820 872 880 spes
888 805 986 879 timor,
1009 806 1084 864 ratio
1104 823 1195 866 casus

193 891 401 966 obversantur,
424 905 575 964 egressum
598 886 730 947 cubiculo
747 886 959 964 Vespasianum
975 888 1058 966 pauci
1072 887 1197 965 milites,

194 972 282 1034 solito
299 972 473 1032 adsistentes
489 969 589 1030 ordine
604 978 635 1028 ut
650 970 777 1046 legatum
798 968 946 1028 salutaturi
953 969 1196 1047 ,imperatorem

176 1057 376 1117 ssalutavere:
397 1062 456 1112 tum
472 1055 561 1113 ceteri
574 1051 745 1129 adcurrere,
762 1049 924 1112 Gaesarem
940 1060 969 1111 et
983 1050 1148 1128 Augustum
1167 1065 1197 1116 et

195 1140 288 1199 omnia
308 1136 495 1236 principatus
507 1134 650 1194 vocabula
672 1135 826 1194 cumulare.
858 1152 939 1194 mens
955 1151 971 1194 a
986 1144 1064 1195 metu
1080 1135 1116 1195 ad
1133 1137 1194 1197 for

195 1232 289 1283 tunam
305 1221 470 1279 transierat:
486 1220 514 1278 in
537 1220 602 1297 ipso
622 1215 691 1277 nihil
715 1216 863 1295 tumidum,
886 1217 1031 1294 adrogans
1046 1220 1133 1278 autin
1146 1239 1192 1279 re·

194 1306 249 1365 bus
263 1303 348 1362 novis
371 1319 475 1362 novum
498 1301 559 1361 luit.
591 1310 622 1361 ut
644 1302 762 1378 primum
778 1309 872 1361 tantae
887 1299 1041 1360 altitudinis
1059 1299 1186 1360 obfusam

88 1391 91 1398 '
196 1386 289 1448 oculis
314 1385 465 1463 caliginem
488 1385 616 1461 disiecit,
642 1383 801 1443 militariter
821 1382 935 1443 locutus
956 1383 1031 1442 laeta
1049 1386 1143 1444 omnia
1160 1393 1191 1444 et

165 1487 189 1528 ιο
198 1469 344 1532 alduentia
361 1468 491 1546 excepit;
509 1486 630 1546 namque
642 1466 670 1525 id
687 1467 779 1544 ipsum
795 1467 953 1545 opperiens
967 1465 1116 1527 blucianus
1134 1467 1190 1528 ala·

196 1572 275 1615 orem
297 1551 414 1612 militem
435 1553 464 1609 in
485 1550 574 1610 verba
602 1550 777 1629 Vespasiani
797 1549 904 1626 adegit.
934 1557 992 1608 tum
1012 1548 1189 1611 Antiochen-

197 1639 268 1697 sium
287 1635 427 1695 theatrum
450 1635 616 1709 ingressus,
636 1632 685 1691 ubi
707 1631 765 1692 illis
784 1631 947 1692 consultare
970 1648 1032 1691 mos
1047 1643 1108 1710 est,
1124 1651 1191 1694 con·
1265 1685 1266 1702 ,

198 1725 346 1780 currentes
368 1725 397 1776 et
413 1717 441 1775 in
457 1714 647 1776 adulationem
663 1715 771 1776 ellusos
787 1715 960 1794 adloquitur,
976 1713 1046 1775 satis
1062 1715 1192 1776 decorus
1265 1717 1266 1740 ¹

198 1803 281 1861 etiam
297 1797 408 1859 Graeca
423 1799 564 1872 lacundia,
580 1799 759 1878 omniumque
773 1816 846 1877 quae
861 1797 973 1858 diceret
986 1806 1073 1877 atque
1089 1797 1195 1876 ageret
1265 1795 1266 1832 ³

165 1900 187 1940 rs
198 1892 259 1943 arte
280 1881 399 1960 quadam
420 1888 588 1941 ostentator.
617 1881 685 1940 nihil
707 1897 799 1959 aeque
820 1881 996 1960 provinciam
1017 1883 1193 1942 exercituru-

198 1983 253 2044 que
270 1964 401 2024 accendit
419 1981 501 2041 quam
521 1963 596 2042 quod
612 1962 802 2025 adseuerabat
816 1961 975 2040 blucianus,
992 1964 1128 2024 statuisse
1143 1967 1193 2028 Vi-

197 2048 305 2108 tellium
321 2057 352 2107 ut
367 2046 551 2107 Germanicas
565 2047 698 2124 legiones
711 2048 740 2105 in
755 2046 865 2107 Suriam
881 2046 916 2107 ad
927 2046 1053 2107 militiam
1069 2047 1193 2126 opulen-

196 2141 253 2191 tam
273 2132 455 2210 quietamque
479 2129 657 2205 transferret,
678 2138 776 2190 contra
792 2129 919 2192 Suriacis
936 2128 1103 2206 legionibus
1119 2129 1192 2192 Ger-

197 2215 306 2274 manica
328 2213 446 2273 hiberna
470 2212 554 2273 caelo
574 2231 609 2272 ac
624 2211 772 2271 laboribus
788 2212 858 2272 dura
872 2219 1062 2282 mutarentur;
1080 2215 1191 2292 qnippe

161 2309 187 2348 ²⁰
198 2305 227 2357 et
249 2294 443 2374 provinciales
467 2304 548 2355 sueto
568 2295 686 2355 militum
702 2295 889 2355 contubernio
905 2293 1085 2372 gaudebant,
1103 2295 1190 2374 pleri·

197 2397 252 2458 que
275 2375 535 2449 necessitudinibus
557 2386 586 2437 et
606 2377 866 2458 propinquitatibus
884 2379 981 2453 mixti,
1004 2385 1033 2437 et
1051 2377 1189 2440 militibus

196 2469 338 2521 vetustate
359 2459 567 2537 stipendiorum
592 2469 660 2521 nota
685 2470 714 2520 et
736 2459 885 2521 familiaria
912 2469 1006 2521 castra
1026 2461 1055 2520 in
1074 2459 1189 2521 modum

197 2546 339 2623 penatium
353 2542 579 2619 diligebantur.
1110 2575 1126 2608 ‹

257 2626 307 2688 81.
329 2626 406 2686 Ante
426 2624 489 2685 idus
510 2613 597 2685 lolias
617 2625 699 2684 Suria
728 2625 843 2686 omnis
834 2643 862 2684 m
882 2625 985 2686 eodem
1006 2621 1187 2686 sacramento

196 2709 257 2770 luit.
272 2726 428 2769 accessere
443 2724 506 2767 cum
518 2725 611 2785 regno
625 2707 784 2769 Sohaemus
797 2707 872 2768 haud
886 2708 1056 2788 spernendis
1071 2707 1188 2786 uiribus,

197 2791 357 2852 Antiochus
376 2792 497 2850 uetustis
520 2790 648 2870 opibus
639 2808 742 2868 ungens
757 2799 786 2852 11
800 2791 1015 2852 inservientium
1028 2808 1131 2868 regum
1149 2793 1187 2851 di·

197 2875 333 2938 tissimus.
361 2889 429 2932 mox
448 2891 501 2951 per
520 2873 651 2933 occultos
667 2890 781 2934 suorum
796 2875 909 2934 nuntios
928 2876 1041 2934 excitus
1064 2873 1100 2934 ab
1116 2874 1187 2934 urbe
1263 2947 1264 2953 ἵ

171 2957 365 3037 sngnppa,
356 2973 457 3033 ignaro
474 2954 566 3017 adhuc
582 2955 711 3032 Vitellio,
737 2955 827 3017 celeri
843 2957 1029 3036 navigatione
1047 2973 1186 3036 propora-

199 3049 291 3100 verat.
328 3057 384 3098 nec
405 3039 514 3099 minore
535 3039 628 3100 animo
650 3039 750 3117 regina
771 3036 913 3101 berenice
943 3048 1040 3120 partas
1061 3038 1186 3113 iuvabat,

199 3124 307 3185 horens
325 3130 419 3182 aetate
432 3122 582 3203 formaque
598 3130 628 3182 et
642 3124 705 3182 seni
722 3140 837 3202 quoque
853 3122 1037 3202 Vespasiano
1058 3123 1185 3199 magnili-

200 3206 293 3266 centia
314 3223 460 3265 munerum
482 3215 574 3282 grata.
605 3204 740 3284 quidquid
755 3207 967 3284 provinciarum
982 3204 1104 3267 adluitur
1118 3205 1185 3264 mari

198 3288 270 3348 Asia
288 3297 373 3367 atque
390 3287 500 3349 Achaia
521 3297 614 3366 tenus,
640 3298 832 3368 quantumque
852 3290 993 3350 introrsus
1018 3288 1046 3348 in
1066 3286 1184 3348 Pontum
1258 3341 1263 3362 ,

166 3383 190 3423 ιι
201 3380 229 3430 11
241 3369 396 3432 Armenios
410 3371 544 3450 patescit,
560 3371 707 3442 iuravere;
723 3371 775 3433 sed
788 3375 913 3435 inermes
927 3371 1019 3450 legati
1035 3370 1184 3448 repebant.
1262 3379 1263 3386 ’
