2568 3870
429 127 594 176 uruseru.
617 127 792 180 carm—s·
1058 119 1113 180 137

109 284 220 348 electis
241 279 425 362 posthabitus
446 281 624 342 crederetur.
663 283 857 362 paulatimque
875 303 929 363 per
949 285 1115 346 altercatio·

110 387 181 430 nem
201 355 237 428 ad
253 367 403 428 continuas
430 375 460 425 et
477 365 597 428 infestas
613 368 761 428 orationes
776 370 911 448 prouecti
932 378 1011 444 sunt,
1028 387 1115 448 quae·

111 462 197 513 rente
223 449 358 512 Helvidio
389 451 456 528 quid
488 451 526 510 ita
549 448 707 511 Marcellus
737 452 870 513 iudicium
900 453 1117 530 magistratuum

111 544 307 615 pavesceret:
340 551 407 594 esse
425 533 467 592 illi
484 535 636 612 pecuniam
651 543 681 592 et
696 534 910 614 eloquentiam,
929 537 993 616 quis
1009 537 1113 598 multos
1127 558 1139 595 5

111 621 251 695 anteiret,
275 619 304 677 ιιι
321 619 460 678 memoria
484 617 655 695 flagitiorum
674 629 858 696 urgueretur.
896 629 977 681 sorte
1001 630 1030 681 et
1045 640 1114 682 urna

109 721 210 764 mores
224 719 282 762 non
298 701 438 762 discerni:
472 701 609 778 suffragia
627 711 657 762 et
678 704 918 764 existimationem
937 714 1055 766 senatus
1070 724 1115 765 re·

108 796 213 868 perta,
228 789 282 847 nt
273 805 300 844 m
317 785 456 886 cuiusque
469 787 556 845 vitam
567 785 729 877 famamque
746 796 941 865 penetrarent
968 791 1115 868 pertinere

109 872 148 934 ad
163 871 314 931 utilitatem
329 870 373 929 rei
390 868 542 948 publicae,
559 859 708 948 p'ertinero
723 871 759 930 ad
774 870 948 951 Vespasiani
963 872 1114 948 honorem,

112 971 272 1028 occurrere
295 953 336 1013 illi
359 970 433 1033 qnos
449 953 701 1014 innocentissimos
723 964 842 1016 senatus
857 955 963 1016 habeat
970 959 1045 1036 ,qui
1063 957 1113 1017 ho·
1126 982 1150 1022 ru

111 1039 205 1098 uestis
224 1036 405 1097 sermonibus
427 1055 515 1098 aures
534 1039 717 1116 imperatoris
732 1039 861 1098 inbuant.
890 1040 981 1101 luisse
1003 1041 1114 1120 Vespa*

112 1123 194 1184 siano
216 1121 368 1182 aroicitiam
391 1138 455 1180 eum
476 1121 621 1198 Thrasea,
645 1121 776 1198 Sorano,
794 1123 1050 1204 Sentio;.quorum
1067 1143 1114 1184 ao·

113 1215 266 1266 cusatores
282 1205 403 1265 etiamsi
417 1207 510 1283 puniri
525 1221 583 1264 non
596 1215 747 1285 oporteat,
766 1208 906 1268 ostentari
922 1225 979 1267 non
995 1208 1113 1268 debere.

111 1291 171 1350 hoo
187 1298 305 1350 senatus
325 1289 431 1349 iudicio
452 1289 531 1348 velut
551 1289 699 1349 admoneri
722 1292 882 1371 principem
905 1309 980 1370 quos
997 1291 1115 1372 probet,

113 1392 187 1452 quos
209 1372 390 1434 reformidet.
426 1373 533 1433 nullum
552 1374 644 1433 maius
671 1373 741 1434 boni
762 1375 877 1451 imperii
898 1377 1115 1435 instrumentum
1126 1396 1151 1436 rs

114 1475 202 1537 quam
221 1456 316 1526 bonos
338 1457 447 1517 amicos
468 1473 546 1516 esse.
582 1459 652 1516 eatis
667 1456 809 1518 blarcello
833 1458 911 1538 quod
926 1457 1096 1519 Neronem
1087 1477 1115 1518 ιιι

113 1543 233 1602 exitium
253 1548 298 1600 tot
314 1541 510 1600 innocentium
524 1539 674 1616 inpulerit:
710 1541 856 1602 frueretur
877 1543 1014 1622 praemiis
1031 1551 1060 1601 et
1074 1542 1115 1600 in-

115 1625 259 1704 punitate,
276 1624 488 1702 Vespasianum
500 1621 667 1691 melioribus
682 1624 870 1723 relinqueret

177 1705 206 1766 8.
229 1707 386 1768 Marcellus
408 1723 466 1767 non
488 1723 566 1766 suam
588 1709 787 1767 sententiam'
779 1710 946 1786 repugnari,
971 1709 1023 1768 sed
1047 1727 1115 1770 con-

113 1792 205 1853 sulem
222 1791 403 1868 designatum
419 1791 568 1851 censuisse
581 1788 714 1866 dicebat,
729 1792 886 1852 secundum
902 1801 1003 1852 uetera
1019 1811 1115 1853 exem·

112 1878 176 1956 pla,
196 1893 271 1954 quae
292 1883 400 1951 sortem
417 1874 618 1951 legationibus
641 1874 823 1953 posuissent,
843 1895 881 1936 ne
902 1875 1051 1937 ambitioni
1069 1886 1116 1938 aut

98 1959 268 2022 inimicitiis
282 1957 367 2020 locus
381 1959 468 2018 loret.
498 1957 567 2017 nihil
593 1959 728 2019 evenisse
745 1977 796 2020 cur
818 1961 973 2038 antiquitus
988 1961 1115 2020 instituta
1154 1980 1158 1987 ·

115 2042 321 2104 exolescerent
341 2051 390 2104 aut
411 2043 551 2121 principis
570 2041 664 2102 honor
679 2043 706 2102 in
724 2043 899 2123 cuiusquam·
912 2043 1138 2104 contumeliams

114 2134 291 2193 verteretur:
317 2125 454 2187 sulficere
476 2142 577 2186 omnes
599 2125 753 2206 obsequio.
795 2127 823 2188 id
844 2127 938 2204 magis
959 2127 1115 2202 vitandum,

114 2230 150 2272 ne
165 2211 333 2291 pervicacia
354 2209 531 2291 quorundam
548 2209 712 2271 inritaretur
730 2210 839 2271 animus
857 2229 934 2270 noro
953 2212 1115 2292 principatu

115 2311 273 2374 suspensus
289 2302 319 2353 et
335 2295 431 2354 voltus
446 2311 563 2373 qnoque
578 2311 614 2354 ao
635 2311 785 2355 sermones
801 2295 924 2354 omnium
941 2295 1115 2374 circumspe-

116 2389 207 2440 ctans.
237 2395 271 2438 se
284 2380 449 2438 meminisse
465 2387 625 2456 temporum
646 2378 750 2457 quibus
770 2387 852 2440 natus
871 2381 921 2456 sit,
944 2397 1029 2458 quam
1046 2380 1116 2438 o'iri·

114 2462 181 2524 tatis
192 2463 312 2524 lormam
323 2471 422 2543 patres
433 2463 537 2541 avique
553 2463 741 2530 instituerint:
754 2463 893 2523 ulteriora
905 2463 1016 2540 mirari,
1030 2481 1113 2542 prae·
1127 2479 1152 2519 ro

115 2548 209 2608 sentia
223 2548 322 2626 sequi;
343 2546 438 2608 bonos
455 2548 649 2624 imperatores
664 2556 734 2607 voto
751 2557 910 2625 expetere,
933 2546 1114 2626 qualescum-

115 2648 171 2712 que
186 2630 325 2692 tolerare.
366 2647 424 2692 uon
441 2630 533 2707 magis
556 2648 606 2690 sua
622 2631 753 2692 oratione
771 2628 928 2693 Thraseam
946 2649 1031 2710 quam
1046 2632 1115 2693 iudi-

116 2716 161 2776 cio
176 2725 293 2777 senatus
304 2714 465 2783 addictum:
477 2715 627 2776 saeuitiam
638 2714 766 2776 Neronis
779 2733 833 2794 per
847 2715 911 2776 eius
924 2715 1001 2777 modi
1017 2717 1115 2795 imagi·

115 2817 167 2860 nes
185 2799 337 2877 inlusisse,
359 2817 415 2859 nec
437 2799 530 2859 minus
551 2798 605 2858 sibi
622 2799 736 2860 anxiam
757 2800 845 2860 talem
859 2800 1012 2860 amicitiam
1032 2817 1115 2878 quam

116 2884 179 2946 aliis
201 2884 327 2945 erilium.
364 2884 489 2964 denique
521 2885 681 2944 constantia
707 2883 874 2945 fortitudine
897 2880 1057 2944 Catonibus
1087 2893 1152 2944 etrs

116 2968 211 3028 Brutis
233 2977 406 3046 aequaretur
429 2966 595 3028 llelridius:
635 2986 668 3028 se
687 2986 772 3029 unum
797 2987 865 3028 esse
883 2986 921 3028 ex
942 2967 994 3028 illo
1014 2977 1115 3028 senatu

118 3067 164 3128 qur
157 3050 263 3110 simul
280 3053 424 3112 servierit.
446 3051 572 3112 suadere
585 3053 668 3112 etiam
680 3052 793 3130 Prisco,
806 3071 843 3112 ne
855 3069 942 3131 supra
954 3052 1116 3132 principem

119 3132 285 3211 scanderet,
315 3153 353 3196 ne
373 3130 585 3214 Vespasianum
614 3152 712 3206 senem
740 3135 960 3215 triumphalem,
983 3136 1116 3194 iuuenum

118 3215 273 3278 liberorum
284 3229 413 3300 patrem,
428 3221 597 3299 praeceptis
614 3229 777 3280 coerceret.
803 3217 965 3298 quomodo
982 3219 1116 3314 pessimis

118 3303 337 3382 imperatoribus
359 3306 422 3366 sine
441 3304 496 3364 line
517 3303 754 3379 dominationem,
778 3305 817 3364 ita
839 3301 970 3400 quamvis
987 3301 1153 3396 egregiisrc

118 3386 228 3448 modum
251 3389 394 3452 libertatis
417 3388 548 3468 placere.
578 3387 777 3464 haecmagnis
793 3386 936 3461 utrimque
956 3381 1117 3443 eontentio-
