2546 3872
189 161 208 223 8
408 169 574 220 coenum
590 168 966 219 uncturmanonmuum

190 330 348 390 amicorum
369 326 542 406 cupiditates
564 327 630 405 ipsa
644 323 755 386 Galbae
774 323 900 393 facilitas
925 321 1107 400 intendebat,
1130 340 1186 384 cum

165 412 267 493 sapud
288 412 428 471 inllrmum
450 420 481 471 et
501 409 648 470 credulum
673 411 785 470 minora
804 415 882 468 metu
897 416 925 467 et
940 407 1050 469 maiore
1065 406 1187 486 praemio

211 504 374 558 accuretur.

189 516 208 578 p
255 581 302 642 13.
324 578 457 640 Potentia
476 580 656 658 principatus
679 577 770 638 diuisa
793 578 821 639 iu
840 575 935 636 Pilum
958 574 1072 636 Vinium
1094 591 1188 634 consu·

188 666 246 727 lem
260 671 289 725 et
306 662 473 724 Ooruelium
486 663 632 724 Laconem
652 663 792 742 praetorii
815 659 1010 739 praelectum
1032 675 1088 720 uec
1105 658 1199 717 minor·

188 751 282 828 gratia
302 747 384 809 Icelo
408 746 519 810 Galbae
539 746 665 824 liberto,
687 763 772 825 quem
790 743 885 804 anulis
908 743 1044 805 donatum
1067 741 1189 820 equestri

189 836 305 894 nomine
319 832 495 893 Marcianum
509 829 687 892 vocitabant.
716 830 746 891 bi
761 827 912 890 discordes
928 837 959 890 et
978 827 1068 888 rebus
1081 824 1189 888 minori-

164 918 244 978 abus
259 916 315 977 sibi
332 917 457 995 quisque
472 915 641 992 tendentes,
666 916 745 975 circa
762 913 915 975 consilium
932 911 1062 990 eligendi
1080 927 1189 972 succes·
1235 907 1236 994 3

187 999 264 1063 soris
281 1003 310 1059 in
330 999 401 1059 duaa
420 1000 565 1060 factiones
581 998 797 1060 scindebantur.
826 998 930 1059 Vinius
944 1013 1000 1076 pro
1016 995 1055 1058 lt.
1074 994 1188 1068 Otboue,

187 1087 264 1146 Laco
280 1093 367 1162 atque
382 1082 480 1143 lcelus
495 1100 642 1144 consensu
661 1100 719 1144 nou
740 1091 798 1143 tam
818 1099 902 1142 unum
917 1080 1044 1160 aliquem
1061 1078 1189 1142 fovebant

188 1185 273 1249 qaam
297 1167 394 1227 alium.
423 1184 518 1245 neque
539 1175 602 1226 erat
616 1164 727 1227 Galbae
748 1168 849 1244 ignota
866 1164 987 1226 Othonis
1007 1182 1043 1226 ae
1062 1164 1118 1225 Piti
1132 1160 1188 1220 Vini

188 1252 327 1321 amicitia;
345 1260 376 1311 et
388 1250 553 1310 rumoribus
567 1249 636 1310 nibil
655 1250 773 1311 silentio
788 1249 1052 1326 transmittentium,
1068 1251 1133 1328 quia
1146 1245 1185 1306 lii·

153 1339 238 1397 sonio
251 1335 336 1398 vidua
354 1335 428 1412 illia,
452 1334 572 1396 caelebs
588 1333 682 1412 Otho,
705 1351 799 1412 gener
814 1351 850 1394 ae
867 1350 955 1394 socer
971 1332 1181 1395 destinabantur.

189 1420 278 1482 credo
297 1429 327 1481 et
343 1422 387 1481 rei
403 1417 540 1498 publicae
556 1436 654 1480 curam
668 1417 801 1494 subisse,
819 1418 927 1479 lrustra
941 1435 957 1477 a
970 1416 1093 1478 Nerone
1109 1416 1184 1477 trans·

187 1506 284 1581 latae,
310 1506 334 1564 si
357 1503 434 1584 apud
449 1502 593 1564 Othonem
606 1503 831 1582 relinqueretur.
863 1519 986 1579 namque
1003 1501 1081 1562 Otlno
1105 1497 1186 1580 pueri·

187 1591 254 1650 tiam
270 1589 433 1663 iuouriose,
458 1587 684 1649 adulescentiam
701 1586 865 1665 petulanter
886 1595 1004 1663 egerat,
1023 1594 1126 1662 gratus
1140 1580 1187 1642 lle·

187 1675 252 1734 roni
272 1673 465 1733 aemulatione
487 1672 581 1731 laxus.
612 1688 710 1749 eoque
731 1669 898 1749 Poppaeam
918 1668 1078 1748 Sabinam,
1095 1666 1187 1749 priuci-

152 1774 178 1817 ιι
189 1757 256 1837 pale
272 1765 417 1831 scortum,
436 1764 467 1815 ut
482 1754 558 1834 apud
574 1755 722 1815 conscium
737 1754 885 1814 libidinum
900 1753 1089 1832 deposuerat,
1105 1751 1189 1812 donec

188 1841 337 1900 Ostorium
356 1855 475 1898 uxorem
491 1838 667 1898 amoliretur.
696 1855 765 1898 mox
780 1847 948 1918 suspectum
963 1838 1107 1899 incudem
1122 1835 1187 1910 Pop·

188 1940 262 2004 paea
290 1924 318 1982 ln
346 1923 525 2002 provinciam
545 1920 718 1983 Lusitaniam
747 1925 848 2002 specie
874 1921 1032 2000 legationis
1058 1917 1187 2001 seposuit.
1209 1923 1213 1925 ’

188 2007 264 2068 Otbo
283 2009 405 2067 comiter
422 2005 617 2072 administrata
637 2009 788 2085 provincia
807 2008 916 2086 primus
938 2007 967 2065 in
987 2016 1089 2086 partes
1106 2015 1187 2066 trans·

188 2109 310 2170 gressus
325 2108 382 2151 uec
397 2093 498 2169 sagula
519 2099 564 2168 et,
590 2089 686 2152 donec
705 2090 814 2152 bellum
834 2091 903 2167 luit,
926 2091 1001 2150 inter
1023 2095 1187 2168 praesentes

95 2243 97 2248 .
151 2174 458 2255 eosplendidissimus,
480 2193 563 2254 apem
582 2174 751 2254 ‘adoptionis
779 2176 875 2236 statim
903 2182 1079 2252 conceptam
1103 2169 1187 2234 acrius

187 2263 216 2321 in
232 2260 296 2323 dies
324 2258 473 2339 rapiebat,
488 2259 654 2320 laventibus
671 2259 821 2339 plerisque
837 2259 967 2336 militum,
983 2275 1077 2338 prona
1094 2259 1121 2317 in
1132 2268 1186 2314 eum
1234 2263 1235 2312 l

187 2344 252 2406 aula
270 2342 397 2404 Neronis
412 2353 444 2404 ut
458 2343 589 2404 similem.
1234 2355 1235 2368 ³

253 2429 302 2488 14.
325 2428 384 2488 Sed
400 2425 491 2489 Galba
509 2437 577 2506 post
591 2428 706 2488 nuntios
718 2427 907 2489 Germanicae
923 2425 1084 2504 seditionis,
1099 2437 1185 2502 quam·
1234 2481 1235 2506 3

188 2529 272 2592 quam
290 2511 360 2572 nihil
375 2511 469 2572 adbuc
484 2511 521 2572 da
537 2511 658 2573 Vitellio
676 2521 802 2589 certum,
825 2513 928 2571 anxins
942 2527 1068 2590 quonam
1084 2503 1185 2568 exerci-
1234 2517 1235 2536 ¹

187 2606 265 2656 taum
278 2596 323 2655 ris
339 2605 521 2675 erumperet,
543 2611 580 2656 ne
595 2593 706 2656 urbano
721 2594 838 2675 quidem
852 2595 934 2656 militi
950 2595 1097 2670 conlisus,
1118 2582 1186 2668 quod

187 2679 345 2742 remedium
361 2682 474 2740 unicum
486 2679 622 2758 rebatur,
645 2681 761 2740 comitia
779 2681 894 2758 imperii
914 2679 1064 2756 transigit3
1087 2670 1184 2735 adbibi-

163 2773 278 2844 stoque
292 2781 382 2842 super
398 2765 513 2825 Vinium
529 2783 565 2825 ac
579 2763 724 2824 Laconem
740 2761 833 2825 biario
848 2762 938 2824 Gelso
960 2761 1082 2823 consule
1098 2757 1184 2828 desig·

187 2857 255 2909 nato
272 2865 307 2908 ac
322 2847 456 2909 Ducenio
472 2849 592 2910 Gemino
608 2849 762 2926 praelecto
774 2847 869 2926 urbia,
886 2863 979 2928 pauca
994 2845 1140 2925 praelatus
1153 2837 1183 2895 dt

188 2949 239 2992 sua
264 2939 433 3009 senectute,
457 2933 593 2994 Pisonem
608 2932 783 2993 Licinianum
808 2933 919 2992 arcessi
940 2930 1037 3008 iubet,
1059 2945 1111 2990 sen
1126 2939 1181 3004 pro·
1234 2981 1235 2988 ,

188 3017 252 3096 pria
268 3016 414 3076 electione
431 3019 511 3094 sive,
528 3024 560 3076 ut
574 3016 688 3096 quidam
704 3015 903 3093 crediderunt,
926 3017 1043 3078 Lacona
1053 3013 1179 3083 jactante

189 3102 234 3162 cui
256 3099 332 3180 apud
352 3099 518 3162 Rubellium
536 3100 667 3162 Plautum
688 3103 821 3162 exercita
844 3116 908 3161 cum
926 3093 1034 3161 Pisone
1055 3091 1180 3158 amicitia·

152 3185 241 3248 ared
258 3184 363 3261 callide
380 3194 410 3245 at
427 3185 556 3262 ignotum
572 3184 710 3264 fovebat,
736 3194 766 3245 et
781 3200 926 3264 prospera
943 3183 979 3244 de
996 3182 1105 3244 Pisone
1117 3175 1180 3267 lami

188 3268 312 3330 consilio
337 3270 399 3329 elus
424 3269 509 3331 iidem
530 3268 691 3330 addiderat.
723 3269 791 3330 Piso
807 3269 845 3330 bl.
863 3267 972 3329 Orasso
992 3275 1021 3329 at
1041 3261 1181 3327 scribonia

187 3353 320 3430 genitus,
342 3352 451 3414 nobilis
466 3355 624 3432 utrimque,
645 3353 726 3414 volta
740 3353 897 3434 habituque
911 3354 1000 3412 moris
1016 3345 1135 3426 antiqui,
1149 3351 1181 3396 tx

187 3435 389 3498 aestimatione
408 3447 489 3499 recta
505 3455 644 3513 severus,
663 3436 790 3498 deterius
809 3435 1064 3518 interpretantibus
1084 3423 1181 3492 tristior
