2536 3870
379 216 534 270 munau
557 219 796 286 cs1>.1--s.v
1000 211 1057 276 181

38 376 123 438 nihil
138 391 235 474 seque
247 391 331 453 quam
342 373 442 453 iuopia
456 391 550 453 aquae
561 375 718 454 fatigabat:
740 339 853 458 iamque
864 379 941 440 lraud
956 380 1061 459 procul

40 460 145 523 exitio
162 459 232 520 totis
252 459 364 537 campis
385 458 617 538 procubuerant,
641 479 705 521 cum
721 479 799 540 grex
813 465 958 526 asinorum
974 480 1060 541 agre·

17 587 22 595 ·
41 545 168 607 stimme
179 543 280 620 pastu
271 560 301 602 ιιι
310 559 412 622 rupem
423 559 544 605 nemore
553 559 675 622 opacam
688 549 847 608 concessit.
856 547 1061 623 secutuslloy·

42 646 102 690 ses
116 627 287 688 coniectura
297 623 412 687 herbidi
422 627 480 688 soli
491 626 591 705 largas
602 645 739 708 aquarum
753 648 844 692 venas
856 633 966 711 aperit.
978 632 1006 693 ul
1019 630 1062 690 lc·

41 729 175 788 vamen,
194 718 225 770 et
241 711 406 772 continuum
421 729 476 771 sex
494 710 624 771 dierum
615 721 671 773 uter
683 713 793 774 emensi
801 717 955 794 ,septimo
967 715 1059 794 pulsis
1072 730 1097 772 ιι

42 794 217 858 cultoribus
233 795 388 873 optinuere
402 803 512 872 terras,
528 797 635 875 inquis
649 797 720 858 urbs
732 807 762 858 et
778 799 918 880 templum
932 800 1038 860 dicata

115 881 149 942 4.
172 879 294 954 llopses
312 895 370 958 qno
385 878 485 940 sibim
501 888 650 958 posterum
671 892 789 960 gentem
806 884 950 960 firmaret,
967 899 1062 942 novos

41 966 125 1027 ritus
150 964 375 1042 contrariosque
399 965 507 1024 ceteris
529 965 699 1026 mortalibus
721 963 831 1028 indidit.
863 967 986 1046 profana
1001 966 1063 1027 illic

45 1048 153 1109 omnia
167 1064 240 1126 quae
253 1047 329 1126 apud
344 1063 398 1107 uos
414 1065 514 1119 sacra3
529 1066 643 1110 rursum
656 1067 799 1112 concessa
813 1051 889 1131 apud
902 1051 970 1112 illos
987 1066 1063 1130 quae

46 1130 142 1193 nobis
167 1131 287 1191 incesta
326 1131 456 1210 effigiem
476 1131 622 1212 animalis,
647 1151 706 1214 ιιιο
727 1143 907 1218 monstrante
931 1151 1062 1196 errorem

48 1216 193 1295 sitimque
210 1213 399 1294 depulerant,
415 1216 559 1294 penetrali
575 1213 750 1296 sacravere,
768 1235 858 1280 caeso
875 1221 967 1280 ariete
982 1217 1085 1278 veluto
1195 1240 1199 1245 ’

53 1305 88 1361 in
103 1299 307 1360 coutumeliam
323 1297 501 1378 Hammonis·
523 1302 578 1362 bos
594 1320 711 1380 quoque
726 1303 904 1377 inmolator,
921 1303 1056 1398 quoniam

53 1385 200 1462 Aegyptii
214 1383 292 1462 Apm
303 1382 410 1444 colunt
443 1401 496 1444 sue
507 1384 655 1445 abstinent
665 1386 773 1446 merrto
784 1384 886 1461 cladis
907 1400 964 1463 qua
976 1400 1058 1460 rpsos

52 1464 177 1528 scabies
195 1463 339 1546 quondam
360 1475 546 1545 turpaverat,
573 1485 618 1527 cur
611 1467 664 1527 id
681 1468 785 1528 animal
802 1467 969 1532 obnoxium.
1000 1467 1064 1528 lon-

52 1567 126 1632 gam
139 1549 208 1610 olim
224 1550 330 1610 iamem
345 1549 458 1610 crebris
473 1548 591 1611 adhuc·
582 1543 697 1611 ieiuniis
711 1550 854 1621 fatentem
871 1560 902 1612 et
916 1559 1063 1630 raptarum

53 1637 174 1711 frugum
189 1643 389 1712 argumentum
406 1635 490 1713 panis
503 1633 638 1695 luduicus
652 1635 732 1696 nullo
747 1635 892 1697 fermento
910 1635 1063 1695 detinetur
1074 1651 1100 1694 ro

55 1719 185 1812 septimo
200 1717 248 1778 die
261 1720 350 1781 otium
365 1718 514 1799 placuisse
529 1718 636 1796 ierunt,
651 1721 718 1799 quia
731 1720 758 1779 is
772 1721 859 1780 linem
874 1719 1005 1780 laborum
1022 1727 1065 1777 tu·

54 1800 142 1872 lerit;
135 1800 226 1862 dein
242 1801 411 1864 blandiente
432 1803 537 1864 inertia
558 1803 711 1880 septimum
733 1820 850 1883 quoque
865 1821 968 1864 anuum
983 1803 1065 1902 igna-

10 1921 11 1926 ι
55 1887 127 1949 viae
145 1885 249 1947 datum.
279 1886 328 1946 alil
342 1886 485 1948 honorem
500 1905 564 1946 eum
580 1887 704 1949 Saturno
718 1886 837 1965 haberi,
852 1905 906 1947 seu
922 1886 1065 1967 principia

55 1971 211 2048 religionis
234 1955 414 2032 tradentibus
434 1970 545 2048 Idaeis,
575 1989 649 2048 quos
673 1989 737 2031 com
759 1973 884 2031 Saturno
911 1969 1013 2049 pulsos
1035 1977 1066 2028 et

11 2065 12 2070 ’
58 2053 230 2117 conditores
246 2057 342 2132 pontis
359 2057 542 2135 accepimus,
560 2073 613 2114 seu
630 2054 709 2134 quod
724 2056 761 2114 de
776 2063 890 2133 septem
906 2052 1062 2128 sideribus,
1073 2069 1099 2110 rs

11 2199 12 2204 ,
60 2140 127 2216 quis
144 2138 283 2200 mortales
297 2157 352 2200 res
366 2148 520 2217 reguntur,
543 2137 683 2198 altissimo
701 2137 774 2199 orbe
791 2147 820 2198 et
838 2139 996 2217 praecipua
1011 2152 1064 2216 po·

11 2229 13 2270 ³
58 2222 151 2285 tentia
164 2222 251 2284 stella
260 2223 375 2284 Saturni
387 2224 499 2284 ieratur
512 2237 548 2282 ac
560 2221 702 2301 pleraque
713 2222 882 2282 caelestium
894 2223 970 2281 riam
985 2237 1065 2281 suam

12 2319 13 2354 ³
51 2315 94 2386 ¹et
112 2325 224 2366 cursum
239 2309 380 2406 septimos
396 2325 450 2386 per
464 2321 601 2366 numeros
621 2313 792 2365 commeent.

12 2411 13 2428 ι
129 2390 157 2448 5.
179 2389 215 2449 lli
235 2391 307 2450 ritus
314 2407 460 2471 ,quoquo
475 2389 562 2452 modo
583 2389 690 2451 inducti
696 2389 889 2469 ,aanuitste
906 2386 1064 2448 defendun-

12 2491 13 2502 ’
62 2486 126 2534 tur:
158 2482 257 2534 cetera
274 2477 418 2552 instituta,
435 2475 552 2534 sinistra
568 2473 673 2552 foeda,
689 2473 831 2552 pravitate
848 2472 979 2533 valuere.
1000 2489 1066 2531 nam

64 2557 208 2638 pessimus
222 2560 346 2638 quisque
359 2560 468 2638 spretis
481 2556 675 2636 religionibus
691 2559 793 2636 patriis
807 2556 913 2617 tributa
927 2563 957 2614 et
972 2556 1065 2632 stipes

63 2641 135 2705 illuc
150 2641 366 2720 congerebant,
381 2641 457 2703 uude
473 2651 574 2702 auctae
590 2640 842 2716 ludaeorumres,
857 2641 970 2718 etquis
988 2637 1066 2717 apud

65 2730 146 2805 ipsos
166 2725 239 2786 ddes
263 2725 424 2800 obstinata,
442 2724 670 2787 misericordia
661 2743 691 2785 ru
713 2733 866 2804 promptu,
887 2724 940 2784 sed
963 2722 1088 2784 advers

65 2825 117 2872 sus
132 2825 231 2870 omues
248 2811 323 2871 alios
338 2803 446 2872 hostile
463 2810 569 2872 odium.
603 2810 732 2890 separati
752 2809 865 2888 epulis,
881 2807 1000 2869 discreti
1016 2825 1066 2867 cu·

69 2893 189 2970 bilibus,
203 2897 417 2972 proiectissima
425 2896 460 2957 ad
472 2894 619 2955 lrbrdmem
626 2912 711 2971 gens,
724 2893 1065 2970 alienigenarumconcu·

67 2977 298 3045 bituabstineut;
304 2977 652 3040 intersenilrilinlicitum
666 2973 1066 3074 circumcideregenitaliaio·

66 3058 234 3132 stituerunt,
257 3066 289 3117 ut
308 3058 477 3118 diversitate
498 3067 665 3119 noscantur.
702 3061 879 3136 transgressi
906 3062 933 3116 ιἰι
954 3075 1064 3117 morem

68 3155 167 3200 eorum
185 3140 263 3200 idem
284 3153 439 3220 usurpant,
459 3161 515 3203 nec
537 3143 689 3222 quicquam
709 3145 790 3222 prius
810 3141 965 3203 inbuuntur
980 3155 1100 3220 quamue

70 3229 253 3283 contemnere
269 3221 358 3299 deos,
380 3243 489 3288 exuere
511 3228 647 3304 patriam,
667 3235 805 3305 parentes
826 3225 937 3287 liberos
959 3226 1066 3286 iratres

67 3305 136 3367 vilia
150 3305 269 3368 babere.
300 3308 452 3387 augendae
466 3317 561 3369 tamen
577 3309 746 3371 multitudini
767 3311 940 3375 consulitur;
958 3327 1021 3368 uam
1037 3315 1067 3367 et

68 3409 174 3454 necare
192 3409 365 3473 quanquam
386 3409 424 3455 err
448 3395 561 3474 agnatis
577 3394 678 3470 nefas,
701 3395 871 3472 animosque
886 3392 1001 3470 proelio
1018 3397 1067 3450 aut

68 3475 218 3556 suppliciis
229 3487 446 3560 peremptorum
456 3487 595 3540 aeternos
606 3486 719 3558 putant:
733 3477 800 3537 hino
812 3474 971 3556 generandi
985 3489 1067 3534 amor
