<?xml version="1.0" encoding="UTF-8"?>
<!DOCTYPE html PUBLIC "-//W3C//DTD XHTML 1.0 Transitional//EN"
    "http://www.w3.org/TR/xhtml1/DTD/xhtml1-transitional.dtd">
<html xmlns="http://www.w3.org/1999/xhtml" xml:lang="en" lang="en">
 <head>
  <title>
</title>
<meta http-equiv="Content-Type" content="text/html;charset=utf-8" />
  <meta name='ocr-system' content='tesseract 3.04.00' />
  <meta name='ocr-capabilities' content='ocr_page ocr_carea ocr_par ocr_line ocrx_word'/>
</head>
<body>
  <div class='ocr_page' id='page_1' title='image "./libriquisupersu02tacigoog/libriquisupersu02tacigoog_0589.png"; bbox 0 0 2536 3870; ppageno 0'>
   <div class='ocr_carea' id='block_1_1' title="bbox 177 186 951 244">
    <p class='ocr_par' dir='ltr' id='par_1_1' title="bbox 177 186 951 244">
     <span class='ocr_line' id='line_1_1' title="bbox 177 186 951 244; baseline -0.006 0"><span class='ocrx_word' id='word_1_1' title='bbox 177 186 236 244; x_wconf 77' lang='lat'><strong>144</strong></span> <span class='ocrx_word' id='word_1_2' title='bbox 400 192 951 244; x_wconf 79' lang='lat' dir='ltr'><strong>conuunrrnncrnrrrrsroernrruu</strong></span> 
     </span>
    </p>
   </div>
   <div class='ocr_carea' id='block_1_2' title="bbox 94 344 1254 3534">
    <p class='ocr_par' dir='ltr' id='par_1_2' title="bbox 175 344 1253 598">
     <span class='ocr_line' id='line_1_2' title="bbox 176 344 1184 425; baseline -0.002 -15"><span class='ocrx_word' id='word_1_3' title='bbox 176 350 367 412; x_wconf 86' lang='lat' dir='ltr'><strong>cumlundnut.</strong></span> <span class='ocrx_word' id='word_1_4' title='bbox 405 351 449 412; x_wconf 92' lang='lat' dir='ltr'><strong>illi</strong></span> <span class='ocrx_word' id='word_1_5' title='bbox 475 359 591 411; x_wconf 88' lang='lat' dir='ltr'><strong>veteres</strong></span> <span class='ocrx_word' id='word_1_6' title='bbox 616 349 732 409; x_wconf 86' lang='lat' dir='ltr'><strong>militiae</strong></span> <span class='ocrx_word' id='word_1_7' title='bbox 760 350 789 408; x_wconf 91' lang='lat' dir='ltr'><strong>in</strong></span> <span class='ocrx_word' id='word_1_8' title='bbox 816 364 926 408; x_wconf 89' lang='lat' dir='ltr'><strong>cuneos</strong></span> <span class='ocrx_word' id='word_1_9' title='bbox 951 344 1184 425; x_wconf 81' lang='lat' dir='ltr'><strong>congregantur,</strong></span> 
     </span>
     <span class='ocr_line' id='line_1_3' title="bbox 176 431 1186 514; baseline -0.003 -19"><span class='ocrx_word' id='word_1_10' title='bbox 176 435 258 497; x_wconf 89' lang='lat' dir='ltr'><strong>densi</strong></span> <span class='ocrx_word' id='word_1_11' title='bbox 270 435 396 514; x_wconf 85' lang='lat' dir='ltr'><strong>undique</strong></span> <span class='ocrx_word' id='word_1_12' title='bbox 417 444 446 495; x_wconf 90' lang='lat' dir='ltr'><strong>et</strong></span> <span class='ocrx_word' id='word_1_13' title='bbox 466 435 591 495; x_wconf 84' lang='lat' dir='ltr'><strong>frontem</strong></span> <span class='ocrx_word' id='word_1_14' title='bbox 612 445 754 511; x_wconf 79' lang='lat' dir='ltr'><strong>tergaque</strong></span> <span class='ocrx_word' id='word_1_15' title='bbox 773 450 809 492; x_wconf 90' lang='lat' dir='ltr'><strong>ac</strong></span> <span class='ocrx_word' id='word_1_16' title='bbox 824 431 900 492; x_wconf 86' lang='lat' dir='ltr'><strong>lutus</strong></span> <span class='ocrx_word' id='word_1_17' title='bbox 915 434 982 502; x_wconf 90' lang='lat' dir='ltr'><strong>tuti;</strong></span> <span class='ocrx_word' id='word_1_18' title='bbox 1000 434 1043 491; x_wconf 86' lang='lat' dir='ltr'><strong>sic</strong></span> <span class='ocrx_word' id='word_1_19' title='bbox 1061 440 1186 492; x_wconf 87' lang='lat' dir='ltr'><strong>tenuem</strong></span> 
     </span>
     <span class='ocr_line' id='line_1_4' title="bbox 175 514 1253 598; baseline -0.003 -20"><span class='ocrx_word' id='word_1_20' title='bbox 175 527 339 581; x_wconf 86' lang='lat' dir='ltr'><strong>nostrorum</strong></span> <span class='ocrx_word' id='word_1_21' title='bbox 351 519 444 580; x_wconf 88' lang='lat' dir='ltr'><strong>aciem</strong></span> <span class='ocrx_word' id='word_1_22' title='bbox 455 518 644 598; x_wconf 78' lang='lat' dir='ltr'><strong>perfringunt.</strong></span> <span class='ocrx_word' id='word_1_23' title='bbox 666 514 943 592; x_wconf 89' lang='lat' dir='ltr'><strong>cedentibusBelgis</strong></span> <span class='ocrx_word' id='word_1_24' title='bbox 955 515 1073 594; x_wconf 77' lang='lat' dir='ltr'><strong>pellitur</strong></span> <span class='ocrx_word' id='word_1_25' title='bbox 1085 515 1183 593; x_wconf 79' lang='lat' dir='ltr'><strong>legio,</strong></span> <span class='ocrx_word' id='word_1_26' title='bbox 1240 514 1253 567; x_wconf 79' lang='lat' dir='ltr'><strong>l</strong></span> 
     </span>
    </p>

    <p class='ocr_par' dir='ltr' id='par_1_3' title="bbox 130 597 1184 683">
     <span class='ocr_line' id='line_1_5' title="bbox 130 597 1184 683; baseline -0.005 -20"><span class='ocrx_word' id='word_1_27' title='bbox 130 604 134 612; x_wconf 89' lang='lat'>&#39;</span> <span class='ocrx_word' id='word_1_28' title='bbox 176 614 205 663; x_wconf 90' lang='lat' dir='ltr'><strong>et</strong></span> <span class='ocrx_word' id='word_1_29' title='bbox 225 601 331 664; x_wconf 86' lang='lat' dir='ltr'><strong>vallum</strong></span> <span class='ocrx_word' id='word_1_30' title='bbox 353 612 513 681; x_wconf 86' lang='lat' dir='ltr'><strong>portasque</strong></span> <span class='ocrx_word' id='word_1_31' title='bbox 535 600 641 683; x_wconf 76' lang='lat' dir='ltr'>trepidi</span> <span class='ocrx_word' id='word_1_32' title='bbox 657 598 805 680; x_wconf 87' lang='lat' dir='ltr'><strong>petebant.</strong></span> <span class='ocrx_word' id='word_1_33' title='bbox 844 597 884 658; x_wconf 90' lang='lat' dir='ltr'><strong>ibi</strong></span> <span class='ocrx_word' id='word_1_34' title='bbox 901 599 1052 678; x_wconf 89' lang='lat' dir='ltr'><strong>plurimum</strong></span> <span class='ocrx_word' id='word_1_35' title='bbox 1069 597 1184 659; x_wconf 90' lang='lat' dir='ltr'><strong>eladis:</strong></span> 
     </span>
    </p>

    <p class='ocr_par' dir='ltr' id='par_1_4' title="bbox 142 682 1254 1102">
     <span class='ocr_line' id='line_1_6' title="bbox 142 682 1185 768; baseline -0.001 -26"><span class='ocrx_word' id='word_1_36' title='bbox 142 704 165 743; x_wconf 82' lang='lat' dir='ltr'><strong>ru</strong></span> <span class='ocrx_word' id='word_1_37' title='bbox 177 686 338 748; x_wconf 73' lang='lat' dir='ltr'>cumulatae</span> <span class='ocrx_word' id='word_1_38' title='bbox 354 686 527 768; x_wconf 81' lang='lat' dir='ltr'><strong>corporibus</strong></span> <span class='ocrx_word' id='word_1_39' title='bbox 548 687 668 763; x_wconf 85' lang='lat' dir='ltr'><strong>iussae,</strong></span> <span class='ocrx_word' id='word_1_40' title='bbox 692 702 748 744; x_wconf 89' lang='lat' dir='ltr'><strong>neo</strong></span> <span class='ocrx_word' id='word_1_41' title='bbox 769 682 861 744; x_wconf 90' lang='lat' dir='ltr'><strong>caede</strong></span> <span class='ocrx_word' id='word_1_42' title='bbox 884 691 991 743; x_wconf 86' lang='lat' dir='ltr'><strong>tuntum</strong></span> <span class='ocrx_word' id='word_1_43' title='bbox 1006 693 1036 743; x_wconf 89' lang='lat' dir='ltr'><strong>et</strong></span> <span class='ocrx_word' id='word_1_44' title='bbox 1052 682 1185 744; x_wconf 88' lang='lat' dir='ltr'><strong>volneri·</strong></span> 
     </span>
     <span class='ocr_line' id='line_1_7' title="bbox 175 767 1254 849; baseline -0.003 -18"><span class='ocrx_word' id='word_1_45' title='bbox 175 772 244 847; x_wconf 91' lang='lat' dir='ltr'><strong>bus,</strong></span> <span class='ocrx_word' id='word_1_46' title='bbox 260 771 313 831; x_wconf 88' lang='lat' dir='ltr'><strong>sed</strong></span> <span class='ocrx_word' id='word_1_47' title='bbox 333 772 413 831; x_wconf 89' lang='lat' dir='ltr'><strong>ruina</strong></span> <span class='ocrx_word' id='word_1_48' title='bbox 435 780 465 830; x_wconf 92' lang='lat' dir='ltr'><strong>et</strong></span> <span class='ocrx_word' id='word_1_49' title='bbox 481 771 541 830; x_wconf 87' lang='lat' dir='ltr'><strong>suis</strong></span> <span class='ocrx_word' id='word_1_50' title='bbox 561 769 694 849; x_wconf 82' lang='lat' dir='ltr'><strong>plerique</strong></span> <span class='ocrx_word' id='word_1_51' title='bbox 718 767 786 828; x_wconf 89' lang='lat' dir='ltr'><strong>telis</strong></span> <span class='ocrx_word' id='word_1_52' title='bbox 801 767 949 827; x_wconf 88' lang='lat' dir='ltr'><strong>interiere.</strong></span> <span class='ocrx_word' id='word_1_53' title='bbox 982 767 1112 827; x_wconf 89' lang='lat' dir='ltr'><strong>victores</strong></span> <span class='ocrx_word' id='word_1_54' title='bbox 1129 785 1185 829; x_wconf 87' lang='lat' dir='ltr'><strong>co·</strong></span> <span class='ocrx_word' id='word_1_55' title='bbox 1253 775 1254 780; x_wconf 77' lang='grc'>’</span> 
     </span>
     <span class='ocr_line' id='line_1_8' title="bbox 175 850 1182 935; baseline -0.004 -21"><span class='ocrx_word' id='word_1_56' title='bbox 175 857 253 916; x_wconf 84' lang='lat' dir='ltr'><strong>lonie</strong></span> <span class='ocrx_word' id='word_1_57' title='bbox 277 855 533 935; x_wconf 73' lang='lat' dir='ltr'><strong>Agrippinensium</strong></span> <span class='ocrx_word' id='word_1_58' title='bbox 556 854 661 929; x_wconf 86' lang='lat' dir='ltr'><strong>vitata,</strong></span> <span class='ocrx_word' id='word_1_59' title='bbox 683 851 753 912; x_wconf 87' lang='lat' dir='ltr'><strong>nibil</strong></span> <span class='ocrx_word' id='word_1_60' title='bbox 774 859 875 911; x_wconf 90' lang='lat' dir='ltr'><strong>cetero</strong></span> <span class='ocrx_word' id='word_1_61' title='bbox 896 851 925 910; x_wconf 91' lang='lat' dir='ltr'><strong>in</strong></span> <span class='ocrx_word' id='word_1_62' title='bbox 948 850 1052 911; x_wconf 89' lang='lat' dir='ltr'><strong>itinere</strong></span> <span class='ocrx_word' id='word_1_63' title='bbox 1071 850 1182 912; x_wconf 84' lang='lat' dir='ltr'><strong>hostile</strong></span> 
     </span>
     <span class='ocr_line' id='line_1_9' title="bbox 175 934 1246 1018; baseline -0.008 -18"><span class='ocrx_word' id='word_1_64' title='bbox 175 940 255 1016; x_wconf 86' lang='lat' dir='ltr'><strong>ansi,</strong></span> <span class='ocrx_word' id='word_1_65' title='bbox 276 937 430 999; x_wconf 74' lang='lat' dir='ltr'><strong>Bonnense</strong></span> <span class='ocrx_word' id='word_1_66' title='bbox 446 938 589 1018; x_wconf 90' lang='lat' dir='ltr'><strong>proelium</strong></span> <span class='ocrx_word' id='word_1_67' title='bbox 612 934 806 1010; x_wconf 85' lang='lat' dir='ltr'><strong>excusabant,</strong></span> <span class='ocrx_word' id='word_1_68' title='bbox 828 944 972 1014; x_wconf 67' lang='lat' dir='ltr'><strong>nmquam</strong></span> <span class='ocrx_word' id='word_1_69' title='bbox 986 937 1077 1015; x_wconf 85' lang='lat' dir='ltr'><strong>petite</strong></span> <span class='ocrx_word' id='word_1_70' title='bbox 1092 952 1183 1014; x_wconf 84' lang='lat' dir='ltr'><strong>pace,</strong></span> <span class='ocrx_word' id='word_1_71' title='bbox 1241 934 1246 991; x_wconf 85' lang='lat' dir='ltr'><strong>i</strong></span> 
     </span>
     <span class='ocr_line' id='line_1_10' title="bbox 176 1018 963 1102; baseline -0.009 -19"><span class='ocrx_word' id='word_1_72' title='bbox 176 1033 328 1102; x_wconf 83' lang='lat' dir='ltr'><strong>postquem</strong></span> <span class='ocrx_word' id='word_1_73' title='bbox 344 1022 520 1099; x_wconf 74' lang='lat' dir='ltr'><strong>negabatur,</strong></span> <span class='ocrx_word' id='word_1_74' title='bbox 537 1020 652 1081; x_wconf 86' lang='lat' dir='ltr'><strong>sibimet</strong></span> <span class='ocrx_word' id='word_1_75' title='bbox 665 1020 722 1099; x_wconf 88' lang='lat' dir='ltr'><strong>ipsi</strong></span> <span class='ocrx_word' id='word_1_76' title='bbox 740 1018 963 1079; x_wconf 87' lang='lat' dir='ltr'><strong>consuluissent.</strong></span> 
     </span>
    </p>

    <p class='ocr_par' dir='ltr' id='par_1_5' title="bbox 173 1101 1184 1517">
     <span class='ocr_line' id='line_1_11' title="bbox 232 1101 1184 1168; baseline -0.008 0"><span class='ocrx_word' id='word_1_77' title='bbox 232 1107 283 1168; x_wconf 94' lang='grc'><strong>21.</strong></span> <span class='ocrx_word' id='word_1_78' title='bbox 316 1104 417 1166; x_wconf 81' lang='lat' dir='ltr'><strong>(livilis</strong></span> <span class='ocrx_word' id='word_1_79' title='bbox 447 1105 571 1164; x_wconf 81' lang='lat' dir='ltr'><strong>adventu</strong></span> <span class='ocrx_word' id='word_1_80' title='bbox 606 1114 807 1164; x_wconf 88' lang='lat' dir='ltr'><strong>veteranarum</strong></span> <span class='ocrx_word' id='word_1_81' title='bbox 838 1101 1000 1163; x_wconf 74' lang='lat' dir='ltr'><strong>cohortium</strong></span> <span class='ocrx_word' id='word_1_82' title='bbox 1032 1103 1099 1161; x_wconf 89' lang='lat' dir='ltr'><strong>iusti</strong></span> <span class='ocrx_word' id='word_1_83' title='bbox 1125 1103 1184 1161; x_wconf 88' lang='lat' dir='ltr'><strong>iarn</strong></span> 
     </span>
     <span class='ocr_line' id='line_1_12' title="bbox 174 1184 1182 1268; baseline -0.004 -19"><span class='ocrx_word' id='word_1_84' title='bbox 174 1192 320 1250; x_wconf 82' lang='lat' dir='ltr'><strong>exercitus</strong></span> <span class='ocrx_word' id='word_1_85' title='bbox 336 1189 453 1268; x_wconf 90' lang='lat' dir='ltr'><strong>ductor,</strong></span> <span class='ocrx_word' id='word_1_86' title='bbox 474 1187 528 1248; x_wconf 90' lang='lat' dir='ltr'><strong>sed</strong></span> <span class='ocrx_word' id='word_1_87' title='bbox 543 1188 657 1248; x_wconf 88' lang='lat' dir='ltr'><strong>consilii</strong></span> <span class='ocrx_word' id='word_1_88' title='bbox 673 1186 824 1264; x_wconf 87' lang='lat' dir='ltr'><strong>ambiguus</strong></span> <span class='ocrx_word' id='word_1_89' title='bbox 840 1195 869 1246; x_wconf 91' lang='lat' dir='ltr'><strong>et</strong></span> <span class='ocrx_word' id='word_1_90' title='bbox 885 1187 942 1246; x_wconf 90' lang='lat' dir='ltr'><strong>vim</strong></span> <span class='ocrx_word' id='word_1_91' title='bbox 959 1184 1118 1246; x_wconf 86' lang='lat' dir='ltr'><strong>Romanam</strong></span> <span class='ocrx_word' id='word_1_92' title='bbox 1135 1205 1182 1246; x_wconf 89' lang='lat' dir='ltr'><strong>rc-</strong></span> 
     </span>
     <span class='ocr_line' id='line_1_13' title="bbox 173 1268 1179 1352; baseline -0.007 -18"><span class='ocrx_word' id='word_1_93' title='bbox 173 1283 294 1352; x_wconf 82' lang='lat' dir='ltr'><strong>putans,</strong></span> <span class='ocrx_word' id='word_1_94' title='bbox 319 1282 441 1334; x_wconf 86' lang='lat' dir='ltr'><strong>cunctos</strong></span> <span class='ocrx_word' id='word_1_95' title='bbox 458 1274 507 1352; x_wconf 88' lang='lat' dir='ltr'><strong>qui</strong></span> <span class='ocrx_word' id='word_1_96' title='bbox 532 1271 652 1332; x_wconf 87' lang='lat' dir='ltr'><strong>ederant</strong></span> <span class='ocrx_word' id='word_1_97' title='bbox 672 1273 701 1330; x_wconf 92' lang='lat' dir='ltr'><strong>in</strong></span> <span class='ocrx_word' id='word_1_98' title='bbox 716 1271 807 1331; x_wconf 83' lang='lat' dir='ltr'><strong>verbe</strong></span> <span class='ocrx_word' id='word_1_99' title='bbox 822 1270 998 1349; x_wconf 84' lang='lat' dir='ltr'><strong>Vespasiani</strong></span> <span class='ocrx_word' id='word_1_100' title='bbox 1014 1268 1106 1346; x_wconf 87' lang='lat' dir='ltr'><strong>adigit</strong></span> <span class='ocrx_word' id='word_1_101' title='bbox 1119 1272 1179 1328; x_wconf 83' lang='lat' dir='ltr'><strong>nnit-</strong></span> 
     </span>
     <span class='ocr_line' id='line_1_14' title="bbox 173 1351 1179 1437; baseline -0.008 -19"><span class='ocrx_word' id='word_1_102' title='bbox 173 1359 263 1437; x_wconf 78' lang='lat' dir='ltr'><strong>litque</strong></span> <span class='ocrx_word' id='word_1_103' title='bbox 280 1357 395 1435; x_wconf 85' lang='lat' dir='ltr'><strong>legatos</strong></span> <span class='ocrx_word' id='word_1_104' title='bbox 417 1357 453 1417; x_wconf 90' lang='lat' dir='ltr'><strong>ad</strong></span> <span class='ocrx_word' id='word_1_105' title='bbox 476 1357 547 1416; x_wconf 86' lang='lat' dir='ltr'><strong>duas</strong></span> <span class='ocrx_word' id='word_1_106' title='bbox 566 1357 720 1433; x_wconf 90' lang='lat' dir='ltr'><strong>legiones,</strong></span> <span class='ocrx_word' id='word_1_107' title='bbox 743 1373 818 1434; x_wconf 82' lang='lat' dir='ltr'><strong>quae</strong></span> <span class='ocrx_word' id='word_1_108' title='bbox 835 1355 936 1433; x_wconf 89' lang='lat' dir='ltr'><strong>priore</strong></span> <span class='ocrx_word' id='word_1_109' title='bbox 953 1354 1017 1416; x_wconf 84' lang='lat' dir='ltr'><strong>acie</strong></span> <span class='ocrx_word' id='word_1_110' title='bbox 1033 1351 1139 1432; x_wconf 87' lang='lat' dir='ltr'><strong>pulsae</strong></span> <span class='ocrx_word' id='word_1_111' title='bbox 1153 1355 1179 1412; x_wconf 92' lang='lat' dir='ltr'><strong>in</strong></span> 
     </span>
     <span class='ocr_line' id='line_1_15' title="bbox 174 1437 1180 1517; baseline -0.006 -15"><span class='ocrx_word' id='word_1_112' title='bbox 174 1444 286 1502; x_wconf 86' lang='lat' dir='ltr'><strong>Vetera</strong></span> <span class='ocrx_word' id='word_1_113' title='bbox 306 1450 401 1502; x_wconf 81' lang='lat' dir='ltr'><strong>castm</strong></span> <span class='ocrx_word' id='word_1_114' title='bbox 426 1449 649 1517; x_wconf 87' lang='lat' dir='ltr'><strong>concesserant,</strong></span> <span class='ocrx_word' id='word_1_115' title='bbox 676 1449 707 1500; x_wconf 94' lang='lat' dir='ltr'><strong>ut</strong></span> <span class='ocrx_word' id='word_1_116' title='bbox 724 1437 802 1499; x_wconf 89' lang='lat' dir='ltr'><strong>idern</strong></span> <span class='ocrx_word' id='word_1_117' title='bbox 823 1446 1034 1499; x_wconf 77' lang='lat' dir='ltr'><strong>sacramentum</strong></span> <span class='ocrx_word' id='word_1_118' title='bbox 1062 1438 1180 1516; x_wconf 87' lang='lat' dir='ltr'><strong>accipe·</strong></span> 
     </span>
    </p>

    <p class='ocr_par' dir='ltr' id='par_1_6' title="bbox 151 1520 1184 1937">
     <span class='ocr_line' id='line_1_16' title="bbox 151 1520 1182 1604; baseline -0.002 -20"><span class='ocrx_word' id='word_1_119' title='bbox 151 1534 247 1586; x_wconf 73' lang='lat' dir='ltr'><strong>erent.</strong></span> <span class='ocrx_word' id='word_1_120' title='bbox 277 1524 407 1586; x_wconf 90' lang='lat' dir='ltr'><strong>redditur</strong></span> <span class='ocrx_word' id='word_1_121' title='bbox 426 1542 613 1604; x_wconf 88' lang='lat' dir='ltr'><strong>responsum:</strong></span> <span class='ocrx_word' id='word_1_122' title='bbox 643 1541 738 1602; x_wconf 87' lang='lat' dir='ltr'><strong>neque</strong></span> <span class='ocrx_word' id='word_1_123' title='bbox 759 1522 918 1601; x_wconf 88' lang='lat' dir='ltr'><strong>proditoris</strong></span> <span class='ocrx_word' id='word_1_124' title='bbox 938 1539 1033 1601; x_wconf 84' lang='lat' dir='ltr'><strong>neque</strong></span> <span class='ocrx_word' id='word_1_125' title='bbox 1054 1520 1182 1582; x_wconf 86' lang='lat' dir='ltr'><strong>lrostr&#39;urn</strong></span> 
     </span>
     <span class='ocr_line' id='line_1_17' title="bbox 174 1605 1182 1684; baseline -0.005 -14"><span class='ocrx_word' id='word_1_126' title='bbox 174 1628 207 1670; x_wconf 86' lang='lat' dir='ltr'><strong>ee</strong></span> <span class='ocrx_word' id='word_1_127' title='bbox 223 1610 353 1670; x_wconf 87' lang='lat' dir='ltr'><strong>consiliis</strong></span> <span class='ocrx_word' id='word_1_128' title='bbox 367 1610 421 1676; x_wconf 75' lang='lat' dir='ltr'><strong>nti:</strong></span> <span class='ocrx_word' id='word_1_129' title='bbox 439 1627 506 1669; x_wconf 89' lang='lat' dir='ltr'><strong>esse</strong></span> <span class='ocrx_word' id='word_1_130' title='bbox 522 1607 576 1667; x_wconf 90' lang='lat' dir='ltr'><strong>sibl</strong></span> <span class='ocrx_word' id='word_1_131' title='bbox 591 1607 738 1668; x_wconf 85' lang='lat' dir='ltr'><strong>Vitellium</strong></span> <span class='ocrx_word' id='word_1_132' title='bbox 754 1606 932 1684; x_wconf 87' lang='lat' dir='ltr'><strong>principem,</strong></span> <span class='ocrx_word' id='word_1_133' title='bbox 949 1622 1004 1684; x_wconf 90' lang='lat' dir='ltr'><strong>pro</strong></span> <span class='ocrx_word' id='word_1_134' title='bbox 1021 1622 1078 1683; x_wconf 87' lang='lat' dir='ltr'><strong>quo</strong></span> <span class='ocrx_word' id='word_1_135' title='bbox 1095 1605 1182 1665; x_wconf 82' lang='lat' dir='ltr'><strong>fidem</strong></span> 
     </span>
     <span class='ocr_line' id='line_1_18' title="bbox 175 1689 1183 1770; baseline -0.004 -18"><span class='ocrx_word' id='word_1_136' title='bbox 175 1703 204 1752; x_wconf 90' lang='lat' dir='ltr'><strong>et</strong></span> <span class='ocrx_word' id='word_1_137' title='bbox 230 1711 307 1753; x_wconf 89' lang='lat' dir='ltr'><strong>arma</strong></span> <span class='ocrx_word' id='word_1_138' title='bbox 330 1708 421 1769; x_wconf 87' lang='lat' dir='ltr'><strong>usque</strong></span> <span class='ocrx_word' id='word_1_139' title='bbox 450 1692 486 1752; x_wconf 85' lang='lat' dir='ltr'><strong>ed</strong></span> <span class='ocrx_word' id='word_1_140' title='bbox 508 1709 672 1770; x_wconf 90' lang='lat' dir='ltr'><strong>supremum</strong></span> <span class='ocrx_word' id='word_1_141' title='bbox 695 1691 824 1768; x_wconf 87' lang='lat' dir='ltr'><strong>spiritum</strong></span> <span class='ocrx_word' id='word_1_142' title='bbox 845 1698 1026 1749; x_wconf 88' lang='lat' dir='ltr'><strong>retenturos:</strong></span> <span class='ocrx_word' id='word_1_143' title='bbox 1057 1689 1183 1767; x_wconf 85' lang='lat' dir='ltr'><strong>proinde</strong></span> 
     </span>
     <span class='ocr_line' id='line_1_19' title="bbox 175 1773 1184 1854; baseline -0.003 -19"><span class='ocrx_word' id='word_1_144' title='bbox 175 1777 298 1854; x_wconf 84' lang='lat' dir='ltr'><strong>perluga</strong></span> <span class='ocrx_word' id='word_1_145' title='bbox 315 1775 439 1834; x_wconf 86' lang='lat' dir='ltr'><strong>Batavus</strong></span> <span class='ocrx_word' id='word_1_146' title='bbox 455 1774 602 1835; x_wconf 80' lang='lat' dir='ltr'><strong>arbitrium</strong></span> <span class='ocrx_word' id='word_1_147' title='bbox 616 1774 922 1834; x_wconf 71' lang='lat' dir='ltr'><strong>rerumilomanarum</strong></span> <span class='ocrx_word' id='word_1_148' title='bbox 937 1790 975 1833; x_wconf 92' lang='lat' dir='ltr'><strong>ue</strong></span> <span class='ocrx_word' id='word_1_149' title='bbox 990 1783 1111 1849; x_wconf 86' lang='lat' dir='ltr'><strong>ageret,</strong></span> <span class='ocrx_word' id='word_1_150' title='bbox 1128 1773 1184 1834; x_wconf 89' lang='lat' dir='ltr'><strong>sed</strong></span> 
     </span>
     <span class='ocr_line' id='line_1_20' title="bbox 175 1854 1184 1937; baseline -0.003 -19"><span class='ocrx_word' id='word_1_151' title='bbox 175 1860 291 1918; x_wconf 90' lang='lat' dir='ltr'><strong>meritas</strong></span> <span class='ocrx_word' id='word_1_152' title='bbox 318 1857 443 1918; x_wconf 85' lang='lat' dir='ltr'><strong>sceleris</strong></span> <span class='ocrx_word' id='word_1_153' title='bbox 464 1875 576 1937; x_wconf 87' lang='lat' dir='ltr'><strong>poenes</strong></span> <span class='ocrx_word' id='word_1_154' title='bbox 599 1866 779 1936; x_wconf 86' lang='lat' dir='ltr'><strong>expectaret.</strong></span> <span class='ocrx_word' id='word_1_155' title='bbox 810 1875 883 1936; x_wconf 88' lang='lat' dir='ltr'><strong>quae</strong></span> <span class='ocrx_word' id='word_1_156' title='bbox 906 1856 954 1917; x_wconf 91' lang='lat' dir='ltr'><strong>ubi</strong></span> <span class='ocrx_word' id='word_1_157' title='bbox 975 1855 1067 1918; x_wconf 87' lang='lat' dir='ltr'><strong>relata</strong></span> <span class='ocrx_word' id='word_1_158' title='bbox 1083 1854 1184 1934; x_wconf 86' lang='lat' dir='ltr'><strong>Civili,</strong></span> 
     </span>
    </p>

    <p class='ocr_par' dir='ltr' id='par_1_7' title="bbox 142 1941 1182 2020">
     <span class='ocr_line' id='line_1_21' title="bbox 142 1941 1182 2020; baseline 0.006 -24"><span class='ocrx_word' id='word_1_159' title='bbox 142 1955 165 1996; x_wconf 89' lang='lat' dir='ltr'><strong>ro</strong></span> <span class='ocrx_word' id='word_1_160' title='bbox 175 1945 311 2002; x_wconf 89' lang='lat' dir='ltr'><strong>incensus</strong></span> <span class='ocrx_word' id='word_1_161' title='bbox 336 1943 378 2001; x_wconf 92' lang='lat' dir='ltr'><strong>ira</strong></span> <span class='ocrx_word' id='word_1_162' title='bbox 405 1941 569 2002; x_wconf 76' lang='lat' dir='ltr'><strong>ninivensem</strong></span> <span class='ocrx_word' id='word_1_163' title='bbox 593 1941 767 2003; x_wconf 75' lang='lat' dir='ltr'><strong>batavorum</strong></span> <span class='ocrx_word' id='word_1_164' title='bbox 794 1949 912 2018; x_wconf 89' lang='lat' dir='ltr'><strong>gentem</strong></span> <span class='ocrx_word' id='word_1_165' title='bbox 939 1943 967 2000; x_wconf 92' lang='lat' dir='ltr'><strong>in</strong></span> <span class='ocrx_word' id='word_1_166' title='bbox 989 1957 1067 2000; x_wconf 86' lang='lat' dir='ltr'><strong>arma</strong></span> <span class='ocrx_word' id='word_1_167' title='bbox 1088 1943 1182 2020; x_wconf 75' lang='lat' dir='ltr'><strong>rapit:</strong></span> 
     </span>
    </p>

    <p class='ocr_par' dir='ltr' id='par_1_8' title="bbox 151 2023 1182 2190">
     <span class='ocr_line' id='line_1_22' title="bbox 151 2023 1182 2104; baseline -0.002 -18"><span class='ocrx_word' id='word_1_168' title='bbox 151 2041 160 2052; x_wconf 69' lang='lat'><strong>¹</strong></span> <span class='ocrx_word' id='word_1_169' title='bbox 174 2028 328 2104; x_wconf 82' lang='lat' dir='ltr'><strong>iunguntur</strong></span> <span class='ocrx_word' id='word_1_170' title='bbox 343 2025 475 2086; x_wconf 73' lang='lat' dir='ltr'><strong>Bructeri</strong></span> <span class='ocrx_word' id='word_1_171' title='bbox 489 2025 683 2104; x_wconf 84' lang='lat' dir='ltr'><strong>Tencterique</strong></span> <span class='ocrx_word' id='word_1_172' title='bbox 700 2035 730 2086; x_wconf 90' lang='lat' dir='ltr'><strong>et</strong></span> <span class='ocrx_word' id='word_1_173' title='bbox 745 2027 840 2088; x_wconf 84' lang='lat' dir='ltr'><strong>excitu</strong></span> <span class='ocrx_word' id='word_1_174' title='bbox 856 2026 961 2086; x_wconf 85' lang='lat' dir='ltr'><strong>nuntiis</strong></span> <span class='ocrx_word' id='word_1_175' title='bbox 976 2023 1130 2084; x_wconf 80' lang='lat' dir='ltr'><strong>Germanic</strong></span> <span class='ocrx_word' id='word_1_176' title='bbox 1146 2024 1182 2084; x_wconf 85' lang='lat' dir='ltr'><strong>cd</strong></span> 
     </span>
     <span class='ocr_line' id='line_1_23' title="bbox 175 2109 501 2190; baseline -0.006 -19"><span class='ocrx_word' id='word_1_177' title='bbox 175 2109 312 2190; x_wconf 89' lang='lat' dir='ltr'><strong>praedam</strong></span> <span class='ocrx_word' id='word_1_178' title='bbox 329 2110 501 2189; x_wconf 83' lang='lat' dir='ltr'><strong>laurumque.</strong></span> 
     </span>
    </p>

    <p class='ocr_par' dir='ltr' id='par_1_9' title="bbox 175 2192 1253 2523">
     <span class='ocr_line' id='line_1_24' title="bbox 238 2192 1181 2271; baseline -0.001 -16"><span class='ocrx_word' id='word_1_179' title='bbox 238 2193 289 2256; x_wconf 88' lang='grc'><strong>22.</strong></span> <span class='ocrx_word' id='word_1_180' title='bbox 310 2193 461 2255; x_wconf 76' lang='lat' dir='ltr'><strong>Adversus</strong></span> <span class='ocrx_word' id='word_1_181' title='bbox 482 2192 535 2254; x_wconf 86' lang='lat' dir='ltr'><strong>bes</strong></span> <span class='ocrx_word' id='word_1_182' title='bbox 555 2195 755 2255; x_wconf 85' lang='lat' dir='ltr'><strong>concurrentis</strong></span> <span class='ocrx_word' id='word_1_183' title='bbox 772 2192 843 2253; x_wconf 91' lang='lat' dir='ltr'><strong>belli</strong></span> <span class='ocrx_word' id='word_1_184' title='bbox 864 2193 955 2254; x_wconf 89' lang='lat' dir='ltr'><strong>minas</strong></span> <span class='ocrx_word' id='word_1_185' title='bbox 978 2193 1068 2270; x_wconf 90' lang='lat' dir='ltr'><strong>legati</strong></span> <span class='ocrx_word' id='word_1_186' title='bbox 1085 2193 1181 2271; x_wconf 83' lang='lat' dir='ltr'><strong>legio-</strong></span> 
     </span>
     <span class='ocr_line' id='line_1_25' title="bbox 175 2267 1253 2360; baseline -0.001 -22"><span class='ocrx_word' id='word_1_187' title='bbox 175 2296 241 2338; x_wconf 89' lang='lat' dir='ltr'><strong>num</strong></span> <span class='ocrx_word' id='word_1_188' title='bbox 271 2277 384 2340; x_wconf 84' lang='lat' dir='ltr'><strong>llunius</strong></span> <span class='ocrx_word' id='word_1_189' title='bbox 409 2279 559 2358; x_wconf 85' lang='lat' dir='ltr'><strong>Lupercus</strong></span> <span class='ocrx_word' id='word_1_190' title='bbox 585 2288 615 2337; x_wconf 91' lang='lat' dir='ltr'><strong>et</strong></span> <span class='ocrx_word' id='word_1_191' title='bbox 643 2277 789 2338; x_wconf 84' lang='lat' dir='ltr'><strong>Numisius</strong></span> <span class='ocrx_word' id='word_1_192' title='bbox 818 2277 910 2340; x_wconf 78' lang='lat' dir='ltr'><strong>liuius</strong></span> <span class='ocrx_word' id='word_1_193' title='bbox 935 2276 1043 2337; x_wconf 82' lang='lat' dir='ltr'><strong>vellum</strong></span> <span class='ocrx_word' id='word_1_194' title='bbox 1069 2295 1183 2338; x_wconf 89' lang='lat' dir='ltr'><strong>muros·</strong></span> <span class='ocrx_word' id='word_1_195' title='bbox 1252 2267 1253 2360; x_wconf 70' lang='lat' dir='ltr'><strong>l</strong></span> 
     </span>
     <span class='ocr_line' id='line_1_26' title="bbox 176 2359 1253 2442; baseline -0.001 -19"><span class='ocrx_word' id='word_1_196' title='bbox 176 2381 232 2441; x_wconf 85' lang='lat' dir='ltr'><strong>quc</strong></span> <span class='ocrx_word' id='word_1_197' title='bbox 254 2361 413 2424; x_wconf 83' lang='lat' dir='ltr'><strong>firmabant.</strong></span> <span class='ocrx_word' id='word_1_198' title='bbox 449 2362 591 2422; x_wconf 86' lang='lat' dir='ltr'><strong>subversa</strong></span> <span class='ocrx_word' id='word_1_199' title='bbox 613 2361 721 2440; x_wconf 89' lang='lat' dir='ltr'><strong>longae</strong></span> <span class='ocrx_word' id='word_1_200' title='bbox 745 2363 828 2441; x_wconf 86' lang='lat' dir='ltr'><strong>pacis</strong></span> <span class='ocrx_word' id='word_1_201' title='bbox 850 2379 958 2442; x_wconf 87' lang='lat' dir='ltr'><strong>opera,</strong></span> <span class='ocrx_word' id='word_1_202' title='bbox 978 2359 1054 2420; x_wconf 82' lang='lat' dir='ltr'><strong>haud</strong></span> <span class='ocrx_word' id='word_1_203' title='bbox 1075 2363 1183 2440; x_wconf 87' lang='lat' dir='ltr'><strong>procul</strong></span> <span class='ocrx_word' id='word_1_204' title='bbox 1252 2371 1253 2440; x_wconf 29' lang='grc' dir='ltr'>ζ</span> 
     </span>
     <span class='ocr_line' id='line_1_27' title="bbox 178 2443 1253 2523; baseline 0 -17"><span class='ocrx_word' id='word_1_205' title='bbox 178 2447 280 2507; x_wconf 89' lang='lat' dir='ltr'><strong>castris</strong></span> <span class='ocrx_word' id='word_1_206' title='bbox 300 2448 330 2506; x_wconf 92' lang='lat' dir='ltr'><strong>in</strong></span> <span class='ocrx_word' id='word_1_207' title='bbox 349 2447 463 2507; x_wconf 91' lang='lat' dir='ltr'><strong>modum</strong></span> <span class='ocrx_word' id='word_1_208' title='bbox 487 2447 633 2523; x_wconf 90' lang='lat' dir='ltr'><strong>municipii</strong></span> <span class='ocrx_word' id='word_1_209' title='bbox 655 2453 818 2522; x_wconf 86' lang='lat' dir='ltr'><strong>exstructa,</strong></span> <span class='ocrx_word' id='word_1_210' title='bbox 844 2462 882 2506; x_wconf 89' lang='lat' dir='ltr'><strong>ne</strong></span> <span class='ocrx_word' id='word_1_211' title='bbox 898 2443 1030 2506; x_wconf 85' lang='lat' dir='ltr'><strong>hostibus</strong></span> <span class='ocrx_word' id='word_1_212' title='bbox 1051 2447 1115 2504; x_wconf 87' lang='lat' dir='ltr'><strong>usui</strong></span> <span class='ocrx_word' id='word_1_213' title='bbox 1136 2446 1182 2506; x_wconf 84' lang='lat' dir='ltr'><strong>io·</strong></span> <span class='ocrx_word' id='word_1_214' title='bbox 1252 2489 1253 2512; x_wconf 13' lang='grc' dir='ltr'>ἦ</span> 
     </span>
    </p>

    <p class='ocr_par' dir='ltr' id='par_1_10' title="bbox 94 2521 1253 3534">
     <span class='ocr_line' id='line_1_28' title="bbox 153 2527 1253 2614; baseline 0.001 -27"><span class='ocrx_word' id='word_1_215' title='bbox 153 2535 249 2592; x_wconf 73' lang='lat' dir='ltr'><strong>crint.</strong></span> <span class='ocrx_word' id='word_1_216' title='bbox 286 2530 339 2592; x_wconf 88' lang='lat' dir='ltr'><strong>sed</strong></span> <span class='ocrx_word' id='word_1_217' title='bbox 361 2548 460 2610; x_wconf 89' lang='lat' dir='ltr'><strong>parurn</strong></span> <span class='ocrx_word' id='word_1_218' title='bbox 484 2531 631 2608; x_wconf 82' lang='lat' dir='ltr'><strong>provisum</strong></span> <span class='ocrx_word' id='word_1_219' title='bbox 651 2539 682 2589; x_wconf 91' lang='lat' dir='ltr'><strong>ut</strong></span> <span class='ocrx_word' id='word_1_220' title='bbox 703 2531 809 2609; x_wconf 89' lang='lat' dir='ltr'><strong>copiae</strong></span> <span class='ocrx_word' id='word_1_221' title='bbox 823 2531 851 2589; x_wconf 87' lang='lat' dir='ltr'><strong>in</strong></span> <span class='ocrx_word' id='word_1_222' title='bbox 868 2539 962 2591; x_wconf 90' lang='lat' dir='ltr'><strong>castra</strong></span> <span class='ocrx_word' id='word_1_223' title='bbox 979 2527 1181 2590; x_wconf 88' lang='lat' dir='ltr'><strong>conveheren-</strong></span> <span class='ocrx_word' id='word_1_224' title='bbox 1252 2557 1253 2614; x_wconf 59' lang='lat' dir='ltr'><strong>p</strong></span> 
     </span>
     <span class='ocr_line' id='line_1_29' title="bbox 176 2611 1253 2694; baseline 0.002 -20"><span class='ocrx_word' id='word_1_225' title='bbox 176 2625 235 2682; x_wconf 78' lang='lat' dir='ltr'><strong>tur:</strong></span> <span class='ocrx_word' id='word_1_226' title='bbox 257 2616 321 2693; x_wconf 90' lang='lat' dir='ltr'><strong>rapi</strong></span> <span class='ocrx_word' id='word_1_227' title='bbox 338 2617 516 2694; x_wconf 81' lang='lat' dir='ltr'><strong>permisere:</strong></span> <span class='ocrx_word' id='word_1_228' title='bbox 550 2614 588 2674; x_wconf 91' lang='lat' dir='ltr'><strong>ita</strong></span> <span class='ocrx_word' id='word_1_229' title='bbox 603 2615 705 2693; x_wconf 86' lang='lat' dir='ltr'><strong>paucis</strong></span> <span class='ocrx_word' id='word_1_230' title='bbox 720 2613 823 2674; x_wconf 86' lang='lat' dir='ltr'><strong>diebus</strong></span> <span class='ocrx_word' id='word_1_231' title='bbox 838 2631 892 2692; x_wconf 86' lang='lat' dir='ltr'><strong>per</strong></span> <span class='ocrx_word' id='word_1_232' title='bbox 907 2614 1052 2675; x_wconf 84' lang='lat' dir='ltr'><strong>licentium</strong></span> <span class='ocrx_word' id='word_1_233' title='bbox 1066 2611 1181 2676; x_wconf 85' lang='lat' dir='ltr'><strong>absum·</strong></span> <span class='ocrx_word' id='word_1_234' title='bbox 1252 2623 1253 2684; x_wconf 76' lang='lat' dir='ltr'><strong>l</strong></span> 
     </span>
     <span class='ocr_line' id='line_1_30' title="bbox 114 2697 1253 2778; baseline -0.002 -20"><span class='ocrx_word' id='word_1_235' title='bbox 114 2773 117 2778; x_wconf 16' lang='grc' dir='ltr'><strong>μ</strong></span> <span class='ocrx_word' id='word_1_236' title='bbox 176 2708 224 2776; x_wconf 87' lang='lat' dir='ltr'><strong>pta</strong></span> <span class='ocrx_word' id='word_1_237' title='bbox 240 2707 305 2759; x_wconf 93' lang='lat' dir='ltr'><strong>suut</strong></span> <span class='ocrx_word' id='word_1_238' title='bbox 325 2717 402 2777; x_wconf 86' lang='lat' dir='ltr'><strong>quae</strong></span> <span class='ocrx_word' id='word_1_239' title='bbox 421 2699 563 2761; x_wconf 88' lang='lat' dir='ltr'><strong>adversus</strong></span> <span class='ocrx_word' id='word_1_240' title='bbox 584 2698 779 2759; x_wconf 76' lang='lat' dir='ltr'><strong>necessitates</strong></span> <span class='ocrx_word' id='word_1_241' title='bbox 798 2699 827 2756; x_wconf 92' lang='lat' dir='ltr'><strong>in</strong></span> <span class='ocrx_word' id='word_1_242' title='bbox 847 2697 967 2778; x_wconf 86' lang='lat' dir='ltr'><strong>longum</strong></span> <span class='ocrx_word' id='word_1_243' title='bbox 982 2697 1181 2758; x_wconf 76' lang='lat' dir='ltr'><strong>suffecissent.</strong></span> <span class='ocrx_word' id='word_1_244' title='bbox 1252 2701 1253 2772; x_wconf 62' lang='grc' dir='ltr'>ζ</span> 
     </span>
     <span class='ocr_line' id='line_1_31' title="bbox 177 2780 1253 2860; baseline -0.002 -16"><span class='ocrx_word' id='word_1_245' title='bbox 177 2782 277 2844; x_wconf 86' lang='lat' dir='ltr'><strong>Civilis</strong></span> <span class='ocrx_word' id='word_1_246' title='bbox 291 2782 416 2844; x_wconf 89' lang='lat' dir='ltr'><strong>medium</strong></span> <span class='ocrx_word' id='word_1_247' title='bbox 427 2801 530 2860; x_wconf 80' lang='lat' dir='ltr'><strong>agmen</strong></span> <span class='ocrx_word' id='word_1_248' title='bbox 542 2801 606 2842; x_wconf 90' lang='lat' dir='ltr'><strong>cum</strong></span> <span class='ocrx_word' id='word_1_249' title='bbox 619 2781 728 2848; x_wconf 90' lang='lat' dir='ltr'><strong>robore</strong></span> <span class='ocrx_word' id='word_1_250' title='bbox 739 2780 912 2844; x_wconf 79' lang='lat' dir='ltr'><strong>Batavorum</strong></span> <span class='ocrx_word' id='word_1_251' title='bbox 928 2781 1063 2842; x_wconf 88' lang='lat' dir='ltr'><strong>obtinens</strong></span> <span class='ocrx_word' id='word_1_252' title='bbox 1075 2790 1180 2843; x_wconf 89' lang='lat' dir='ltr'><strong>utrem·</strong></span> <span class='ocrx_word' id='word_1_253' title='bbox 1252 2801 1253 2806; x_wconf 49' lang='lat'>¹</span> 
     </span>
     <span class='ocr_line' id='line_1_32' title="bbox 177 2865 1253 2950; baseline 0 -24"><span class='ocrx_word' id='word_1_254' title='bbox 177 2885 233 2945; x_wconf 87' lang='lat' dir='ltr'><strong>que</strong></span> <span class='ocrx_word' id='word_1_255' title='bbox 248 2865 341 2926; x_wconf 86' lang='lat' dir='ltr'><strong>Rheni</strong></span> <span class='ocrx_word' id='word_1_256' title='bbox 365 2868 473 2946; x_wconf 87' lang='lat' dir='ltr'><strong>ripam,</strong></span> <span class='ocrx_word' id='word_1_257' title='bbox 492 2884 549 2946; x_wconf 90' lang='lat' dir='ltr'><strong>quo</strong></span> <span class='ocrx_word' id='word_1_258' title='bbox 572 2866 762 2928; x_wconf 88' lang='lat' dir='ltr'><strong>truculentior</strong></span> <span class='ocrx_word' id='word_1_259' title='bbox 783 2867 847 2926; x_wconf 87' lang='lat' dir='ltr'><strong>visu</strong></span> <span class='ocrx_word' id='word_1_260' title='bbox 861 2868 954 2941; x_wconf 82' lang='lat' dir='ltr'><strong>foret,</strong></span> <span class='ocrx_word' id='word_1_261' title='bbox 971 2865 1181 2928; x_wconf 85' lang='lat' dir='ltr'><strong>Gennanorum</strong></span> <span class='ocrx_word' id='word_1_262' title='bbox 1252 2875 1253 2950; x_wconf 71' lang='lat' dir='ltr'><strong>l</strong></span> 
     </span>
     <span class='ocr_line' id='line_1_33' title="bbox 142 2949 1179 3030; baseline 0.001 -20"><span class='ocrx_word' id='word_1_263' title='bbox 142 2969 167 3010; x_wconf 79' lang='grc' dir='ltr'><strong>ιο</strong></span> <span class='ocrx_word' id='word_1_264' title='bbox 179 2951 303 3011; x_wconf 84' lang='lat' dir='ltr'><strong>catervis</strong></span> <span class='ocrx_word' id='word_1_265' title='bbox 324 2950 469 3030; x_wconf 77' lang='lat' dir='ltr'><strong>complet,</strong></span> <span class='ocrx_word' id='word_1_266' title='bbox 489 2950 650 3012; x_wconf 86' lang='lat' dir='ltr'><strong>adsultante</strong></span> <span class='ocrx_word' id='word_1_267' title='bbox 674 2968 729 3028; x_wconf 91' lang='lat' dir='ltr'><strong>per</strong></span> <span class='ocrx_word' id='word_1_268' title='bbox 745 2967 865 3030; x_wconf 88' lang='lat' dir='ltr'><strong>campos</strong></span> <span class='ocrx_word' id='word_1_269' title='bbox 884 2951 998 3029; x_wconf 88' lang='lat' dir='ltr'><strong>equite;</strong></span> <span class='ocrx_word' id='word_1_270' title='bbox 1022 2949 1106 3010; x_wconf 90' lang='lat' dir='ltr'><strong>simul</strong></span> <span class='ocrx_word' id='word_1_271' title='bbox 1131 2969 1179 3011; x_wconf 86' lang='lat' dir='ltr'><strong>na·</strong></span> 
     </span>
     <span class='ocr_line' id='line_1_34' title="bbox 176 3034 1180 3112; baseline -0.001 -17"><span class='ocrx_word' id='word_1_272' title='bbox 176 3053 229 3097; x_wconf 85' lang='lat' dir='ltr'><strong>ves</strong></span> <span class='ocrx_word' id='word_1_273' title='bbox 245 3036 273 3095; x_wconf 90' lang='lat' dir='ltr'><strong>in</strong></span> <span class='ocrx_word' id='word_1_274' title='bbox 285 3034 440 3096; x_wconf 84' lang='lat' dir='ltr'><strong>adversum</strong></span> <span class='ocrx_word' id='word_1_275' title='bbox 455 3052 565 3094; x_wconf 89' lang='lat' dir='ltr'><strong>amnem</strong></span> <span class='ocrx_word' id='word_1_276' title='bbox 575 3034 748 3112; x_wconf 76' lang='lat' dir='ltr'><strong>agebantur.</strong></span> <span class='ocrx_word' id='word_1_277' title='bbox 773 3034 840 3096; x_wconf 89' lang='lat' dir='ltr'><strong>binc</strong></span> <span class='ocrx_word' id='word_1_278' title='bbox 854 3043 1057 3096; x_wconf 87' lang='lat' dir='ltr'><strong>veteranarum</strong></span> <span class='ocrx_word' id='word_1_279' title='bbox 1073 3034 1180 3096; x_wconf 88' lang='lat' dir='ltr'><strong>cobor-</strong></span> 
     </span>
     <span class='ocr_line' id='line_1_35' title="bbox 176 3118 1179 3199; baseline -0.002 -19"><span class='ocrx_word' id='word_1_280' title='bbox 176 3121 243 3180; x_wconf 88' lang='lat' dir='ltr'><strong>tium</strong></span> <span class='ocrx_word' id='word_1_281' title='bbox 263 3121 363 3197; x_wconf 88' lang='lat' dir='ltr'><strong>signa,</strong></span> <span class='ocrx_word' id='word_1_282' title='bbox 389 3119 455 3180; x_wconf 90' lang='lat' dir='ltr'><strong>inde</strong></span> <span class='ocrx_word' id='word_1_283' title='bbox 480 3118 677 3198; x_wconf 86' lang='lat' dir='ltr'><strong>depromptae.</strong></span> <span class='ocrx_word' id='word_1_284' title='bbox 695 3119 775 3180; x_wconf 90' lang='lat' dir='ltr'><strong>silvis</strong></span> <span class='ocrx_word' id='word_1_285' title='bbox 791 3118 923 3199; x_wconf 82' lang='lat' dir='ltr'><strong>lucisque</strong></span> <span class='ocrx_word' id='word_1_286' title='bbox 936 3120 1062 3180; x_wconf 84' lang='lat' dir='ltr'><strong>lerarum</strong></span> <span class='ocrx_word' id='word_1_287' title='bbox 1077 3119 1179 3196; x_wconf 85' lang='lat' dir='ltr'><strong>imagi-</strong></span> 
     </span>
     <span class='ocr_line' id='line_1_36' title="bbox 176 3201 1252 3282; baseline 0.004 -20"><span class='ocrx_word' id='word_1_288' title='bbox 176 3222 246 3281; x_wconf 88' lang='lat' dir='ltr'><strong>nes,</strong></span> <span class='ocrx_word' id='word_1_289' title='bbox 262 3211 292 3264; x_wconf 91' lang='lat' dir='ltr'><strong>ut</strong></span> <span class='ocrx_word' id='word_1_290' title='bbox 307 3206 410 3282; x_wconf 86' lang='lat' dir='ltr'><strong>cuique</strong></span> <span class='ocrx_word' id='word_1_291' title='bbox 425 3203 506 3280; x_wconf 89' lang='lat' dir='ltr'><strong>genti</strong></span> <span class='ocrx_word' id='word_1_292' title='bbox 517 3205 589 3263; x_wconf 89' lang='lat' dir='ltr'><strong>inire</strong></span> <span class='ocrx_word' id='word_1_293' title='bbox 607 3203 749 3282; x_wconf 89' lang='lat' dir='ltr'><strong>proelium</strong></span> <span class='ocrx_word' id='word_1_294' title='bbox 763 3221 827 3263; x_wconf 84' lang='lat' dir='ltr'><strong>mos</strong></span> <span class='ocrx_word' id='word_1_295' title='bbox 843 3213 902 3281; x_wconf 89' lang='lat' dir='ltr'><strong>est,</strong></span> <span class='ocrx_word' id='word_1_296' title='bbox 918 3205 1005 3264; x_wconf 84' lang='lat' dir='ltr'><strong>mixta</strong></span> <span class='ocrx_word' id='word_1_297' title='bbox 1020 3201 1092 3263; x_wconf 90' lang='lat' dir='ltr'><strong>belli</strong></span> <span class='ocrx_word' id='word_1_298' title='bbox 1107 3203 1179 3263; x_wconf 90' lang='lat' dir='ltr'><strong>civi·</strong></span> <span class='ocrx_word' id='word_1_299' title='bbox 1251 3263 1252 3266; x_wconf 74' lang='grc'>,</span> 
     </span>
     <span class='ocr_line' id='line_1_37' title="bbox 176 3286 1178 3367; baseline 0.002 -23"><span class='ocrx_word' id='word_1_300' title='bbox 176 3287 213 3345; x_wconf 87' lang='lat' dir='ltr'><strong>lis</strong></span> <span class='ocrx_word' id='word_1_301' title='bbox 228 3289 400 3366; x_wconf 83' lang='lat' dir='ltr'><strong>externique</strong></span> <span class='ocrx_word' id='word_1_302' title='bbox 417 3288 494 3348; x_wconf 84' lang='lat' dir='ltr'><strong>lucie</strong></span> <span class='ocrx_word' id='word_1_303' title='bbox 516 3287 774 3365; x_wconf 84' lang='lat' dir='ltr'><strong>obstupefecerant</strong></span> <span class='ocrx_word' id='word_1_304' title='bbox 794 3288 944 3350; x_wconf 88' lang='lat' dir='ltr'><strong>obsessos.</strong></span> <span class='ocrx_word' id='word_1_305' title='bbox 978 3297 1007 3347; x_wconf 91' lang='lat' dir='ltr'><strong>et</strong></span> <span class='ocrx_word' id='word_1_306' title='bbox 1024 3304 1109 3367; x_wconf 91' lang='lat' dir='ltr'><strong>spem</strong></span> <span class='ocrx_word' id='word_1_307' title='bbox 1128 3286 1178 3348; x_wconf 88' lang='lat' dir='ltr'><strong>ob·</strong></span> 
     </span>
     <span class='ocr_line' id='line_1_38' title="bbox 94 3370 1180 3452; baseline 0.005 -27"><span class='ocrx_word' id='word_1_308' title='bbox 94 3436 97 3441; x_wconf 89' lang='lat'><em>.</em></span> <span class='ocrx_word' id='word_1_309' title='bbox 140 3371 361 3446; x_wconf 68' lang='lat' dir='ltr'><strong>repugnantium</strong></span> <span class='ocrx_word' id='word_1_310' title='bbox 377 3371 503 3449; x_wconf 81' lang='lat' dir='ltr'><strong>augebat</strong></span> <span class='ocrx_word' id='word_1_311' title='bbox 518 3371 676 3450; x_wconf 88' lang='lat' dir='ltr'><strong>amplitudo</strong></span> <span class='ocrx_word' id='word_1_312' title='bbox 692 3373 771 3448; x_wconf 87' lang='lat' dir='ltr'><strong>valli,</strong></span> <span class='ocrx_word' id='word_1_313' title='bbox 789 3373 866 3452; x_wconf 87' lang='lat' dir='ltr'><strong>quod</strong></span> <span class='ocrx_word' id='word_1_314' title='bbox 883 3371 994 3434; x_wconf 87' lang='lat' dir='ltr'><strong>duabus</strong></span> <span class='ocrx_word' id='word_1_315' title='bbox 1011 3370 1180 3449; x_wconf 79' lang='lat' dir='ltr'><strong>legionibus</strong></span> 
     </span>
     <span class='ocr_line' id='line_1_39' title="bbox 175 3452 1177 3534; baseline 0.014 -28"><span class='ocrx_word' id='word_1_316' title='bbox 175 3452 257 3511; x_wconf 86' lang='lat' dir='ltr'><strong>situm</strong></span> <span class='ocrx_word' id='word_1_317' title='bbox 280 3455 329 3512; x_wconf 85' lang='lat' dir='ltr'><strong>vix</strong></span> <span class='ocrx_word' id='word_1_318' title='bbox 351 3457 476 3534; x_wconf 82' lang='lat' dir='ltr'><strong>quinque</strong></span> <span class='ocrx_word' id='word_1_319' title='bbox 500 3456 577 3516; x_wconf 88' lang='lat' dir='ltr'><strong>milia</strong></span> <span class='ocrx_word' id='word_1_320' title='bbox 598 3466 769 3516; x_wconf 83' lang='lat' dir='ltr'><strong>armatorum</strong></span> <span class='ocrx_word' id='word_1_321' title='bbox 789 3458 983 3518; x_wconf 84' lang='lat' dir='ltr'><strong>Romanorum</strong></span> <span class='ocrx_word' id='word_1_322' title='bbox 1006 3454 1177 3520; x_wconf 87' lang='lat' dir='ltr'><strong>tuebantur;</strong></span> 
     </span>
    </p>
   </div>
   <div class='ocr_carea' id='block_1_3' title="bbox 0 0 1272 3870">
    <p class='ocr_par' dir='ltr' id='par_1_11' title="bbox 0 0 1272 3870">
     <span class='ocr_line' id='line_1_40' title="bbox 0 0 1272 3870; baseline 0 0"><span class='ocrx_word' id='word_1_323' title='bbox 0 0 1272 3870; x_wconf 95' lang='lat' dir='ltr'><strong> </strong></span> 
     </span>
    </p>
   </div>
  </div>
 </body>
</html>
