2540 3874
157 149 218 212 tot
424 156 915 234 connsunrscrrrsnnanrou

218 319 269 380 57.
298 316 516 395 Praeceperant
536 314 637 377 animis
659 312 819 374 orationem
847 320 962 393 patres,
993 328 1051 392 quo
1072 330 1158 393 quae·

156 402 239 463 sitior
254 400 380 464 adulatio
395 399 458 460 luit.
491 417 549 460 nec
564 408 659 460 tamen
673 405 822 476 repertum
836 397 891 458 nisi
907 405 938 458 ut
952 397 1068 476 efligies
1084 397 1163 477 prin·

155 488 267 566 cipum,
289 503 354 548 aras
369 484 472 562 deum,
492 483 600 562 templa
614 491 643 542 et
659 499 744 543 arcus
758 481 873 562 aliaque
894 481 981 544 solita
996 491 1161 559 censerent,
1266 477 1267 498 ¹

154 571 209 631 nisi
225 569 304 650 quod
317 569 355 631 bl.
370 568 485 630 Silanus
501 585 539 630 ex
556 565 729 630 contumelia
744 566 912 627 consulatus
926 565 1069 628 honorem
1084 568 1161 645 prin·

133 655 271 734 scipibus
287 655 389 734 petivit
404 652 533 731 dixitque
549 669 603 731 pro
624 650 782 729 sententia,
804 659 835 710 ut
857 649 982 730 publicis
1002 651 1163 730 privatisve

155 739 339 800 monimentis
362 738 587 800 admemoriam
611 744 773 814 temporum
794 752 853 796 non
877 733 1026 797 consulum
1048 737 1161 795 nomina
1266 801 1267 822 ἶ

155 822 443 904 praescriberentur,
465 821 518 882 sed
539 837 641 904 eorum
656 820 704 899 qui
723 817 903 881 tribuniciam
919 827 1095 898 potestatem
1109 836 1161 897 ge-

154 915 263 968 rerent.
296 916 325 968 at
342 908 377 982 Q.
394 905 530 968 Haterius
548 923 610 966 curn
630 905 693 979 eius
708 903 766 966 diei
784 912 901 965 senatus
919 903 1051 965 consulta
1067 905 1162 965 aureis
1265 961 1268 970 ,,

155 991 248 1052 literis
265 991 382 1069 liganda
396 991 427 1050 in
444 991 523 1052 curia
540 991 720 1067 censuisset,
743 987 904 1051 deridiculo
918 987 972 1051 luit
987 1005 1080 1050 senex
1097 987 1156 1048 loe·

120 1075 293 1139 rudissimae
306 1073 479 1136 adulationis
494 1083 601 1136 tantum
616 1073 732 1136 inlamia
749 1091 861 1134 usurus.

214 1159 266 1222 58.
287 1157 366 1223 Inter
382 1176 456 1239 quae
479 1160 632 1238 provincia
647 1157 751 1220 Africa
765 1157 847 1218 lunio
863 1157 971 1218 blaeso
992 1165 1161 1237 prorogato¹

155 1244 275 1304 Servius
294 1242 504 1320 Maluginensis
530 1243 634 1304 flamen
654 1241 746 1304 Dialis
769 1251 800 1303 ut
820 1240 920 1304 Asiam
938 1249 1020 1304 sorte
1041 1240 1163 1302 baberet

155 1327 330 1407 postulavit,
359 1326 467 1388 frustra
493 1326 641 1406 vulgatum
667 1327 801 1388 dictitans
828 1342 886 1386 non
913 1326 1004 1389 licere
1031 1323 1164 1387 Dialibus

155 1410 259 1490 egredi
273 1410 369 1489 Italia,
384 1429 480 1490 neque
496 1410 572 1474 aliud
587 1412 631 1472 ius
648 1427 729 1472 suurn
746 1428 831 1491 quarn
845 1410 1017 1472 Martialium
1031 1409 1164 1484 Quirina·
1268 1450 1269 1488 p

131 1497 282 1575 aliumque
297 1495 455 1558 bominum:
471 1512 574 1577 porro,
593 1496 618 1556 sl
634 1495 663 1556 hi
677 1494 828 1558 duxissent
840 1496 1018 1574 provincias,
1035 1511 1086 1558 our
1095 1493 1161 1556 Dia·

154 1580 230 1642 libus
254 1580 282 1642 id
305 1578 445 1642 vetitum?
483 1580 562 1642 nulla
587 1579 624 1640 de
646 1598 683 1642 eo
704 1580 808 1660 populi
831 1581 919 1658 scita,
946 1597 1004 1641 non
1029 1579 1058 1638 in
1080 1577 1165 1642 libris
1268 1595 1269 1598 ’

156 1666 396 1728 caerimoniarum
406 1665 542 1746 reperiri.
564 1682 636 1744 saep
667 1665 823 1744 pontifices
834 1663 928 1728 Dialia
943 1681 1027 1725 sacra
1042 1659 1173 1742 fecisses

155 1752 179 1810 si
193 1750 298 1810 damen
313 1749 478 1812 valetudine
493 1758 542 1810 aut
555 1766 640 1810 mnne
658 1748 806 1830 epublico
819 1748 1015 1830 impediretur.
1036 1749 1166 1830 qunque

155 1844 183 1894 et
198 1835 384 1913 septuaginta
400 1835 481 1894 annis
497 1842 565 1914 post
581 1832 712 1896 Cornelii
725 1833 857 1896 Merulae
878 1833 999 1896 caedem
1020 1834 1164 1898 neminem

120 1917 323 1996 rosullectnm,
346 1935 441 1998 neque
461 1927 556 1979 minen
579 1919 745 1981 cessavisse
765 1911 935 1998 religiones.
967 1917 1045 1998 quod
1066 1919 1165 1999 siper

154 2011 197 2064 tot
218 2019 309 2064 annos
330 2003 425 2082 possit
445 2019 502 2066 non
524 2005 617 2064 creari
641 2003 723 2066 nullo
744 2021 893 2067 sacrorum
910 2001 1032 2082 damno,
1054 2012 1165 2082 quanto

153 2086 270 2148 lacibus
286 2087 427 2150 afuturum
441 2087 478 2149 ad
493 2089 576 2148 unius
590 2090 656 2148 anni
676 2088 889 2170 proconsulare
909 2086 1083 2168 imperium?
1105 2088 1164 2168 pri·

153 2173 228 2233 vatis
244 2171 520 2234 olimsimultatibns
535 2172 681 2253 effectum,
696 2183 727 2234 ut
738 2192 756 2235 a
769 2172 960 2254 pontificibus
972 2173 1103 2235 maximis
1117 2175 1166 2234 ire

154 2257 183 2316 in
210 2256 378 2336 provincias
399 2256 640 2338 prohiberentur:
667 2277 744 2320 nunc
768 2258 853 2320 deum
878 2275 998 2319 munere
1023 2275 1166 2320 summum

120 2341 321 2420 rspontillcum
343 2342 429 2403 etiam
450 2359 588 2404 summurn
609 2343 754 2404 bominum
776 2361 860 2422 esse,
889 2361 947 2405 non
966 2343 1163 2424 aemulationi,

154 2440 213 2484 non
228 2425 296 2487 odio
314 2435 362 2486 aut
378 2427 498 2506 privatis
512 2427 726 2490 adlectionibus
743 2429 909 2492 obnoxium.

212 2511 268 2572 59.
299 2509 452 2572 Adversus
480 2529 643 2592 quaecum
671 2531 763 2591 augur
785 2513 921 2574 Lentulus
948 2511 1053 2593 aliique
1079 2512 1164 2572 varie

155 2592 350 2674 dissererent,
369 2613 407 2656 eo
423 2595 577 2680 decursum
594 2608 641 2659 est
654 2607 685 2659 ot
698 2599 846 2679 pontilicis
862 2597 977 2660 maximi
989 2596 1165 2660 sententiam

155 2679 370 2758 opperirentur.
404 2679 539 2742 'liberius
555 2681 641 2745 dilata
656 2685 777 2744 notione
789 2682 898 2744 deiure
909 2682 1042 2761 flaminis,
1058 2680 1164 2742 decre·

153 2771 199 2823 tas
214 2763 251 2824 ob
266 2762 446 2825 tribuniciam
460 2764 548 2827 Drusi
563 2777 740 2847 potestatem
762 2768 955 2830 caerimonias
976 2769 1163 2847 temperavit,

129 2863 141 2903 c
158 2849 323 2909 nominatim
344 2866 472 2928 arguens
493 2851 677 2913 insolentiam
698 2854 861 2914 sententiae
880 2869 1042 2933 aureasque
1061 2850 1162 2912 literas

155 2940 254 2994 contra
278 2935 401 3012 patrium
422 2952 542 2997 morem.
578 2938 718 2999 recitatae
739 2945 770 2998 et
790 2937 878 3006 Drusi
899 2936 1042 3017 epistulae
1064 2953 1160 3018 quam·

154 3033 238 3093 quam
264 3017 300 3078 ad
326 3017 495 3080 modestiam
525 3021 621 3083 berne
644 3039 699 3103 pro
727 3022 943 3102 superbissimis
969 3021 1161 3102 accipiantur.

152 3099 209 3160 buc
224 3099 371 3162 decidisse
387 3111 506 3181 cuncta,
527 3114 559 3166 nt
578 3123 615 3166 ne
632 3107 745 3168 invenis
761 3106 877 3186 quidem
890 3114 970 3168 tanto
985 3105 1099 3167 bonore
1114 3123 1163 3188 ac·

153 3192 241 3262 cepto
256 3184 349 3246 adiret
364 3186 445 3248 urbis
460 3187 543 3265 deos,
560 3189 765 3267 ingrederetur
782 3200 927 3269 senatum,
952 3190 1082 3271 auspicia
1105 3189 1162 3251 sal-

117 3284 143 3326 ιι
153 3275 210 3328 tem
225 3269 337 3346 gentile
352 3270 428 3350 apud
444 3270 537 3334 solum
552 3273 705 3354 inciperet.
738 3275 845 3336 bellum
858 3275 971 3336 scilicet
983 3284 1031 3336 aut
1042 3275 1164 3336 diverso

152 3359 293 3414 terrarum
315 3353 463 3435 distineri,
488 3355 575 3418 litora
599 3359 632 3418 ct'
650 3358 733 3420 lacus
755 3357 930 3441 Campaniae
952 3377 1016 3420 cnm
1037 3359 1165 3419 maxims
1239 3363 1242 3368 “

154 3446 368 3514 peragrantem.
397 3442 441 3502 sio
456 3439 544 3503 imbui
558 3452 703 3506 rectorem
718 3447 838 3524 generis
850 3445 980 3523 humani,
996 3442 1025 3504 ld
1039 3444 1163 3523 primurn
