2546 3872
438 167 543 214 urana
557 167 580 214 1.
598 165 673 214 cae.
688 162 807 217 tta—st.
1081 155 1120 216 41

124 338 245 400 quoque
260 319 366 380 milites
381 321 498 380 venisse
515 322 544 379 in
559 320 659 380 urbem
674 319 710 380 ad
732 321 825 381 studia
840 324 960 400 partium
974 321 1123 382 noscenda

121 406 271 484 plerique¹
284 401 458 463 credebant:
482 402 557 463 unde
577 403 665 482 plena
693 407 787 465 omnia
804 405 1001 482 suspicionum
1021 412 1050 464 et
1072 405 1158 464 vixro

121 495 241 548 secreta
258 485 391 546 domnum
413 487 475 546 sine
491 486 655 547 tormidine.
684 486 737 547 sed
758 487 908 566 plurimum
922 487 1122 566 trepidationis

120 573 151 630 in
176 569 311 648 publico,
339 578 370 628 ut
396 587 540 648 quemque
562 571 689 629 nuntium
707 569 782 631 lama
797 570 972 648 vadtulisset,
1001 573 1122 630 animum

119 654 292 730 voltumque
315 655 483 730 conversis,
503 671 540 712 ne
560 653 692 713 diffidere
712 653 805 714 dubiis
825 655 861 714 a'c
875 673 974 734 pamm
991 652 1122 732 gaudere

19 783 25 790 .
121 734 279 818 prosperis
290 735 468 795 viderentur.
504 747 606 799 coacto
627 753 699 796 veno
720 739 749 796 in
772 740 878 798 curiam
900 747 1000 799 senatu
1017 737 1122 798 arduus
1218 802 1222 812 .

119 837 219 880 rerum
233 820 357 879 omnium
378 819 500 895 modus,
521 838 559 879 ne
581 829 735 880 contumax
749 821 910 897 silentium,
932 839 969 881 ns
985 829 1121 899 suspecta
1131 835 1156 876 ιι

119 903 259 972 libertas;
282 911 312 962 et
331 903 445 980 privato
462 901 567 980 Othoni
587 921 680 984 nuper
695 913 783 983 atque
808 905 910 965 eadem
926 905 1039 964 timenti
1055 912 1122 963 nota

120 986 259 1046 adulatio.
298 987 385 1062 igitur
405 1003 527 1046 versare
549 988 706 1047 sententias
728 997 757 1048 et
779 987 836 1048 huc
860 998 947 1067 atque
968 987 1038 1048 illuc
1063 996 1121 1046 tor·

123 1087 233 1146 quere,
253 1067 368 1154 hostem
383 1077 412 1128 et
433 1068 604 1146 parricidam
618 1070 767 1130 Vitellium
786 1080 943 1148 uocantes,
966 1070 1121 1152 providen-

122 1151 249 1212 tissimus
269 1140 391 1230 quisque
414 1151 590 1236 vulgaribus
608 1155 764 1236 conviciis,
786 1154 900 1232 quidam
921 1171 991 1215 vera
1013 1153 1121 1234 probra

119 1237 235 1312 iace're,
251 1235 280 1294 io
298 1233 426 1294 clamore
442 1243 538 1295 tamen
553 1244 583 1295 et
586 1229 645 1295 ιιι
658 1233 797 1314 plurimae
813 1253 924 1313 voces,
939 1245 988 1297 ant
997 1236 1157 1298 tumultuat

119 1316 417 1396 verborumsihiipsi
431 1310 647 1403 obstrepentes.
730 1347 732 1353 =
761 1343 794 1376 ιι
847 1360 854 1370 .
904 1357 913 1368 ,ι
955 1342 977 1374 ,ι

184 1399 235 1462 86.
257 1399 423 1486 Prodigia
414 1418 536 1481 insuper
554 1395 719 1462 terrebant
719 1402 850 1473 (ιιιιιιιι
871 1375 1038 1464 auctoribus
1059 1390 1120 1464 vol·

119 1494 204 1563 gata:
219 1477 405 1564 investibulo
419 1476 558 1563 Capitolii
569 1486 694 1544 omissas
706 1470 834 1546 habenas
846 1485 950 1574 bigae,
964 1505 1010 1547 cm
1003 1486 1120 1547 Victo-

120 1570 166 1628 ria
186 1557 345 1644 institerat,
371 1567 505 1646 erupisse
529 1566 605 1628 cella
624 1566 756 1627 lunonis
762 1565 906 1628 maiorem
917 1569 1037 1630 hnmada
1052 1568 1120 1648 spe·

123 1651 216 1726 ciem,
241 1611 361 1710 statuam
383 1650 440 1710 divi
459 1649 554 1711 lulii
545 1668 574 1710 ιιι
595 1650 688 1711 insula
709 1647 850 1711 'liherici
862 1655 957 1713 amnis
966 1663 1074 1713 sereno
1083 1663 1121 1712 et

110 1694 239 1792 ἰιιιιιιοιο
253 1732 293 1793 dit
315 1731 352 1794 oh
369 1723 548 1794 occidente
538 1751 567 1793 ιιι
581 1729 722 1794 orientem
738 1733 922 1824 conversam,
938 1734 1145 1816 prolocu'tums

119 1820 150 1876 in
169 1815 284 1876 Etruria
306 1808 427 1894 bouem,
448 1811 582 1901 insolitos
599 1811 761 1879 animalium
780 1817 895 1897 parths',
917 1829 959 1879 et
967 1820 1049 1918 plura
1066 1819 1121 1880 alia

119 1897 239 1961 rudrhns
258 1899 384 1960 saeculis
401 1902 510 1961 etiarn
501 1919 529 1960 m
550 1917 625 1984 pace
631 1896 825 1980 obseruata,
827 1917 917 1988 quae
927 1921 1002 1962 nuuc
1015 1911 1122 1963 tantum

119 1987 160 2063 ιιι
172 1973 249 2042 metu
271 1982 431 2044 audiuntur.
453 1983 523 2044 sed
526 1986 713 2064 praecipuus
735 1993 849 2044 etcum
868 1988 1023 2066 praesenti
1032 1987 1121 2045 ex'itio

119 2053 208 2128 etiam
229 2067 315 2126 futuri
332 2081 425 2145 pavor
447 2057 540 2131 subita
561 2067 745 2127 inundatione
761 2066 896 2144 Tiberis,
920 2071 969 2148 qui
991 2071 1121 2129 inmenso

119 2157 206 2212 auctu
225 2156 346 2230 proruto
363 2159 452 2228 ponte
471 2143 595 2211 sublicio
613 2169 647 2212 ac
669 2145 773 2228 strage
788 2145 929 2211 obstantis
944 2150 1029 2212 molis
1043 2151 1121 2211 relu
1130 2162 1157 2214 ‚lt

121 2251 187 2306 sus,
208 2249 266 2310 non
288 2231 374 2292 modo
396 2234 521 2294 iacentia
536 2243 568 2293 et
585 2227 672 2333 plana
687 2234 766 2294 urbis
784 2233 850 2294 loca
869 2233 922 2294 se'd
938 2251 1043 2295 seeum
1060 2236 1122 2294 eius

118 2316 199 2392 modi
214 2333 332 2376 casuum
353 2307 500 2416 implevit⁴
527 2319 603 2396 rapti
627 2317 779 2415 epublico
802 2317 954 2416 plerique,
979 2317 1079 2415 plures
1093 2319 1122 2376 in

118 2385 249 2461 tabernis
262 2407 292 2458 et
306 2399 474 2460 cubilibus
464 2401 629 2478 intercepti.
655 2401 770 2461 fames
761 2419 794 2459 ιιι
801 2401 933 2478 volgus'
924 2402 1021 2479 rnopia
1035 2400 1120 2479 quae·

121 2497 185 2544 stus
206 2492 236 2542 et
261 2483 383 2562 penuria
405 2476 615 2544 alimentorum.
661 2493 802 2563 corrupta
818 2481 1018 2561 stagnantibus
1038 2484 1121 2562 aquis

119 2565 289 2628 insularum
294 2561 496 2644 fundamenta,
511 2562 577 2630 dein
592 2576 741 2627 remeante
754 2567 880 2628 domine
884 2567 1006 2646 di.lapsa
1032 2577 1119 2646 utque
1131 2585 1155 2625 ιι

120 2649 243 2729 primurn
258 2667 369 2710 vacuus
387 2667 409 2710 a
418 2649 550 2728 perronio
566 2651 674 2711 animus
688 2650 755 2728 luit,
759 2651 820 2711 id
811 2665 905 2731 rpsum
917 2650 995 2730 quod
1011 2651 1122 2728 paranti

120 2732 340 2812 expeditionem
364 2731 469 2793 Othoni
496 2745 632 2813 campus
637 2729 754 2794 blartius
784 2744 813 2794 et
835 2737 881 2795 ιιι
901 2733 1039 2795 Flaminia
1064 2735 1122 2794 iter

119 2815 193 2877 helli
212 2823 293 2877 esset
311 2815 507 2893 obstructum,
531 2834 547 2877 a
568 2816 694 2877 fortuitis
714 2818 763 2877 vel
783 2815 958 2878 naturalibus
977 2819 1073 2878 causis
1092 2820 1121 2876 in

120 2889 286 2980 prodigium
302 2908 332 2960 et
346 2916 432 2961 omen
445 2895 648 2960 imminentium
667 2901 790 2961 cladium
802 2899 981 2962 vertebatur.

184 2983 236 3045 87.
260 2981 336 3043 Otho
349 2983 470 3044 lustrata
480 2982 553 3044 urbe
562 2994 595 3045 et
606 3001 744 3063 expensus
756 2983 826 3044 belh
842 2985 970 3044 consiliis
980 2985 1119 3062 ‚quando

120 3068 270 3129 Poeninae
286 3064 459 3150 Cottiaeque
475 3066 569 3150 Alpes
590 3077 619 3126 et
643 3069 735 3128 ceteri
751 3066 905 3128 Galliarum
921 3029 1014 3128 aditha
1029 3067 1119 3128 Vitel-

115 3152 206 3213 lianis
233 3143 410 3210 exercitibus
438 3149 661 3227 claudebantur,
683 3147 913 3211 Narbonensem
926 3149 1047 3211 Oalliam
1071 3149 1118 3210 ad·

120 3235 205 3314 gredi
230 3235 327 3294 statuit
350 3233 445 3296 classe
469 3233 564 3294 talida
586 3243 616 3294 et
639 3233 769 3332 partibuq
791 3235 863 3308 lida,
892 3232 983 3312 quod
989 3232 1120 3311 reliquos

121 3333 275 3379 caesorum
291 3316 327 3377 ad
341 3326 459 3394 pontem
468 3313 607 3376 Mulvium
620 3327 651 3377 et
664 3319 784 3378 saevitia
796 3315 943 3377 Galbae'
934 3335 965 3376 ιιι
988 3314 1143 3376 custodias

121 3401 238 3461 habitos
259 3403 287 3459 in
308 3398 445 3460 numeros*
465 3400 590 3476 legionis
617 3408 836 3481 composuerat,
863 3399 940 3458 iacta
963 3408 993 3456 et
1014 3397 1121 3455 ceteris

1133 1457 1237 1516 x,
