2536 3870
371 193 476 242 crena
491 195 537 243 tv.
554 195 630 244 cnr.
646 193 768 250 tto—as.
1014 189 1075 250 177

57 351 236 432 gyptiorurn
248 349 390 409 antistites
403 348 446 408 sic
457 355 626 428 memorant,
640 347 809 412 Ptolemaeo
824 355 901 429 regi,
917 352 965 434 qur
979 353 1075 416 blace-

59 440 175 498 donnm
188 435 296 513 primns
308 432 439 511 Aegypti
448 449 525 512 opes
535 433 667 510 minavit,
684 452 748 494 cnm
758 434 955 498 Alexandriae
970 454 1076 499 recens

61 519 205 582 conditae
227 516 342 578 moenia
365 516 532 596 templaque
553 525 583 576 et
604 516 766 596 religiones
787 519 924 598 adderet,
947 521 1077 582 oblatum

61 623 123 684 per
145 601 272 683 quietem
291 599 402 663 decore
425 601 531 661 eximio
553 610 584 662 et
598 604 709 663 maiore
731 620 816 683 quarn
832 603 953 666 bunnam
971 607 1100 684 species

61 691 217 763 invenem,
239 685 287 765 qui
300 694 434 745 moneret
455 693 485 745 ιιι
499 684 644 745 lidissimis
658 687 814 747 amicorum
829 689 858 748 in
873 687 994 750 Pontum
1008 691 1075 750 mis·

62 773 107 832 sis
132 770 263 847 effigiem
284 785 364 830 suam
387 770 511 838 accirem
536 769 643 830 laetum
659 769 689 830 id
705 787 815 848 regno,
838 789 1031 853 magnamque
1046 782 1077 834 et

60 855 204 918 inclutam
228 853 328 914 sedem
347 853 414 915 lore
434 869 509 932 quae
529 856 713 933 excepisset:
743 855 826 914 simul
846 855 938 916 nsum
953 856 1076 918 eundem

60 943 201 1000 invenem
224 939 254 998 in
277 936 390 997 caelum
407 938 475 1014 igne
491 935 615 1016 plurimo
633 937 738 1000 attolli.
771 938 956 1002 Ptolemaeus
978 942 1076 1001 omine

62 1033 96 1083 et
119 1021 259 1082 miraculo
283 1023 396 1081 excitus
414 1020 615 1083 sacerdotibus
635 1023 868 1101 Aegyptiorum,
892 1023 996 1104 qnibns
1011 1040 1111 1087 mosao

62 1106 138 1166 talia
153 1104 344 1182 intellegere,
361 1114 520 1166 nocturnos
535 1106 615 1166 risus
630 1109 734 1187 sperit.
764 1116 853 1187 atque
870 1107 928 1170 illis
943 1109 1028 1170 Ponti
1046 1118 1077 1169 et

65 1197 256 1250 externorum
273 1206 374 1268 parum
389 1191 507 1267 gnaris,
531 1188 712 1252 Timotheum
727 1190 936 1254 Atheniensem
952 1212 970 1253 e
985 1203 1075 1272 gente

63 1273 320 1353 Eumolpidarum,
344 1291 428 1353 quem
449 1283 480 1334 ιιι
501 1276 656 1336 antistitem
678 1277 918 1338 caerimoniarum
935 1276 1075 1337 Eleusine

65 1359 236 1434 exciverat,
252 1375 394 1438 quaenam
409 1357 461 1419 illa
476 1360 659 1437 superstitio,
675 1357 752 1438 quod
767 1377 888 1436 numen,
903 1362 1074 1437 interrogat.

65 1441 237 1504 Timotheus
259 1442 396 1523 quaesitis
419 1445 466 1522 qui
487 1442 515 1502 in
533 1441 654 1503 Pontum
670 1451 836 1518 meassent,
859 1445 1014 1522 cognoscit
1028 1461 1075 1503 ur·
1085 1464 1111 1506 ιι

64 1527 134 1586 bem
148 1525 212 1588 illic
226 1525 374 1606 Sinopen,
394 1543 450 1586 nec
469 1525 574 1606 procul
594 1526 731 1605 templum
745 1535 849 1587 vetere
865 1528 940 1587 inter
955 1526 1075 1588 accolas

64 1613 146 1672 fama
167 1610 247 1671 lovis
267 1609 357 1671 Ditis:
394 1627 518 1690 namque
540 1618 570 1670 et
584 1609 755 1670 muliebrem
777 1609 906 1687 effigiem
920 1611 1074 1687 adsistere,

67 1711 154 1774 qnam
169 1695 304 1774 plerique
316 1694 522 1774 Proserpinam
532 1701 650 1754 vocent.
677 1693 730 1754 scd
744 1693 947 1773 Ptolemaeus,
963 1696 999 1755 nt
1011 1703 1076 1754 sunt

9 1825 10 1854 3
66 1780 185 1856 ingenia
201 1795 320 1857 regum,
345 1795 455 1858 pronus
477 1777 513 1839 ad
533 1777 731 1855 formidinem,
752 1776 801 1838 ubi
820 1779 963 1842 securitas
977 1779 1074 1856 rediit,

9 1907 10 1914 ι
65 1862 247 1941 voluptatum
269 1880 352 1942 quam
373 1861 547 1940 religionum
569 1862 726 1941 adpetens,
750 1862 916 1940 neglegere
937 1862 1073 1941 paulatim
1083 1889 1110 1932 ιι

65 1947 199 2027 aliasque
217 1945 253 2008 ad
271 1964 354 2007 curas
370 1948 493 2007 animum
507 1955 643 2023 vertere,
659 1946 754 2006 donec
769 1945 871 2006 eadem
885 1947 1003 2026 species
1017 1956 1075 2009 ter·

64 2029 181 2094 ribilior
200 2031 256 2091 iam
280 2039 309 2091 et
329 2031 482 2092 instantior
498 2030 616 2091 exitium
641 2030 698 2107 ipsi
712 2047 866 2110 regnoque
881 2030 1073 2107 denuntiaret,

10 2169 11 2174 ,
65 2117 98 2176 ni
112 2117 189 2174 iussa
204 2123 397 2194 patrarentur.
423 2123 481 2175 ιιιιιι
494 2115 612 2191 legatos
625 2123 654 2173 et
670 2112 745 2173 dona
757 2112 992 2190 Scydrothemidi
1009 2115 1074 2192 regi

10 2261 11 2266 ,
67 2201 111 2278 (is
135 2206 202 2259 tunc
217 2199 428 2278 Sinopensibus
447 2196 648 2279 imperitabat)
671 2196 803 2276 expediri
821 2197 901 2258 iubet
916 2197 1074 2277 praecipit·

10 2325 11 2332 ι
67 2303 125 2364 qne
141 2283 317 2360 navigaturis
332 2292 363 2343 ut
374 2283 523 2360 Pythicum
535 2281 704 2361 Apollinem
719 2279 833 2346 adeant.
856 2280 916 2341 illis
930 2299 1010 2341 mare
1026 2299 1072 2342 se·
1082 2299 1111 2341 as

66 2367 205 2446 cundum,
227 2385 292 2428 sors
312 2367 423 2428 oraculi
446 2366 521 2428 band
542 2365 692 2444 ambigua:
733 2366 809 2426 irent
832 2365 1073 2444 simulacrumque

66 2454 160 2534 patris
174 2453 218 2512 sui
232 2449 423 2530 reveherent,
440 2452 553 2513 sororis
567 2449 777 2530 relinquerent.

130 2536 179 2600 84.
209 2536 250 2598 llt
269 2537 400 2615 Sinopen
422 2553 547 2614 venere,
573 2551 692 2595 munera
711 2551 818 2613 preces
838 2533 970 2596 mandata
991 2534 1073 2611 regis

68 2621 112 2684 sui
125 2619 360 2698 Scydrothemidi
374 2621 523 2700 adlegant.
552 2621 600 2698 qni
617 2619 751 2679 diversus
766 2618 851 2679 animi
866 2618 953 2680 modo
970 2635 1074 2680 numen

68 2723 248 2787 pavescere,
263 2705 350 2766 modo
366 2706 449 2767 minis
464 2705 644 2766 adversantis
658 2702 761 2784 populi
776 2704 895 2772 terreri;
915 2719 1007 2781 saepe
1022 2702 1073 2763 do·

66 2791 112 2851 nis
122 2791 330 2872 promissisque
342 2790 506 2870 legatorum
514 2787 695 2854 flectebatur.
719 2796 805 2868 atque
819 2787 932 2848 interim
950 2787 1074 2848 triennio

67 2883 171 2936 exacto
187 2875 371 2936 Ptolemaeus
386 2892 444 2938 non
460 2874 599 2951 studium,
616 2889 673 2934 nou
689 2873 959 2952 preces-omittere:
980 2871 1100 2949 digni-e

67 2969 153 3020 tatem
176 2960 355 3037 legatorum,
384 2977 532 3020 numerum
557 2958 690 3034 navium,
717 2956 779 3018 anri
803 2956 916 3036 pondus
939 2954 1073 3034 angebat.

68 3053 127 3102 tum
146 3043 243 3101 minax
264 3043 357 3104 facies
377 3042 612 3120 Scydrothemidi
636 3041 771 3117 oliertnr,
796 3059 834 3101 ne
860 3041 1002 3102 destinata
1018 3038 1073 3098 deo

69 3125 142 3186 nltra
162 3133 340 3187 moraretur:
386 3135 567 3193 cunctantem
587 3126 667 3187 varia
690 3125 837 3204 pernicies
864 3123 1017 3202 morbique
1045 3129 1076 3182 et

70 3207 220 3282 manifesta
235 3209 404 3271 caelestium
425 3213 468 3271 ira
481 3211 659 3291 graviorque
674 3210 704 3268 in
723 3208 786 3269 dies
803 3208 953 3286 fatigabat.
985 3205 1074 3268 advo·
1106 3244 1109 3248 >

72 3301 135 3352 cata
156 3293 293 3354 contione
316 3295 395 3355 iussa
417 3295 556 3370 numinis,
584 3311 654 3355 snos
675 3292 895 3373 Ptolemaeique
915 3292 1012 3370 mans,
1032 3290 1111 3350 inno

71 3379 203 3456 pruentia
217 3377 290 3439 mala
307 3379 444 3460 exponit:
473 3378 580 3454 volgus
594 3378 724 3439 aversari
739 3393 856 3455 regem,
870 3373 1002 3437 invidere
1016 3372 1074 3433 he·

73 3469 179 3542 gypto,
204 3461 261 3524 sibi
284 3473 413 3526 metuere
431 3461 627 3542 templumque
649 3460 875 3521 circumsedere.
883 3455 1077 3604 2maiorhino

116 3568 203 3608 racrrr
217 3567 288 3610 anns
302 3570 330 3609 n.
815 3549 817 3554 ’
864 3545 879 3603 1
