2568 3870
212 199 269 261 130
432 207 599 255 connnnn
614 207 731 254 uncum
750 205 992 254 atsuonmnnu

205 376 252 426 cta
270 363 506 423 validissimarum
529 360 641 422 urbium
663 361 786 422 excidiis
808 370 927 440 reperta
944 363 1026 422 simul
1046 365 1217 442 admovent,

181 449 378 511 stestudinam
396 455 538 507 tormenta
554 448 852 523 aggeremtacesque,
878 446 1015 526 quidquid
1033 457 1075 507 tot
1089 449 1219 529 proeliis

203 534 314 599 laboris
330 549 366 592 ac
381 531 504 612 periculi
518 529 697 606 hausissent,
721 547 814 608 opere
829 531 881 589 illo
905 534 1095 592 consummari
1114 533 1218 593 clami-

202 627 306 682 tantes.
340 616 441 677 urbem
457 616 568 676 senatui
591 633 626 675 ac
649 615 760 694 populo
779 615 928 692 Romano,
950 617 1059 694 templa
1080 617 1127 676 dis
1146 619 1219 677 red·

203 706 277 772 dita:
295 701 443 781 proprium
461 717 530 760 esse
548 699 646 759 militis
668 699 758 760 decos
780 701 808 758 in
831 702 953 760 castris:
977 700 1056 760 illam
1077 703 1219 779 patriam,

202 790 270 849 illos
285 793 416 867 penates.
444 786 473 844 ni
495 786 591 845 statim
610 785 804 863 recipiantur,
826 793 943 843 noctem
966 786 1101 844 inarmis
1122 803 1219 862 agen·

168 901 192 940 m
203 874 276 934 dam.
308 879 407 930 contra
424 869 592 944 Vitelliani,
608 885 778 947 quamquam
793 885 913 928 numero
928 869 1047 947 fatoque
1063 869 1219 948 dispares,

200 956 362 1035 inquietare
375 955 544 1028 victoriam,
564 954 670 1012 morari
693 969 811 1030 pacem,
835 952 939 1013 domos
959 970 1083 1032 arasque
1104 971 1219 1013 cruore
1265 1015 1266 1026 ,

121 1099 124 1106 .
200 1040 322 1101 foedare
333 1054 468 1117 suprema
480 1037 566 1096 victis
578 1035 690 1096 solacia
701 1035 960 1116 amplectebantur.
984 1037 1064 1097 multi
1075 1037 1219 1097 semiani-

201 1143 263 1184 mes
282 1139 370 1200 super
381 1130 475 1180 turres
487 1128 518 1179 et
529 1121 750 1201 propugnacula
760 1123 904 1181 moenium
916 1124 1123 1200 exspiravere:
1139 1139 1217 1182 cou-

203 1207 293 1268 volsis
309 1205 402 1285 portis
419 1203 549 1282 reliquus
569 1203 677 1282 globus
700 1203 804 1266 obtulit
824 1224 859 1265 se
877 1205 1055 1273 victoribus;
1078 1213 1109 1265 et
1131 1209 1216 1266 ceci-

168 1311 191 1349 1⁵
202 1293 272 1353 dere
292 1307 393 1350 omnes
412 1288 564 1348 contrariis
580 1288 764 1366 volneribus,
781 1290 860 1350 versi
880 1291 909 1349 in
923 1289 1054 1351 hostem:
1080 1307 1117 1350 ea
1140 1308 1212 1350 cura

201 1378 286 1438 etiam
302 1373 490 1435 morientibus
505 1371 607 1432 decori
621 1375 716 1433 exitus
731 1374 793 1433 luit.

285 1459 421 1522 Vitellius
437 1467 522 1537 capta
540 1457 613 1517 urbe
635 1475 689 1537 per
710 1475 844 1518 aversam
861 1458 963 1520 Palatii
983 1466 1095 1540 partem
1110 1457 1212 1518 huen-

201 1549 288 1606 tiuum
309 1547 338 1603 iu
358 1543 472 1604 domum
491 1542 591 1601 uxoris
613 1541 717 1601 sellula
736 1542 883 1619 delentur,
904 1551 935 1604 ut
953 1545 977 1602 si
998 1542 1073 1602 diem
1095 1541 1211 1602 latebra

200 1629 369 1703 vitavisset,
391 1625 577 1687 Tarracinam
599 1616 635 1685 a‘d
658 1625 796 1685 cohortes
823 1627 999 1704 fratremque
1024 1626 1211 1704 perfugeret.

165 1730 190 1770 20
202 1713 267 1773 dein
283 1711 443 1770 mobilitate
460 1712 568 1786 ingenii
584 1719 630 1785 et,
647 1727 722 1787 quae
738 1719 838 1770 natura
855 1712 972 1787 pavoris
989 1719 1049 1786 est,
1067 1726 1131 1768 cnm
1148 1728 1213 1771 om·

201 1797 248 1854 nia
270 1793 418 1868 metuenti¹
435 1795 602 1870 praesentia
629 1795 752 1854 maxime
781 1793 988 1872 displicerent,
1016 1795 1044 1852 in
1068 1792 1214 1854 Palatium

200 1877 367 1956 regreditur
384 1884 496 1936 vastum
512 1875 732 1955 desertumque,
750 1878 871 1956 dilapsis
886 1879 972 1938 etiam
985 1877 1093 1937 ‘intimis
1114 1882 1213 1937 servi-
1265 1905 1266 1935 n

202 1966 304 2023 tiorum
325 1970 372 2022 ant
393 1978 547 2021 occursum
568 1961 631 2020 eius
652 1960 874 2022 declinantibus.
911 1970 1003 2022 terret
1026 1959 1153 2023 solitudo
1180 1974 1215 2022 et

200 2055 331 2109 tacentes
346 2046 421 2113 loci;
437 2054 559 2125 temptat
575 2045 691 2120 clausa,
716 2044 892 2106 inhorrescit
912 2048 1028 2114 uacuis:
1050 2047 1213 2124 fessusque

160 2135 308 2192 remisero
326 2148 428 2191 erroro
449 2140 478 2190 et
495 2129 628 2210 pudenda
652 2129 764 2190 latebra
787 2138 879 2189 semet
900 2131 1053 2190 occultans
1074 2129 1110 2188 ab
1130 2127 1213 2190 lulio

199 2216 317 2277 Placido
339 2213 453 2276 tribuno
476 2215 605 2275 cohortis
629 2214 821 2293 protrahitur.
851 2215 966 2274 vinctae
989 2232 1069 2294 pone
1090 2222 1213 2291 tergum

199 2320 312 2369 mauus;
330 2299 436 2360 laniata
448 2305 548 2375 veste,
560 2297 679 2360 ioedum
690 2297 905 2378 spectaculum,
920 2298 1096 2376 ducebatur,
1108 2299 1213 2359 multis
1260 2340 1261 2405 l

199 2383 430 2466 increpantibus,
450 2384 530 2444 nullo
546 2383 759 2445 inlacrimante:
781 2383 951 2443 deiormitus
975 2385 1069 2444 exitus
1093 2385 1211 2443 miseri·

201 2469 329 2531 cordiam
345 2467 514 2529 abstulerat.
545 2467 651 2528 obuius
672 2487 688 2528 e
705 2466 883 2528 Germanicis
904 2467 1040 2528 militibus
1055 2467 1210 2529 Vitellium
1259 2463 1260 2499 l

161 2555 306 2615 aoiniesto
321 2554 380 2614 ictu
396 2571 450 2631 per
468 2553 548 2629 iram,
564 2552 611 2612 uel
627 2557 685 2630 'quo
699 2553 836 2612 maturius
851 2551 975 2615 ludibrio
994 2554 1152 2630 eximeret,
1172 2571 1208 2612 au
1258 2577 1259 2592 2

199 2640 341 2699 tribunum
356 2637 527 2717 adpetierit,
543 2639 572 2696 in
587 2638 699 2697 incerto
716 2637 781 2697 init:
803 2654 901 2697 aurem
922 2637 1027 2697 tribuni
1048 2641 1209 2716 amputavit

199 2741 235 2782 ac
253 2724 348 2784 statim
366 2722 523 2782 confossus
539 2730 592 2780 est.
764 2749 766 2753 ·
1256 2747 1257 2781 u

268 2806 318 2870 85.
342 2805 491 2866 Vitellium
505 2806 620 2866 infestis
633 2806 818 2867 mucronibus
836 2809 968 2866 coactum
982 2807 1070 2867 modo
1086 2806 1208 2883 erigere
1255 2833 1256 2876 p

142 2948 144 2955 .
199 2909 235 2951 os
252 2898 281 2951 et
297 2890 406 2950 offerre
425 2889 623 2968 contumeliis,
645 2908 720 2950 nunc
744 2891 883 2951 cadentes
903 2899 1012 2952 statuas
1035 2909 1118 2968 suas,
1140 2891 1206 2970 ple·
1254 2903 1255 2970 l

200 2992 318 3054 rumque
339 2982 434 3036 rostra
455 2984 504 3035 aut
526 2973 635 3036 Galbae
651 2975 742 3036 occisi
763 2975 860 3036 locum
881 2977 1027 3053 contueri,
1051 2984 1207 3055 postremo
1253 2997 1254 3064 p

177 3060 238 3120 tad
254 3059 427 3136 Gemonias,
449 3058 497 3119 ubi
513 3077 621 3140 corpus
639 3058 732 3120 Flavii
749 3059 847 3122 Sabini
866 3061 1010 3136 iacuerat,
1030 3059 1206 3140 propulere.
1251 3075 1253 3158 p

201 3161 255 3204 una
270 3161 330 3203 vox
344 3161 402 3204 non
420 3143 576 3221 degeneris
592 3145 676 3206 animi
694 3154 837 3224 excepta,
851 3163 915 3204 cum
926 3144 1040 3206 tribuno
1055 3145 1206 3206 insultanti

116 3222 118 3227 ’
200 3245 234 3284 se
256 3237 351 3287 tamen
374 3229 580 3308 imperatorem
600 3230 662 3288 eius
684 3228 774 3289 luisse
794 3228 961 3308 respondit;
984 3247 1018 3290 ac
1039 3228 1146 3289 deinde
1163 3232 1203 3288 in·

200 3312 293 3385 gestis
307 3311 478 3373 volneribus
496 3312 630 3373 concidit.
667 3321 696 3373 et
714 3314 822 3392 volgus
839 3310 946 3373 'eadem
962 3315 1106 3393 pravitate
1124 3313 1202 3374 inse·

200 3392 332 3453 ctahatur
345 3396 545 3473 interiectum,
562 3414 618 3476 qua
632 3397 747 3456 iuverat
761 3399 915 3460 virentem.

264 3472 315 3536 86.
340 3479 435 3539 l’atria
457 3479 500 3539 illi
522 3479 657 3543 Luceria:
682 3481 831 3560 septimum
859 3492 888 3543 et
912 3482 1200 3564 quuinqnagensimnm
