2536 3870
210 187 270 252 182
452 199 618 250 cornuum
636 198 753 250 rncrrr
771 197 1013 250 nonomen
1245 195 1246 274 t

175 376 201 418 ιι
210 363 239 416 et
259 353 399 417 moriendi
421 363 612 434 contemptus.
645 371 770 433 corpora
787 353 917 416 condere
938 373 1023 434 quam
1042 370 1224 418 cremares

209 456 290 500 more
302 437 466 518 Aegyptio,
476 437 636 516 eademqne
650 455 718 498 cura
732 446 762 497 et
776 436 813 501 de
825 436 945 498 infernis
957 440 1134 518 persuasio,
1153 459 1223 502 cae·

209 523 323 584 lestium
337 531 448 586 contra.
479 521 621 601 Aegyptii
633 520 775 601 pleraque
790 520 922 583 animalia
938 523 1120 602 effigiesque
1140 543 1222 584 com·
1245 517 1246 598 l

209 608 320 687 positas
341 613 532 683 venerantur,
550 603 650 666 ludaei
671 613 766 665 mente
787 603 852 667 sols
875 621 1019 685 unumque
1040 625 1159 668 numen
1185 610 1221 668 in·

207 690 365 768 tellegunt:
406 688 543 770 proianos
564 689 613 768 qui
636 686 720 749 deum
737 688 877 766 imagines
891 688 1062 751 mortalibus
1082 692 1220 753 materiis

172 776 238 836 eoin
260 774 379 852 species
401 773 544 835 bominum
564 772 716 849 effingunt3
740 790 879 833 summum
906 772 977 834 illud
1004 782 1034 833 et
1059 783 1223 836 aeternum

208 875 303 937 neque
318 855 456 918 imitabile
471 874 566 937 neque
580 857 768 917 interiturum.
796 855 883 934 igitur
898 856 976 918 nulla
992 857 1155 920 simulacra
1177 880 1222 920 ur·

208 941 292 1002 bibus
308 940 384 1016 suis,
407 938 510 1001 nedum
532 939 649 1020 templis
668 941 786 1009 sistunt:
804 957 862 1000 non
884 940 1005 1018 regibus
1020 938 1097 1002 baec
1114 942 1222 1006 adula-

208 1026 265 1102 tio,
281 1041 338 1085 non
354 1022 529 1086 Caesaribus
542 1023 647 1085 bonor.
675 1023 728 1084 aed
751 1023 817 1103 quia
836 1023 1008 1086 sacerdotes
1024 1042 1128 1086 eorum
1149 1027 1222 1089 tibia

208 1109 410 1188 tympanisque
426 1106 636 1186 concinebant,
656 1106 767 1168 beders
788 1106 988 1168 vinciebantur
1011 1108 1144 1189 vitisque
1170 1131 1220 1172 an·

173 1209 199 1253 ss
208 1209 259 1254 rea
275 1190 307 1254 itt
317 1190 428 1270 templo
438 1201 568 1271 reperta,
577 1190 712 1254 Liberum
724 1198 835 1270 patrem
848 1191 918 1268 coli,
929 1190 1105 1252 domitorem
1117 1196 1216 1256 orien-

208 1277 265 1353 tis,
282 1274 395 1355 quidam
409 1273 538 1337 arbitrati
555 1283 635 1352 sunt,
652 1292 833 1354 nequaquam
854 1275 1086 1354 congruentibus
1101 1277 1209 1338 institu-
1245 1355 1246 1358 Ἴ

209 1361 255 1420 tis.
287 1357 495 1440 quippebiber
515 1359 610 1421 iestos
632 1359 785 1438 laetosque
809 1358 880 1420 ritus
906 1358 1019 1438 posuit,
1036 1358 1209 1422 ludaeorum

208 1461 271 1506 mos
289 1442 430 1504 absurdus
448 1443 651 1525 sordidasque.
943 1487 946 1492 -

272 1528 302 1590 6.
322 1527 413 1589 Terra
434 1528 567 1608 finesque
589 1544 644 1608 qua
665 1527 700 1588 ad
723 1527 865 1588 orientem
881 1535 1006 1604 vergunt
1025 1518 1143 1590 arania
1160 1539 1211 1589 ter·

207 1613 364 1688 minantur,
381 1629 397 1670 a
411 1610 532 1673 meridie
547 1610 702 1690 Aegyptus
720 1610 854 1688 obiacet,
871 1609 908 1671 ab
924 1628 1032 1673 occasu
1045 1610 1212 1674 Phoenices

209 1704 239 1755 et
258 1713 354 1768 mare,
376 1697 604 1773 septentrionem
625 1713 642 1754 e
661 1695 754 1756 latere
776 1694 878 1756 Suriae
898 1695 989 1772 longe
1008 1706 1213 1775 prospectant.

209 1795 336 1856 corpora
350 1777 495 1840 homiuum
509 1778 638 1841 salubria
652 1787 682 1838 et
702 1778 826 1841 ferentia
846 1777 989 1840 laborum.
1019 1780 1077 1841 rari
1093 1780 1214 1858 imbres,

182 1860 282 1923 suber
297 1859 405 1921 solum:
439 1859 541 1940 fruges
561 1872 690 1924 nostrum
710 1862 745 1923 ad
764 1880 875 1924 morem
890 1873 1068 1944 praeterque
1083 1883 1138 1928 eas
1153 1864 1214 1926 bal·

210 1961 318 2006 sumum
333 1951 363 2005 et
382 1944 505 2023 palmae.
536 1946 670 2027 palmetis
691 1947 852 2026 proceritas
873 1955 904 2008 et
924 1947 1033 2025 decor,
1051 1948 1214 2012 balsamum

210 2027 322 2090 modica
337 2027 441 2090 arbor:
475 2039 504 2090 ut
520 2033 643 2111 quisque
657 2048 752 2091 ramus
768 2032 914 2106 intumuit,
930 2032 955 2112 ai
971 2032 1028 2092 vim
1043 2033 1116 2094 ierri
1131 2034 1214 2096 adhi-

210 2112 299 2190 beas,
322 2120 429 2192 parent
452 2131 560 2184 renae3
579 2115 722 2193 fragmine
738 2114 843 2194 lapidis
859 2125 906 2176 aut
929 2125 1005 2179 testa
1025 2117 1212 2197 aperiuntur:

210 2213 297 2258 umor
327 2197 355 2256 in
370 2214 423 2256 usu
438 2199 611 2259 medentium
632 2207 687 2258 est.
717 2199 906 2279 praecipuum
921 2201 1057 2262 montium
1072 2199 1213 2264 Libanum

174 2293 200 2335 ro
210 2280 311 2358 erigit,
331 2281 430 2342 mirum
453 2282 545 2359 dictu,
566 2291 662 2345 tantos
685 2283 759 2344 iuter
781 2282 903 2344 ardores
926 2301 1049 2365 opacum
1065 2285 1212 2367 ddumque

209 2361 335 2434 nivibus:
359 2364 434 2426 idem
453 2384 564 2428 amnem
579 2365 722 2428 Iordanen
741 2366 793 2446 alit
807 2367 966 2448 funditque.
998 2387 1056 2430 uec
1068 2368 1209 2432 lordaues

211 2446 318 2526 pelago
332 2449 490 2531 accipitur,
506 2450 559 2512 sed
575 2469 659 2512 unum
671 2461 757 2532 atque
769 2451 890 2513 alterum
901 2453 994 2514 lacum
1008 2455 1128 2532 integer
1145 2474 1208 2535 per·

209 2531 285 2609 lluit,
308 2532 396 2594 tertio
412 2535 562 2597 retinetur.
591 2535 674 2597 lacus
690 2537 821 2597 inmenso
838 2535 962 2614 ambitu,
986 2539 1088 2615 specie
1110 2542 1207 2615 maris,

208 2632 316 2694 sapore
337 2620 519 2698 corruptior,
539 2622 683 2698 gravitate
706 2618 806 2680 odoris
828 2621 940 2682 accolis
957 2621 1096 2700 pestifer,
1113 2641 1207 2703 neque

174 2714 199 2756 aa
209 2709 296 2760 vento
312 2701 461 2780 inpellitur
476 2721 570 2784 neque
588 2704 686 2781 pisces
701 2712 749 2764 aut
771 2715 868 2765 suetas
883 2706 966 2784 aquis
982 2705 1120 2767 volucres
1136 2711 1205 2786 pati·

208 2791 262 2842 tur.
296 2783 405 2846 inertes
428 2787 520 2848 undae
541 2788 723 2866 superiacta,
740 2795 769 2848 ut
789 2785 902 2866 solido,
925 2789 1036 2860 ierunt;
1057 2791 1144 2871 periti
1159 2794 1205 2852 im

144 2866 151 2872 “
209 2867 353 2945 peritIquc
367 2870 452 2930 nandi
469 2870 589 2948 perinde
605 2871 784 2933 attolluntur.
813 2882 896 2934 certo
912 2874 978 2934 anni
994 2873 1122 2936 bitumen
1137 2895 1205 2955 ege

207 2952 254 3024 rit,
272 2952 352 3012 cuius
368 2951 487 3031 legendi
502 2973 593 3031 usum,
610 2964 639 3015 ut
654 2965 768 3017 ceteras
784 2966 880 3035 artes,
899 2959 1081 3038 experientia
1099 2960 1203 3022 docuit.

152 3110 153 3119 ἵ
207 3043 270 3094 ater
284 3046 388 3116 suapte
406 3047 507 3099 natura
522 3037 619 3119 liquor
640 3049 669 3100 et
683 3058 789 3121 sparso
806 3051 892 3103 aceto
909 3052 1067 3103 concretus
1083 3043 1204 3115 innatat:

173 3119 284 3179 »huuc
303 3137 387 3180 manu
409 3131 538 3199 captum,
567 3122 670 3202 quibus
693 3142 727 3185 ea
756 3123 851 3202 cura,
867 3125 896 3186 in
917 3144 1027 3188 summa
1047 3128 1129 3188 navis
1150 3137 1201 3190 tra·

110 3209 115 3220 '
208 3202 292 3264 bunt:
316 3203 381 3264 inde
396 3205 475 3265 nullo
497 3207 613 3267 iuuante
634 3208 724 3269 induit
740 3218 915 3288 oneratque,
931 3209 1026 3273 donec
1041 3210 1200 3278 absolfflas.

207 3303 264 3346 neo
277 3286 450 3349 abscindere
472 3308 541 3350 aere
559 3292 678 3352 ferrove
696 3293 810 3371 possis:
837 3291 913 3372 fugit
931 3311 1065 3363 cruorem
1080 3305 1199 3357 vestem·

167 3379 168 3382 ’
208 3385 265 3444 que
287 3369 421 3432 iniectam
443 3373 583 3451 sanguine
611 3393 668 3454 quo
690 3376 815 3438 feminae
835 3396 891 3457 per
909 3397 1027 3440 menses
1049 3380 1198 3442 exsolvun-

207 3455 263 3509 tur.
282 3451 326 3512 sic
341 3463 458 3516 veteres
473 3467 627 3520 auctores:
652 3459 705 3521 sed
721 3462 806 3540 gnari
820 3461 954 3526 locorum
970 3462 1083 3526 tradunt
1097 3463 1198 3524 undan-
