2568 3870
422 115 527 164 ursnn
541 115 578 164 11.
602 114 677 164 ose.
692 113 812 172 tt—oe.
1069 103 1109 166 67

113 277 218 345 stram,
233 284 288 328 vos
305 267 492 330 constantiam
505 285 607 328 meam.
636 269 719 347 plura
735 268 772 330 dc
787 271 924 330 extremis
944 267 1024 350 loqui
1041 287 1109 352 pars

112 352 246 432 ignauiae
267 357 322 410 est.
362 351 548 430 praecipuuul
570 351 770 414 destinationis
798 369 881 420 meae
909 352 1109 417 documentum

111 433 219 496 babete
233 433 311 514 quod
335 433 371 496 de
386 435 499 494 nemine
521 451 642 514 queror;
664 453 728 497 nam
752 436 885 496 incusare
905 436 977 498 deos
992 437 1041 498 rel
1055 437 1107 497 bo·
1159 489 1162 501 .

110 520 203 580 minos
218 517 280 579 eius
297 515 406 594 estqui
422 517 522 578 uivere
539 517 635 580 uelit’

176 598 229 666 48.
253 599 334 662 Talia
348 598 480 677 locutus,
499 608 529 660 ut
546 601 649 681 cuique
665 606 744 662 aetas
762 608 811 661 aut
829 600 970 680 dignitas,
987 587 1108 664 comiter

85 747 89 751 .
111 684 296 765 appellatos,
309 683 387 742 irent
401 699 529 762 propere
543 681 790 746 ueuremaneudo
804 683 875 744 iram
889 685 1011 748 victoris
1024 703 1107 764 aspe-

110 774 225 842 rorent,
244 766 366 825 iuvenes
381 766 569 843 auctoritate,
587 783 675 826 senes
694 765 831 845 precibus
851 766 1000 845 movebat,
1017 767 1107 848 placi·

110 850 163 911 dus
186 866 253 926 ore,
277 846 437 927 intrepidus
457 847 569 926 uerbis,
592 849 811 927 intempestiuas
836 867 951 910 suorum
973 850 1107 912 lacrimas

111 949 264 994 coercens.
297 930 358 993 dari
379 948 469 990 naves
488 949 523 992 ae
538 930 672 992 vehicula
686 929 857 994 abeuntibus
872 932 964 1004 iuben
988 931 1129 994 libellost

112 1011 311 1092 epistolaeque
326 1012 420 1074 studio
442 1030 512 1092 erga
534 1032 568 1074 se
589 1023 637 1076 aut
656 1013 684 1072 in
699 1012 847 1076 Vitellium
863 1015 1106 1078 contumeliis'in-

111 1097 214 1172 signes
237 1094 348 1165 abolet;
375 1096 514 1175 pecunias
535 1095 694 1171 distribuit,
718 1112 807 1174 parce
823 1114 878 1158 nee
901 1107 930 1158 ut
951 1099 1106 1177 periturus.

109 1196 180 1240 mox
193 1177 318 1240 Saluium
332 1176 526 1240 Cocceianum
550 1179 647 1240 fratris
663 1177 767 1254 illium,
788 1179 879 1258 prima
893 1179 1024 1258 inuenta,
1048 1189 1107 1241 tre·

109 1261 208 1342 pidum
229 1269 258 1322 et
277 1269 455 1322 maerentem
478 1261 553 1323 ultro
579 1261 689 1322 solatus
717 1269 776 1335 est,
804 1261 947 1323 laudando
971 1265 1106 1342 pietatem

107 1345 186 1422 eius,
208 1343 378 1421 castigando
393 1344 587 1406 formidinem:
611 1362 647 1407 au
662 1343 810 1404 Vitellium
825 1353 883 1406 tam
897 1345 1001 1408 inmitis
1019 1346 1136 1411 animia

107 1428 190 1503 iore,
204 1436 235 1488 ut
248 1443 303 1506 pro
320 1427 456 1488 incolumi
473 1436 533 1492 tota
547 1426 633 1487 domo
645 1443 681 1486 ne
695 1425 770 1487 banc
785 1427 900 1505 quidem
917 1426 972 1488 sibi
985 1428 1106 1505 aratiam

106 1507 264 1572 redderet?
290 1511 398 1572 mereri
411 1528 444 1569 se
459 1509 595 1570 festinato
610 1508 688 1572 exitu
704 1507 885 1570 clementiam
898 1511 1033 1580 victorin
1048 1526 1106 1570 uon

108 1595 183 1654 enim
197 1593 295 1680 ultima
316 1592 538 1672 desperatione,
560 1590 614 1652 sed
633 1599 776 1670 poscente
797 1593 942 1672 proelium
964 1594 1105 1668 exercitu,

107 1677 254 1741 remisisse
277 1677 321 1734 rei
343 1674 476 1754 publicae
497 1675 682 1735 nouissimum
707 1692 813 1736 casum.
848 1677 919 1737 satis
940 1676 996 1736 sibl
1015 1675 1106 1736 nomi·

107 1761 169 1836 nis,
185 1760 255 1820 satie
270 1759 397 1836 posteris
407 1758 468 1818 suis
479 1756 639 1818 nobilitatis
651 1758 820 1834 quaesitum.
839 1757 1007 1838 postlulios
1020 1755 1105 1828 illau-
1116 1784 1141 1826 aa

105 1843 172 1904 dios
192 1841 312 1916 Servios
333 1858 365 1902 se
388 1841 508 1919 primum
530 1841 559 1900 in
578 1838 713 1900 familiam
733 1857 837 1902 novam
861 1842 1012 1921 imperium
1034 1843 1105 1902 intu-

104 1928 194 1988 lisse:
221 1923 344 2002 proinde
365 1931 466 1984 erecto
488 1924 583 1985 animo
601 1932 770 2000 capesseret
784 1924 887 2002 vitam,
903 1943 959 1985 neu
976 1933 1107 2003 patruum

104 2008 163 2070 sibi
184 2006 327 2078 Othonem
347 2006 438 2067 fuisse
461 2015 510 2066 aut
531 2003 756 2067 oblivisceretur
777 2024 910 2085 umquam
929 2015 978 2068 aut
992 2008 1106 2068 nimium

103 2092 293 2154 meminisset.

167 2175 218 2236 49.
241 2171 312 2234 Post
329 2189 404 2254 quae
423 2171 536 2234 dimotis
553 2171 684 2233 omnibus
700 2169 814 2252 paulurn
830 2173 984 2249 requierit.
1018 2179 1106 2251 atque

103 2259 185 2320 illum
200 2274 351 2335 supremas
365 2255 420 2316 iam
438 2273 522 2317 curas
544 2256 638 2316 animo
653 2255 830 2315 volutantem
845 2271 952 2332 repens
969 2253 1106 2314 tumultus

13 2343 16 2352 '
103 2341 226 2416 auertit,
248 2340 374 2402 nuntiata
395 2339 628 2400 consternatione
644 2356 680 2400 ac
701 2337 819 2398 licentia
833 2336 967 2406 militum;
983 2353 1105 2414 namque

13 2427 25 2470 ’-
104 2421 277 2486 abeuntibus
298 2421 415 2484 exitium
437 2419 655 2500 minitabantur,
683 2419 865 2482 atrocissima
888 2419 917 2482 iu
937 2419 1106 2496 Verginium

105 2509 151 2584 ri,
166 2525 250 2586 quem
267 2505 365 2566 clausa
377 2505 462 2565 domo
475 2502 657 2567 obsidebant.
678 2501 827 2582 increpitis
843 2501 992 2564 seditionis
1005 2509 1128 2564 aucto-u

13 2647 14 2650 ,
104 2589 184 2651 ribus
204 2607 359 2668 regressus
382 2589 496 2650 vacarit
517 2587 681 2648 abeuntium
705 2586 865 2664 adloquiis,
887 2585 982 2647 donec
1002 2601 1104 2648 omnes

102 2673 234 2735 iruriolati
252 2671 482 2750 digrederentur.
516 2678 744 2752 vesperascente
769 2669 817 2731 die
840 2669 915 2732 sitim
930 2668 1032 2730 haustu
1052 2684 1104 2745 pe·

102 2757 181 2820 lidae
189 2776 280 2837 equae
289 2756 411 2818 sedavit.
420 2765 477 2816 tum
485 2755 587 2817 adlatis
601 2756 776 2834 pugionibus
790 2754 913 2832 dnobus,
926 2761 1101 2814 cumutrum·

101 2837 1102 2922 quepertemptasset,alterumcapitisubdidit.etexploratoiumpro·

97 2929 197 2992 ieotos
218 2927 342 3002 amicos,
363 2933 480 2986 noctem
504 2924 643 3003 quietam,
667 2931 756 3002 utque
778 2921 956 2999 adilrmatur,
981 2940 1038 2984 non
1055 2923 1095 2981 in·
1110 2933 1135 2976 to

97 3028 231 3072 commem
246 3009 322 3088 egit:
338 3007 404 3068 luce
420 3009 511 3086 prima
525 3007 553 3066 in
569 3007 676 3068 ferrum
692 3015 814 3086 pectore
830 3005 967 3066 incubuit.
1000 3004 1034 3065 ad
1048 3022 1100 3081 ge·

97 3095 196 3156 ruitum
219 3091 367 3154 morientis
388 3091 514 3169 ingressi
535 3089 632 3152 liberti
655 3089 792 3167 servique
816 3097 845 3148 et
862 3088 973 3150 Plotius
988 3087 1100 3149 Firmus

97 3177 241 3258 praetorii
265 3173 431 3255 praelectus
452 3187 538 3234 unum
554 3172 659 3233 volnus
683 3173 832 3233 invenere.
872 3172 956 3233 funus
978 3180 1099 3232 matura·

97 3271 171 3330 tnm;
196 3259 355 3322 ambitiosis
375 3257 404 3318 id
426 3257 564 3338 precibus
583 3256 722 3335 petierat,
742 3275 779 3316 ne
801 3263 996 3334 amputaretur
1015 3261 1101 3331 caput

98 3344 224 3406 ludibrio
246 3343 380 3405 futurum.
429 3341 524 3402 tulere
551 3355 659 3421 corpus
680 3338 847 3420 praetoriae
875 3339 1013 3481 cbobortes
1034 3354 1096 3396 oum
1110 3346 1133 3387 tt
