2568 3870
379 106 400 209 J
428 137 533 184 ursos
548 137 584 185 11.
608 137 683 186 car.
699 135 820 192 70-76.
1071 133 1109 191 77

113 290 293 352 noscebatur
312 289 484 350 condicione
504 291 656 370 fugitiuus,
684 295 798 354 nomine
811 295 903 373 Geta‚·
922 305 1063 376 sumptum
1078 298 1148 359 deu

112 392 153 436 eo
169 374 343 452 supplicium
361 373 389 432 in
406 375 541 434 servilem
557 375 680 435 modum.

177 456 228 522 73.
256 457 315 528 Vix
337 457 478 517 credibile
500 469 659 519 memoratu
681 469 725 520 est
742 471 875 539 quantum
897 464 1053 540 superbiae
1068 484 1115 526 so·

113 542 296 620 cordiaeque
311 540 433 601 Vitellio
449 541 626 619 adoleverit,
642 553 794 622 postquam
813 546 1016 625 speculatores
1032 567 1048 608 e
1062 550 1115 609 Su·
1140 611 1143 614 ,

113 631 158 689 ria
183 625 350 703 Iudaeaque
376 623 507 684 adactum
532 627 560 684 in
583 625 674 686 verba
697 630 758 688 eius
778 631 917 690 orientem
937 632 1115 692 nuntiauere.

113 729 180 772 nam
195 709 251 768 etsi
265 708 351 784 vagis
367 706 460 767 adbuc
477 717 507 768 et
521 709 639 769 incertis
655 709 822 771 auctoribus
839 722 900 774 erat
915 711 1047 774 tamenin
1064 732 1117 774 ore

114 796 250 872 iamaque
272 792 473 868 Vespasianus
481 808 523 850 ac
539 791 708 870 plerumque
723 795 758 855 ad
781 813 886 857 nomen
902 798 964 856 eius
979 797 1116 858 Vitellius
1131 791 1163 859 s'

115 875 311 938 excitabatur:
327 883 384 933 tun
400 875 464 951 ipse
480 877 698 955 exercitusque,
714 888 744 938 ut
762 878 841 938 nullo
857 879 981 958 aemulo,
998 881 1117 942 saevitia

115 959 237 1020 libidine
251 966 334 1036 raptu
348 958 377 1016 in
392 967 532 1018 externos
545 975 643 1018 mores
659 971 868 1038 proruperant:

182 1043 233 1101 74.
255 1040 294 1100 At
306 1041 504 1118 Vespasianus
521 1042 782 1122 bellumarmaque
801 1055 829 1105 et
845 1047 948 1123 procul
968 1046 1017 1106 vel
1041 1048 1279 1108 iuxta-„ms

4 1165 6 1196 z
118 1125 189 1187 sitas
204 1124 281 1183 vires
296 1125 567 1203 circumspectabat.
596 1126 678 1186 miles
690 1129 747 1206 ipsi
762 1127 835 1188 adeo
849 1138 976 1207 paratus,
991 1140 1022 1191 ut
1034 1148 1117 1209 prae·

117 1211 237 1271 euntem'
249 1217 459 1268 sacramentum
474 1217 504 1269 et
518 1210 613 1270 fausta
629 1211 749 1271 Vitellio
765 1215 860 1274 omnia
883 1221 1050 1291 precantem
1065 1232 1118 1292 per

116 1294 261 1355 silentium
283 1292 439 1362 audierint:
462 1291 585 1354 bluciani
606 1296 715 1354 animus
732 1313 788 1355 uec
806 1297 990 1374 Vespasiano
1006 1297 1117 1357 alienus

117 1385 148 1440 st
163 1379 191 1436 ia
207 1376 299 1437 'litunr
314 1377 449 1455 pronior:
468 1379 634 1455 praefectus
649 1378 778 1456 Aegypti
796 1375 840 1439 ts.
857 1379 1026 1440 Alexander
1048 1383 1139 1442 'con-s

118 1463 182 1523 silla
197 1462 375 1532 sociaverat:
393 1463 506 1521 tertiam
522 1463 684 1539 legionem,
711 1462 788 1541 quod
804 1481 820 1522 e
837 1463 920 1523 Suria
936 1463 964 1522 in
978 1463 1116 1525 bloesiam

117 1548 281 1622 nupsisset,
298 1562 377 1606 suam
393 1545 576 1615 numerabat;
594 1555 712 1607 ceterae
727 1546 837 1621 lllyrici
853 1545 989 1624 legiones
1004 1557 1116 1608 secutu-

117 1649 170 1692 rae
186 1627 391 1709 sperabantur;
406 1646 528 1707 namque
546 1631 638 1690 omnis
656 1631 801 1690 exercitus
823 1630 1019 1693 flammaverat
1033 1632 1116 1692 adro·

117 1715 215 1794 gantia
236 1714 409 1774 venientium
431 1731 448 1774 a
470 1713 590 1774 Vitellio
611 1713 748 1791 militum,
769 1704 846 1794 qdod
862 1725 961 1776 truces
979 1733 1116 1796 corpore,
1140 1710 1146 1714 ’

4 1843 6 1882 2
117 1797 227 1859 horridi
248 1814 383 1857 sermono
405 1807 521 1859 ceteros
542 1807 573 1860 ut
590 1799 707 1878 inpares
727 1799 897 1860 inridebunt.
931 1800 1026 1861 sedin
1041 1809 1152 1860 tantan

100 1881 195 1942 ‘mole
217 1880 288 1941 belli
310 1881 481 1960 plerumque
504 1884 664 1952 cunctatio:
697 1892 726 1944 et
752 1883 952 1962 Vespasianus
978 1883 1064 1945 modo
1089 1884 1118 1943 in

117 1983 201 2045 spem
217 1973 345 2039 erectus,
360 1965 515 2044 aliqnando
532 1965 653 2026 adversa
668 1967 837 2045 reputabat:
855 1969 920 2046 quis
934 1967 985 2028 ille
998 1968 1060 2028 dies
1074 1969 1118 2028 io·

117 2059 180 2126 ret,
199 2065 256 2126 quo
272 2050 425 2126 sexaginta
445 2050 548 2109 aetatis
562 2067 652 2110 annos
667 2059 696 2110 et
712 2050 786 2111 duos
804 2051 879 2112 lilios
895 2051 1017 2111 iuvenes
1038 2049 1118 2111 bello

121 2133 329 2212 permitteret?
350 2152 419 2193 esse
439 2137 559 2212 privatis
580 2136 808 2211 cogitationibus
823 2153 1027 2212 progressum,
1044 2151 1111 2190 esse

111 2227 307 2294 regressum,
326 2225 474 2300 et‚,prout
489 2218 597 2296 velint,
613 2218 679 2297 plus
693 2219 824 2277 minusve
841 2220 913 2278 sunni
930 2235 968 2276 ex
982 2218 1112 2275 iortuna:
1123 2230 1146 2269 rs

121 2299 1114 2380 imperiumcupientibusnihilnrcdiumintersummaautpraecipitia.

4 2423 5 2430 1
182 2383 233 2443 75.
257 2383 437 2444 Versabatur
461 2393 526 2444 ante
551 2384 656 2444 oculos
673 2384 836 2445 Germanici
853 2385 1000 2443 exercitus
1021 2382 1121 2460 robur,

4 2461 5 2484 *
120 2476 219 2528 notum
241 2469 305 2528 viro
328 2467 457 2527 militari:
489 2485 556 2527 suas
579 2467 713 2544 legiones
741 2467 819 2527 civili
845 2466 925 2527 bello
942 2468 1120 2544 inexpertas,

120 2550 235 2612 Vitellii
251 2553 404 2628 victrices,
426 2559 455 2610 et
477 2551 553 2630 apud
575 2551 671 2611 victos
694 2550 760 2629 plus
778 2550 1020 2629 querimoniarum
1037 2567 1121 2628 quarn

122 2636 230 2698 sirium.
266 2634 370 2695 buxam
389 2652 445 2714 per.
457 2633 618 2695 discordias
632 2635 751 2694 militum
767 2633 851 2694 iidem
864 2643 893 2693 et
907 2633 1068 2713 periculum
1085 2651 1122 2693 ex

120 2718 257 2796 singulis;
281 2717 349 2797 quid
365 2719 440 2778 enim
457 2718 623 2798 profuturas
638 2717 775 2779 cobortes
793 2716 930 2796 alasque,
954 2717 978 2776 si
993 2735 1066 2777 unus
1082 2717 1120 2778 al·
1136 2740 1147 2778 s

117 2813 205 2863 terve
227 2801 379 2879 praesenti
402 2802 533 2864 facinore
553 2810 682 2880 paratum
697 2820 734 2862 ex
757 2799 878 2869 diverso
894 2801 1051 2879 praemium
1072 2819 1122 2880 pe·

98 2884 185 2956 ,tati
206 2888 250 2947 sic
274 2886 496 2946 Scribonianum
519 2884 572 2945 sub
591 2883 710 2945 Claudio
726 2884 925 2954 interiectum
943 2885 987 2944 sic
1003 2901 1122 2962 percus·

117 2987 218 3030 sorem
240 2971 302 3028 eius
327 2969 512 3046 Volaginium
536 2985 553 3027 e
573 2969 712 3046 gregario
737 2967 773 3027 ad
792 2984 900 3027 summa
918 2967 1035 3038 militiae
1056 2985 1122 3047 prc-

120 3061 251 3111 rectum:
271 3051 386 3111 lucilius
405 3052 558 3112 universos
575 3052 675 3131 inpelli
693 3069 778 3132 quarn
792 3050 924 3127 singulos
939 3050 1032 3111 vitari.

180 3134 232 3194 76.
252 3133 304 3193 llis
322 3134 478 3212 pavoribus
494 3143 638 3196 nutantem
649 3145 688 3204 *et
704 3135 753 3196 alii
770 3135 861 3211 legati
875 3135 1017 3213 amicique
1029 3133 1121 3196 lirnra·

119 3216 192 3277 bant
207 3225 237 3276 st
251 3216 417 3295 blasianus,
435 3227 504 3297 post
518 3219 623 3279 multos
641 3228 833 3297 secretosque
849 3234 999 3277 sermones
1022 3219 1077 3279 iarn
1094 3228 1123 3280 et

4 3289 6 3354 l
83 3374 85 3379 s
120 3317 222 3362 coram
249 3301 287 3360 ita
317 3299 449 3362 loeutus:
483 3303 602 3362 ‘ornnes
622 3305 669 3382 qni
691 3319 858 3380 magnarum
887 3319 983 3360 rerum
1001 3301 1122 3362 consilia

4 3383 6 3388 ’
83 3399 87 3406 “
119 3385 293 3464 suscipiunt,
311 3385 465 3446 aestimare
480 3383 588 3447 debent
604 3405 639 3448 an
655 3384 733 3466 quod
747 3383 909 3445 inchoaturi
925 3383 969 3444 rei
988 3382 1123 3464 publicae
