2570 3878
149 126 208 190 too
416 135 916 186 connruuraormmvnscruu

146 291 249 356 saloim
265 294 472 372 postulaverat.
505 309 561 370 quo
581 309 634 370 per
655 290 863 352 discessionem
886 293 964 354 lacto
985 293 1063 354 mislt
1080 293 1145 355 lite·

120 395 193 438 sras
222 375 346 454 Caesar,
379 375 493 437 modice
521 375 663 435 tribunum
690 378 845 454 increpans
873 377 1004 453 ignarum
1034 379 1145 458 antiqui

145 462 233 522 moris
250 460 288 520 ob
305 462 456 524 iuventam.
488 459 571 522 Gallo
587 459 795 538 exprobrabat,
809 461 887 538 quod
898 461 1038 528 scientiae
1052 464 1145 524 caeri-

144 547 359 624 moniarumque
373 554 456 605 vetus
474 545 585 604 incerto
599 552 730 619 auctore,
747 551 813 604 ante
824 545 997 612 sententiam
1011 545 1145 623 collegii,

145 647 214 706 non,
230 638 260 688 ut
274 628 402 707 adsolet,
426 628 504 689 lectu
527 645 580 705 per
595 627 763 702 magistrum
775 629 985 706 aestimatoque
1006 631 1145 706 carmine,

146 713 221 794 apud
244 713 455 792 infrequentem
477 720 606 774 senatum
631 711 750 788 egisset.
790 711 874 775 simul
908 713 1143 788 commonefecit,

111 798 212 877 vnquia
234 797 322 857 multa
340 815 413 859 vana
435 795 487 856 sub
510 797 624 856 nemine
647 794 758 856 celebri
779 794 985 874 vulqabautur,
1012 797 1144 858 sanxisse

145 883 317 960 Augustum,
333 899 418 960 quem
433 881 506 940 intra
522 879 597 938 diem
612 878 647 938 ad
664 887 829 958 praetorem
844 878 981 942 urbanum
997 879 1143 942 deferren-

146 976 191 1026 tur
215 983 290 1025 neve
316 964 426 1024 habere
441 964 574 1042 privatim
589 963 701 1022 liberet.
735 962 811 1043 quod
826 980 842 1025 a
857 963 1013 1026 maioribus
1028 980 1145 1042 quoque

147 1048 293 1110 decretum
309 1057 371 1108 erat
386 1056 454 1127 post
467 1056 599 1107 exustum
614 1046 717 1106 sociali
734 1047 813 1107 bello
833 1046 1016 1128 Capitolium,
1031 1047 1145 1126 quaesi-

145 1135 183 1192 tis
198 1133 301 1208 Sarno,
324 1130 395 1208 llio,
415 1130 564 1206 Erythris,
585 1149 639 1210 per
659 1130 788 1191 Africam
808 1132 893 1192 etiam
918 1151 953 1192 ac
975 1133 1102 1195 Siciliam
1117 1138 1148 1190 et

112 1217 263 1276 mltalieas
279 1214 420 1291 colonias,
437 1213 609 1274 carminibus
624 1213 768 1291 Sibullae,
788 1234 843 1276 una
858 1233 911 1276 seu
929 1215 1030 1294 plnres
1052 1215 1146 1292 fuere,

147 1301 272 1379 datoque
287 1297 487 1360 sacerdotibus
501 1299 638 1377 negotio,
661 1308 794 1377 quantum
815 1299 935 1360 bumana
958 1317 1016 1379 ope
1037 1300 1146 1379 potuis·

148 1392 222 1459 sent,
238 1400 309 1444 vera
325 1381 502 1443 discernere.
533 1383 620 1460 igitur
635 1391 703 1444 tuuc
719 1400 835 1461 quoque
850 1385 960 1444 notioni
971 1381 1146 1462 quindecim·
1203 1417 1206 1425 ·

147 1470 237 1528 virum
252 1467 277 1528 is
291 1466 365 1526 liber
378 1465 524 1526 subicitur.

215 1550 264 1614 13.
283 1549 379 1612 Isdem
398 1550 565 1611 consulibus
583 1551 725 1628 gravitate
740 1567 871 1618 annonae
887 1552 965 1612 iuxta
975 1551 1147 1613 seditionem

148 1645 278 1712 ventum,
300 1634 446 1713 multaque
469 1643 498 1694 et
520 1633 619 1712 plures
642 1653 696 1715 per
726 1634 788 1694 dies
816 1634 844 1693 in
874 1635 996 1696 theatro.
1013 1635 1148 1695 licentius

149 1719 307 1797 efflagitata
333 1727 419 1795 quana¹
441 1717 555 1777 solitum
576 1717 729 1780 adversum
746 1719 960 1797 imperatorem.
991 1721 1054 1797 quis
1069 1735 1150 1779 com·

148 1813 242 1863 motus
264 1802 407 1862 incusavit
427 1801 610 1878 magistratus
638 1809 811 1880 patresque,
839 1801 916 1880 quod
944 1819 1002 1862 non
1030 1801 1145 1882 publica

122 1885 319 1947 sauctoritate
335 1883 473 1964 populum
491 1886 705 1965 coercuissent,
720 1884 883 1964 addiditque
899 1885 1001 1965 quibus
1019 1904 1058 1947 ex
1078 1903 1146 1965 pro-

147 1971 251 2030 vinciis
266 1977 296 2028 et
311 1978 415 2046 quanto
440 1969 578 2028 maiorem
602 1986 685 2047 quam
706 1969 855 2048 Augustus
881 1971 924 2028 rei
944 1969 1147 2030 frumentariae

149 2054 263 2132 copiam
281 2052 458 2113 adventaret.
487 2053 526 2112 ita
541 2051 728 2131 castigandae
752 2051 830 2132 plebi
854 2055 1044 2133 compositum
1063 2071 1146 2114 sena·

147 2148 193 2198 tus
221 2136 380 2197 consultum
407 2137 505 2217 pnlsca
531 2137 703 2212 severitate,
736 2154 831 2214 neque
866 2138 985 2215 segnius
1010 2137 1148 2201 consules

150 2221 279 2284 edixere.
318 2219 461 2282 silentium
481 2221 573 2299 ipsius
593 2237 651 2280 non
672 2219 776 2296 civile,
799 2228 828 2280 ut
851 2220 1030 2300 crediderat,
1050 2221 1146 2282 sedin

117 2325 140 2368 ao
152 2304 316 2384 superbiam
330 2304 537 2384 accipiebatur.

216 2383 265 2446 14.
287 2387 358 2450 Fine
389 2391 454 2450 anni
483 2387 644 2466 Geminius,
678 2385 798 2465 Celsus,
832 2388 1001 2468 Pompeius,
1033 2389 1149 2466 equites

148 2471 284 2549 Romani,
309 2472 444 2534 cecidere
464 2473 668 2534 coniurationis
689 2472 822 2542 crimine;
852 2491 889 2533 ex
916 2475 979 2552 quis
1003 2471 1148 2534 Geminius

149 2555 331 2634 prodigentia
350 2571 436 2636 opum
460 2575 494 2617 ac
514 2557 634 2617 mollitia
653 2556 730 2618 vitae
751 2557 860 2616 amicus
875 2557 996 2635 Seiano,
1016 2555 1085 2616 nihil
1111 2555 1148 2616 ad

150 2640 265 2700 serium.
296 2648 325 2699 et
338 2638 427 2702 lulius
443 2639 546 2702 Celsus
561 2639 690 2700 tribunus
707 2639 736 2700 iu
751 2639 854 2700 vinclis
873 2639 996 2701 laxatam
1017 2647 1147 2702 catenam

125 2745 139 2784 s
152 2730 181 2783 et
198 2722 399 2786 circumdatam
412 2726 441 2786 in
455 2724 599 2784 diversum
615 2721 736 2784 tendens
751 2741 831 2786 suam
844 2723 909 2803 ipse
926 2726 1070 2786 cervicem
1082 2742 1148 2804 per-

148 2807 246 2884 fregit.
278 2816 307 2867 at
320 2808 430 2869 Rubrio
444 2806 571 2884 Fabato,
592 2816 735 2886 tamquam
756 2805 917 2888 desperatis
936 2807 1024 2869 rebus
1042 2808 1148 2869 Roma-

149 2893 194 2950 nis
214 2890 383 2952 Parthorum
407 2891 441 2953 ad
466 2891 695 2956 misericordiam
726 2891 856 2969 fugeret,
888 2891 1024 2952 custodes
1052 2891 1146 2952 additi

148 2992 220 3034 sane
236 2975 260 3033 is
274 2985 410 3055 repertus
423 2975 499 3055 apud
519 2975 624 3036 fretum
639 2973 758 3035 Siciliae
776 2983 978 3054 retractusque
1005 2993 1059 3056 per
1081 2991 1146 3036 cen-

149 3059 291 3118 turionem
309 3059 402 3120 nullas
423 3058 589 3138 probabiles
612 3075 714 3120 causas
737 3057 912 3138 longinquae
937 3060 1149 3139 peregrinatio·

117 3161 141 3202 m
151 3144 195 3201 nis
213 3142 377 3204 adferebat:
393 3145 494 3204 mansit
509 3152 603 3204 tamen
617 3142 780 3220 incolumis,
797 3141 945 3205 oblivione
959 3144 1053 3222 magis
1066 3161 1150 3223 quam

151 3225 311 3287 clementia.
804 3251 808 3261 ¹

211 3304 263 3368 15.
290 3311 354 3371 Ser.
378 3309 469 3372 Galba
488 3309 520 3370 1..
543 3309 623 3370 Sulla
647 3309 813 3374 consulibus
838 3309 885 3372 diu
909 3312 1041 3390 quaesito
1075 3327 1150 3389 quos

149 3391 283 3472 neptibus
304 3396 362 3455 suis
383 3395 501 3454 maritos
522 3393 681 3456 destinaret
702 3394 828 3475 Caesar,
851 3403 1002 3475 postquam
1025 3393 1151 3456 instabat
