2568 3870
327 219 333 240 Ι
410 151 517 200 ornus
529 153 566 201 11.
589 151 665 203 oar.
680 153 765 206 1—5·
1045 148 1085 208 47

156 307 186 370 3.
213 303 399 368 Conditorem
414 305 514 384 templi
529 325 630 384 regem
641 306 750 368 Aeriam
761 315 845 368 retus
856 311 1004 388 memoria,
1021 312 1082 392 qni·

90 392 157 453 dam
178 392 270 468 ipsius
289 389 363 452 deae
382 405 488 449 nomeu
506 388 535 448 id
556 388 719 468 perbibent.
750 390 827 452 iama
840 394 987 454 recentior
1000 394 1086 456 tradit

89 495 109 536 a
126 473 232 549 Cinyra
252 481 395 534 sacratum
410 472 546 550 templum
563 472 704 552 deamque
721 475 813 552 ipsam
830 486 1001 556 conceptam
1014 481 1086 539 muri

88 559 147 620 buc
168 555 331 635 adpulsamt
354 554 408 616 sed
428 557 577 616 scientiam
598 565 746 634 artemque
766 557 952 638 haruspicum
965 562 1085 622 accitam

89 651 120 702 et
135 638 258 700 Cilicem
272 639 413 700 Tamiram
433 639 581 717 intulisse,
601 648 689 718 atquo
708 641 749 700 ita
762 651 893 720 paetum,
916 652 947 703 ut
959 643 1106 705 familiuea

90 725 239 803 utriusque
255 722 366 801 posteri
380 722 562 784 caerimoniis
577 722 787 801 praesiderent.
817 741 899 799 mox,
921 743 958 786 ne
972 725 1085 790 bonore
1185 751 1222 840 β

88 808 169 870 nollo
190 807 305 883 reginus
324 821 419 883 genus
439 806 623 884 peregrinam
645 807 764 884 stirpem
786 809 992 888 antecelleret,
1020 811 1086 890 ipsa
1188 801 1208 874 ἐι
1244 819 1250 835 *

89 907 174 971 qoam
188 889 345 951 intulerant
359 889 481 949 scientia
495 888 627 968 hospites
647 907 781 950 cessere:
801 898 908 952 tautum
924 889 1085 969 Cinyrades
1187 873 1207 974 3

89 973 232 1036 sacerdos
257 971 425 1036 consulitur.
454 971 585 1050 bestiae,
608 981 638 1031 ut
659 973 783 1054 quisque
801 975 898 1052 norit,
922 974 1084 1038 malmares
1191 1011 1205 1040 ;.
1253 985 1254 1018 ³

91 1056 269 1133 deliguntur:
287 1055 447 1117 certissima
463 1054 536 1117 lldes
550 1053 708 1118 haedorum
721 1055 812 1117 libris.
832 1059 1003 1135 romulae!
1015 1077 1083 1122 arae
1094 1074 1120 1117 ra
1189 1075 1204 1142 ²}
1252 1032 1255 1116 l

92 1137 251 1200 obiundere
270 1139 405 1200 vetitum:
428 1138 613 1218 precibuset
633 1139 702 1216 igae
716 1157 790 1219 puro
806 1141 907 1203 altaria
920 1141 1083 1220 adolentur,
1203 1149 1205 1154 '
1255 1140 1256 1212 l

89 1241 147 1284 uec
168 1221 235 1282 ullis
254 1221 392 1282 imbribus
413 1238 584 1301 quamquam
600 1224 629 1282 iu
642 1232 745 1301 aperto
760 1223 937 1285 madescunt.
970 1225 1083 1287 simula-

90 1323 171 1368 crum
192 1307 266 1367 deae
279 1323 338 1366 nou
352 1305 452 1382 eiligie
466 1304 603 1384 bumana,
625 1307 776 1368 continuus
790 1305 870 1366 orbis
886 1307 990 1368 latiore
1004 1309 1083 1369 initio

87 1400 205 1450 tenuem
213 1389 242 1449 in
250 1388 382 1450 ambitum
392 1397 486 1449 nretae
496 1388 583 1448 modo
595 1398 818 1467 exsurgens,set
826 1390 935 1450 ratioin
946 1389 1082 1453 obscmo.

153 1473 185 1534 4.
206 1471 286 1532 'litus
301 1479 434 1551 spectatu
449 1471 597 1549 opulentia
612 1471 754 1551 donisque
768 1490 869 1550 regum
880 1490 1020 1553 quaeque
1028 1473 1084 1535 alia

88 1558 195 1619 laetum
228 1553 443 1633 antiquitatibus
469 1553 647 1626 Graecorum
672 1566 765 1633 genus
792 1556 923 1618 incertae
948 1557 1085 1618 vetustati

90 1640 222 1716 adtingit,
250 1638 289 1699 de
307 1638 635 1716 nauigatione-primum
655 1638 788 1702 consulit.
824 1647 979 1721 postquam
998 1639 1084 1720 pandi

91 1724 164 1784 viam
185 1732 214 1782 et
233 1735 313 1782 mare
327 1739 502 1802 prosperum
517 1723 650 1801 accepit,
673 1720 710 1783 de
724 1740 758 1782 se
775 1740 828 1801 per
844 1722 982 1801 ambages
997 1724 1084 1792 inter-

87 1814 175 1886 rogat
197 1807 293 1869 caesis
319 1804 518 1884 compluribus
538 1803 651 1866 bestiis.
695 1807 845 1867 Sostratus
871 1805 1034 1886 (sacerdoti
1054 1805 1105 1866 ida

88 1907 195 1952 nomeu
214 1889 293 1967 erat)
313 1887 363 1950 ubi
382 1888 458 1949 laeta
480 1895 509 1948 at
530 1890 718 1966 congruentia
741 1898 808 1950 exta
828 1889 999 1969 magnisque
1015 1906 1084 1951 con·

86 1975 171 2035 sultis
192 1972 319 2034 adnuere
340 1971 423 2032 deam
439 1971 536 2050 videt,
562 1989 655 2053 pauca
675 1973 705 2032 in
727 1989 868 2052 praesens
888 1981 917 2033 et
938 1971 1024 2034 solita
1038 1991 1083 2032 re·

86 2055 254 2137 spondeus,
270 2057 362 2135 petito
379 2064 495 2116 secreto
510 2055 604 2116 lutura
619 2057 723 2134 aperit.
743 2053 824 2116 'litus
837 2064 923 2116 aucto
940 2057 1033 2117 animo
1047 2055 1084 2115 ad

88 2151 201 2218 patrem
232 2147 389 2218 pervectus
419 2139 569 2216 suspensis
597 2139 809 2217 provinciarum
841 2146 871 2198 at
903 2139 1083 2199 exercituum

86 2223 230 2286 mentibus
247 2224 350 2300 iugens
367 2239 464 2283 rerum
478 2220 582 2283 fiducia
597 2223 734 2284 accessit.
1093 2239 1119 2281 aa

144 2305 360 2382 Profligaverat
382 2304 492 2366 bellum
514 2303 679 2366 ludaeicum
692 2306 908 2385 Vespasianus,
933 2303 1082 2382 obpugna-

87 2394 165 2453 tione
184 2387 450 2464 Hierosolymorum
468 2388 599 2471 reliqua,
626 2387 697 2448 duro
719 2391 811 2466 magis
833 2397 863 2448 et
881 2388 971 2450 arduo
990 2405 1082 2466 opere

87 2475 125 2535 ob
138 2473 289 2551 ingenium
302 2473 406 2532 montis
423 2481 453 2532 et
469 2470 663 2552 pervicaciam
678 2472 908 2552 superstitionis,
924 2489 1009 2552 quam
1025 2487 1082 2549 quo

85 2559 156 2618 satis
180 2556 282 2616 virium
301 2555 431 2618 obsessis
452 2554 489 2616 ad
507 2553 672 2616 tolerandas
692 2555 886 2616 necessitates
903 2563 1082 2635 superesset.

86 2649 164 2718 tres,
183 2646 212 2700 ut
225 2657 316 2719 supra.
329 2640 565 2715 memoravimus,
579 2639 635 2716 ipsi
646 2638 829 2718 Vespasiano
842 2638 976 2716 legiones
989 2645 1117 2713 erant,1a

87 2723 237 2785 exercitae
255 2721 351 2784 bello:
374 2731 507 2801 quattuor
527 2721 675 2786 liucianns
697 2721 848 2784 obtinebat
867 2722 896 2782 in
916 2739 1008 2801 pace,
1030 2720 1082 2784 sed

88 2805 243 2868 aemulatio
264 2815 293 2867 et
316 2806 441 2886 proximi
462 2806 609 2866 exercitus
628 2806 723 2884 gloria
744 2803 898 2884 depulerat
917 2804 1082 2882 segnitiam,

89 2899 282 2969 quantumquo
308 2889 366 2950 illis
392 2889 508 2950 roboris
531 2888 693 2951 discrimina
717 2897 748 2950 et
772 2887 877 2966 labor,
906 2896 1014 2949 tantum
1038 2886 1084 2949 bis

89 2975 200 3051 vigoris
227 2972 377 3034 addiderat
404 2973 517 3050 integra
547 2971 632 3052 quies
665 2983 694 3034 et
720 2973 864 3052 inexperti
893 2969 966 3032 beili
990 2986 1080 3032 amor.

89 3058 194 3117 auxilia
217 3057 331 3135 utrique
356 3055 516 3117 cohortium
533 3055 698 3136 alarumque
713 3063 743 3116 et
756 3055 868 3118 classes
884 3070 1033 3133 regesque
1047 3072 1117 3115 acm

91 3156 195 3200 nomeu
212 3140 320 3219 dispari
334 3140 410 3201 lama
426 3138 555 3200 celebre.

152 3224 182 3282 5.
215 3225 413 3303 Vespasianus
447 3240 516 3284 acer
540 3222 658 3284 militiae
691 3223 800 3284 anteire
829 3239 952 3299 agmen,
985 3219 1083 3282 locum

91 3308 195 3367 castris
215 3324 339 3385 capere,
362 3316 450 3367 noctu
468 3306 575 3386 diuque
596 3305 718 3368 consilio
739 3322 790 3382 ac,
818 3305 842 3364 si
862 3315 911 3364 re‘s
931 3311 1082 3384 posceret,

91 3405 175 3449 manu
194 3388 326 3451 hostibus
348 3389 453 3466 obniti,
476 3388 542 3448 cibo
564 3389 698 3466 iortuito,
723 3397 806 3449 reste
827 3386 983 3464 habituque
1002 3386 1083 3444 rixa
