2546 3872
221 125 241 182 4
278 102 293 122 ''
442 131 738 180 coununnasomr
752 131 994 182 ursuorunnuu

198 285 308 356 abdes3
328 304 481 365 supremae
495 286 639 347 clarorum
653 287 780 347 virorum
795 289 999 360 necessitates,
1016 288 1080 364 ipsa
1095 287 1226 346 necessi·

219 380 265 431 tas
279 370 395 431 fortiter
413 370 536 431 tolerata
557 379 586 430 et
599 365 1156 445 laudatisantiquorummortibuspares
1166 372 1225 430 exi·

220 465 274 515 tus.
303 464 423 533 praeter
441 453 619 534 multiplices
643 471 739 515 rerum
758 453 941 515 humanarum
963 471 1048 514 casus
1070 452 1154 514 caclo
1170 463 1226 513 ter·

219 556 310 617 raquo
332 538 468 616 prodigia
485 547 514 598 et
534 538 681 600 fulminum
697 538 821 598 monitus
838 546 868 598 et
882 537 1041 598 futurorum
1059 540 1226 615 praesagia,

219 623 295 684 laetu
308 622 416 700 tristia,
439 621 574 700 ambigua
594 623 761 692 manifesta;
783 640 839 682 nec
863 622 937 681 enim
954 631 1087 700 umquam
1101 624 1227 684 atrocio-

185 721 209 762 sc
220 706 300 767 ribus
318 707 421 786 populi
436 705 558 770 llomaui
580 705 710 768 cladibus
729 707 861 783 magisve
881 705 963 765 iustis
984 705 1098 765 indiciis
1121 704 1227 784 adpro·

220 790 315 852 batum
331 799 377 851 est
393 808 452 852 non
468 809 536 852 csse
552 808 639 852 curae
655 790 718 851 deis
732 791 916 850 securitatem
932 793 1078 865 nostiam,
1102 805 1173 848 esse
1189 790 1227 850 ul·

219 877 336 935 tionem.

280 961 311 1019 4.
335 957 470 1019 Ceterum
492 968 643 1038 antequam
664 959 804 1020 destinata
821 955 1013 1037 componam,
1037 957 1228 1036 repetendum

218 1041 347 1120 videtur,
365 1042 458 1121 qualis
474 1050 565 1103 status
576 1042 673 1120 urbis,
688 1060 764 1122 quae
780 1059 863 1102 mens
878 1043 1075 1116 exercituum,
1097 1041 1163 1119 quis
1181 1042 1227 1102 ba·

217 1124 294 1186 bitus
309 1128 541 1206 provinciarum,
558 1127 627 1208 quid
644 1128 672 1186 in
688 1135 749 1187 toto
766 1133 907 1187 terrarum
922 1125 995 1186 orbe
1008 1124 1146 1203 ualidum,
1162 1125 1226 1204 quid

218 1228 337 1290 aeguum
358 1209 461 1288 luerit,
485 1219 592 1271 utnon
612 1210 699 1271 modo
722 1228 808 1270 casus
836 1219 1018 1289 eventusque
1037 1227 1151 1287 rerum,
1180 1211 1225 1288 qui

195 1293 390 1375 splerirmque
405 1293 613 1374 fortuiti‘sunt‚
638 1294 785 1356 cudrado
808 1294 893 1354 etiam
916 1311 1081 1376 causaeque
1103 1311 1221 1354 noscan-

217 1389 271 1439 tur.
302 1379 367 1438 linis
380 1377 510 1440 Neronis
524 1388 555 1439 ut
570 1379 664 1440 lactura
679 1380 774 1458 primo
789 1377 974 1456 gaudentium
994 1378 1103 1456 impetu
1122 1377 1223 1450 luerat,

217 1464 254 1522 ita
270 1463 369 1525 vados
382 1471 477 1523 motus
493 1465 650 1525 animorum
666 1481 724 1523 non
739 1461 866 1524 modain
882 1461 954 1522 urbe
971 1459 1047 1542 apud
1062 1469 1165 1539 patres
1184 1469 1225 1520 aut

216 1546 354 1627 populum
370 1555 419 1607 aut
435 1546 573 1608 urbanum
589 1548 725 1626 militem,
741 1546 794 1608 scd
811 1565 912 1607 omues
928 1546 1063 1624 legiones
1078 1544 1226 1624 ducesque

216 1631 400 1708 conciverat,
423 1631 562 1708 evulgato
583 1632 697 1712 imperii
718 1647 843 1709 arcano,
866 1648 957 1710 posse
977 1629 1143 1710 principem
1160 1629 1226 1690 alibi

181 1733 206 1774 ro
217 1731 300 1792 quam
315 1714 426 1786 lloruae
441 1714 514 1774 lieri.
544 1714 596 1776 sed
613 1724 713 1795 patres
728 1714 813 1792 laeti,
830 1722 966 1794 usurpata
983 1715 1077 1776 statim
1092 1711 1226 1774 libertate

215 1797 349 1856 licentius
373 1805 404 1856 ut
429 1815 500 1874 erga
526 1799 688 1878 prinoipem
711 1815 818 1860 novum
843 1807 873 1860 et
892 1797 1056 1869 absentem
1081 1799 1225 1877 primores

215 1880 341 1960 equiturn
355 1881 478 1960 proximi
494 1881 602 1958 gaudio
619 1892 746 1961 patruum
763 1901 833 1963 pars
849 1882 952 1963 populi
968 1885 1083 1961 integra
1098 1890 1130 1942 et
1148 1901 1226 1961 mag·

211 1966 260 2023 nis
275 1962 407 2024 domibus
424 1963 553 2044 aduena,
577 1966 700 2028 clientes
720 1967 878 2048 libertique
899 1967 1098 2028 damnatorum
1112 1975 1142 2026 et
1159 1985 1227 2028 exu-

214 2048 272 2110 lum
287 2049 316 2108 iu
332 2064 414 2128 spem
430 2048 539 2111 erecti:
556 2050 642 2129 plebs
657 2050 775 2112 sordida
791 2061 821 2113 et
839 2053 920 2112 circo
936 2069 971 2113 ac
991 2051 1112 2112 theatris
1134 2060 1228 2127 sueta,

177 2149 204 2192 aa
216 2132 299 2193 simul
317 2131 464 2194 deterrimi
481 2150 649 2212 servorum,
670 2145 720 2196 aut
741 2137 790 2216 qui
813 2135 910 2198 adesis
925 2135 1011 2197 bonis
1025 2153 1080 2214 per
1097 2134 1228 2196 dedecus

213 2216 340 2278 Neronis
356 2215 526 2295 alebantur,
541 2220 642 2279 maesti
658 2228 847 2281 strumarum
862 2218 949 2282 aridi.

277 2301 306 2362 5.
324 2299 411 2361 bliles
428 2300 554 2362 urbanus
568 2302 660 2381 longo
677 2301 833 2366 (laesarum
858 2306 1044 2365 sacramento
1066 2301 1187 2365 inbutus
1202 2311 1227 2362 et

213 2383 248 2444 ad
270 2383 481 2446 destituendum
501 2385 650 2448 Neronem
677 2396 739 2449 arte
764 2389 858 2467 magis
879 2396 908 2448 et
928 2387 1044 2466 inpulsu
1066 2404 1155 2466 quem
1176 2405 1226 2448 suo

212 2468 331 2546 ingenio
352 2468 519 2548 traductus,
542 2480 695 2552 postquam
716 2490 812 2552 neque
837 2472 899 2534 dari
919 2470 1084 2538 donatiuum
1105 2471 1162 2533 sub
1179 2489 1225 2533 no·

212 2553 288 2612 mine
310 2551 421 2613 Galbae
445 2555 619 2634 promissum
641 2574 735 2636 neque
758 2557 871 2636 maguis
892 2556 1003 2616 meritis
1025 2573 1060 2616 ac
1087 2557 1225 2634 praemiis

185 2635 334 2700 reundum
357 2637 386 2696 in
408 2655 483 2717 pace
504 2657 588 2717 quern
610 2641 638 2699 iu
660 2639 741 2701 bello
768 2641 865 2702 locum
890 2648 1138 2720 praeventamque
1160 2657 1226 2718 gra·

212 2721 281 2780 tiam
301 2720 448 2799 intellegit
468 2722 544 2800 apud
565 2724 725 2804 principem
749 2723 948 2803 alegionibus
968 2724 1092 2800 lactum,
1114 2741 1227 2804 pronus

212 2803 248 2864 ud
269 2821 361 2866 novas
382 2822 432 2864 res
447 2805 563 2866 scelere
578 2808 698 2887 insuper
714 2808 879 2888 Nymphidii
896 2807 996 2869 Sabini
1012 2807 1160 2887 preelecti
1177 2809 1225 2867 im·

211 2887 324 2968 perium
342 2887 397 2950 sibi
412 2887 558 2950 molientis
572 2893 708 2969 agitatur.
737 2901 767 2953 et
778 2891 970 2972 Nymphidius
982 2891 1099 2971 quidem
1113 2892 1144 2952 iu
1159 2892 1225 2970 ipso

211 2969 316 3034 conatu
334 2990 512 3054 oppressus,
537 2973 588 3035 sed
603 2977 734 3056 quamvis
752 2979 847 3056 capite
861 2975 1037 3037 delectionis
1051 2975 1151 3037 ablato
1166 2991 1221 3033 ma·

176 3073 201 3115 so
211 3054 300 3118 nebat
320 3056 470 3138 plerisque
487 3057 607 3120 militum
630 3061 828 3140 conscientia,
851 3079 908 3122 nec
930 3059 1052 3122 deerant
1072 3075 1224 3121 sermones

212 3143 321 3202 senium
337 3150 424 3222 atque
439 3142 589 3204 avaritiam
604 3143 715 3207 Galbae
729 3147 947 3225 increpantium.
981 3143 1097 3206 laudata
1111 3144 1183 3205 olim
1198 3150 1226 3202 et

210 3225 324 3287 militari
339 3227 413 3287 lama
431 3225 578 3289 celebrata
594 3231 737 3292 severitas
752 3233 816 3290 cius
830 3230 957 3308 augebat
968 3223 1164 3309 aspernantes
1177 3245 1226 3287 ve·

209 3319 302 3368 terem
316 3310 497 3390 disciplinam
514 3320 601 3390 atquc
616 3313 656 3374 ita
671 3315 899 3395 quatuordecim
916 3315 999 3374 anuis
1010 3313 1162 3374 alberone
1178 3311 1224 3372 ad·

209 3393 377 3470 suciamus,
396 3402 426 3453 ut
440 3394 516 3456 baud
530 3397 623 3456 minus
639 3398 708 3459 vitia
725 3399 886 3479 principum
905 3406 1034 3459 amarent
1050 3414 1138 3476 quam
1155 3397 1224 3458 olim
