2540 3874
348 235 354 246 ,
393 187 499 235 crass
515 187 551 237 11.
569 187 644 236 cnr.
660 186 780 242 eu-ee
1048 177 1089 238 7⁷
1136 239 1139 242 .

89 345 189 406 delicti
201 341 352 404 manifesta
368 341 507 403 ultionem
522 343 597 421 legis
612 343 765 404 omisisset.
793 353 879 423 atque
892 345 943 406 illo
955 354 1088 423 praeten-

11 425 13 436 ’
88 431 177 490 dente
198 427 350 504 sexaginta
371 425 432 486 dies
454 427 490 487 ad
512 426 728 488 consultandum
749 428 832 490 datos
855 429 976 489 necdum
1004 447 1088 510 prae-

88 513 212 588 terisse,
236 511 306 570 satis
325 510 418 570 visum
441 508 477 570 de
496 510 610 572 Vistilia
633 519 775 583 statuere;
804 529 898 590 eaque
916 513 944 572 in
967 513 1087 573 insulam
1100 533 1124 576 ro

88 592 236 674 Seriphon
251 593 347 656 abdita
363 600 416 670 est.
448 603 541 655 actum
559 594 642 656 etde
665 597 757 656 sacris
773 595 927 676 Aegyptiis
950 594 1087 656 Iudaicis·

88 697 146 758 que
165 677 311 758 pellendis
327 677 492 758 factumque
507 689 620 758 patrum
636 680 807 757 consultum,
823 689 853 740 ut
868 689 1001 758 quattuor
1011 680 1089 741 milia

11 841 12 844 Ἴ
87 761 217 824 libertini
233 761 351 841 generis
366 778 400 822 ea
415 763 622 841 superstitione
637 762 759 840 iniecta,
782 763 845 842 quis
869 765 975 824 idonea
995 773 1088 840 aetas,

11 845 13 856 ’
87 847 117 906 irr
133 845 255 906 insulam
270 843 431 906 Sardiniam
446 845 640 924 veherentur,
659 848 831 906 coercendis
846 847 907 907 illic
930 848 1088 908 latrociniis

85 939 136 1008 et,
158 931 184 990 si
206 929 244 991 ob
260 929 432 1008 grauitatem
454 929 528 992 caeli
546 931 727 1008 interissent,
749 931 808 990 uile
828 930 973 1001 damnum3
997 931 1122 992 ceterirr

86 1012 230 1075 cederent
239 1012 331 1092 ltalia,
343 1013 398 1073 nisi
411 1022 519 1074 certam
532 1023 598 1075 ante
610 1014 685 1075 diem
697 1014 836 1094 profanos
848 1016 920 1077 ritus
929 1015 1087 1076 exuissent.

11 1161 12 1164 ,
152 1099 204 1161 86.
223 1098 293 1158 Post
308 1113 383 1177 quae
398 1097 508 1159 rettulit
522 1095 632 1158 Caesar
647 1096 816 1178 capiendam
836 1099 978 1177 virginem
997 1100 1026 1160 in
1045 1100 1088 1160 lo·

83 1199 153 1244 cum
168 1181 294 1259 Occiae,
310 1198 385 1261 quae
400 1191 513 1261 septem
529 1191 558 1242 et
573 1182 777 1261 quinquaginta
793 1200 847 1262 per
869 1199 960 1244 annos
981 1201 1088 1244 summa

85 1266 274 1328 sanctimonia
301 1264 468 1326 Vestalibus
497 1265 588 1327 sacris
613 1265 816 1345 praesederat3
844 1267 962 1348 egitque
990 1276 1089 1346 grates

85 1349 210 1412 Fonteio
225 1349 377 1429 Agrippae
394 1358 423 1410 et
437 1349 564 1410 Domitio
579 1348 719 1427 Pollioni,
739 1350 817 1431 quod
839 1349 990 1412 oderendo
1015 1351 1089 1411 illias

84 1435 124 1496 de
141 1434 283 1495 oldcioin
298 1432 521 1511 rempublicam
538 1441 692 1494 certarent.
731 1433 862 1514 praelata
884 1443 930 1496 cst
948 1433 1111 1496 Pollionist
1193 1481 1209 1488 -

85 1519 162 1596 illia,
179 1533 237 1580 non
253 1517 291 1577 ob
306 1517 384 1582 aliud
399 1535 484 1597 quam
500 1517 577 1596 quod
592 1525 683 1578 mater
698 1513 760 1578 eius
776 1519 804 1576 in
826 1518 930 1578 eodem
953 1518 1088 1598 coniugio

11 1667 12 1672 ,
84 1601 237 1672 manebat;
254 1619 318 1662 nam
335 1601 468 1680 Agrippa
484 1601 607 1662 discidio
623 1601 736 1661 domum
747 1601 936 1663 imminuerat.
970 1611 1000 1662 et
1016 1601 1088 1662 Gae-

83 1704 136 1747 snr
153 1686 284 1767 quemvis
299 1684 492 1764 posthabitam
508 1684 628 1745 deciens
645 1685 773 1745 sestertii
792 1684 861 1746 dote
876 1685 987 1747 solatus
1006 1695 1060 1746 est.

150 1769 200 1832 87.
221 1769 528 1831 Saevitiam'annonae
550 1769 699 1830 incusante
718 1768 807 1847 plebe
828 1771 925 1831 statuit
945 1769 1088 1830 frumento

83 1854 221 1936 pretium,
238 1854 315 1934 qnod
330 1858 444 1933 emptor
459 1853 630 1933 penderet,
638 1851 781 1932 binosque
803 1871 934 1914 nummos
955 1871 987 1913 se
1010 1852 1089 1913 eddi·

82 1949 179 2000 turum
194 1937 426 2017 negotiatoribus
441 1937 469 1998 in
483 1936 616 2015 singulos
633 1935 756 2002 modios.
782 1954 878 2016 neque
893 1947 989 1999 tamen
1004 1934 1042 1995 cb
1055 1954 1089 1996 ea

81 2023 215 2104 parentis
230 2021 343 2101 patriae
358 2021 484 2082 delatum
503 2030 532 2081 et
547 2029 631 2081 antea
645 2017 819 2082 vocebhlum
834 2020 989 2098 adsumsit,
1007 2037 1089 2080 acer-

81 2107 183 2185 beque
198 2105 341 2186 increpuit
356 2121 421 2184 eos,
438 2105 486 2186 qni
501 2104 612 2164 divinas
628 2104 836 2184 occupationes
860 2105 1013 2184 ipsumque
1035 2103 1112 2163 ‹to-⁵
1205 2123 1207 2126 ’

81 2191 190 2251 minum
206 2189 347 2250 dixerant.
376 2188 453 2250 unde
467 2198 588 2267 angusta
605 2197 635 2248 et
648 2183 759 2248 lubrico
775 2187 868 2249 oratio
881 2187 934 2248 sub
945 2187 1089 2267 principe,

80 2276 134 2355 qni
150 2273 314 2334 libertatem
328 2271 486 2351 metuebat,
504 2271 696 2333 adulationem
713 2271 826 2332 oderat.

11 2393 12 2400 κ
145 2355 198 2420 88.
223 2355 268 2418 Re
291 2358 352 2418 erio
386 2355 462 2436 apud
495 2355 656 2435 scriptores
673 2363 896 2433 senatoresque
932 2355 1089 2416 eorundem

11 2467 12 2508 r
79 2453 248 2522 temporum
263 2376 471 2520 hdqondestrii
487 2439 627 2520 principis
640 2436 807 2500 Chattorum
821 2439 915 2500 lectas
936 2437 965 2498 in
988 2448 1089 2500 senatu

80 2528 198 2603 literas,
214 2524 318 2605 quibus
333 2532 456 2586 mortem
468 2522 588 2585 Arminii
603 2521 798 2604 promittebat,
809 2525 840 2584 'si
854 2523 1013 2603 patrandae
1025 2525 1090 2584 neci

79 2626 228 2673 venenum
248 2609 426 2680 mitteretur;
454 2623 686 2687 responsumque
708 2625 776 2668 esse
796 2624 854 2668 non
876 2607 978 2668 frande
994 2624 1090 2686 neque

79 2693 227 2770 occultis,
250 2692 303 2755 sed
325 2693 420 2774 palam
441 2700 471 2753 et
492 2699 629 2753 armatum
648 2691 786 2772 populum
807 2690 964 2752 Romanum
985 2691 1113 2752 hostess
1178 2700 1181 2705 ·

80 2795 158 2841 suos
175 2775 287 2841 ulcisci.
318 2793 373 2856 qua
388 2775 482 2856 gloria
498 2776 643 2855 aequabat
666 2794 698 2837 se
715 2772 850 2836 'liberius
874 2775 978 2853 priscis
1000 2775 1089 2854 irnpe-

80 2859 244 2942 rstoribns,
262 2862 310 2942 qni
324 2876 467 2924 uenenum
482 2858 511 2919 in
525 2859 645 2936 Pyrrum
662 2876 764 2939 regem
779 2867 931 2920 vetuerant
951 2858 1089 2938 prodide-

81 2956 220 3026 rautque.
252 2951 380 3007 ceterum
394 2943 540 3005 Arminius
556 2942 780 3006 abscedentibus
795 2941 931 3004 Romanis
955 2951 984 3003 et
1004 2944 1089 3023 pulso

81 3029 268 3094 llaroboduo
285 3045 407 3108 regnum
428 3027 580 3090 adfectans
602 3026 765 3090 libertatern
786 3027 968 3109 popularium
988 3028 1090 3089 adrer-

84 3135 148 3179 ssm
162 3113 272 3192 hebuit,
288 3115 454 3194 petitusque
466 3112 629 3191 ormiscum
642 3112 722 3173 varia
738 3111 852 3172 lomene
863 3120 1002 3188 certaret,
1020 3113 1090 3174 dolo
1105 3127 1113 3163 ι

85 3200 316 3282 propinquorum
339 3195 459 3271 cecidit:
488 3194 629 3258 liberator
656 3196 731 3257 hand
760 3195 846 3256 dubie
867 3194 1036 3258 Germaniae
1062 3207 1092 3256 ct
1208 3265 1213 3274 Α

87 3286 135 3364 qui
151 3300 211 3345 non
226 3282 383 3362 primordia
398 3278 502 3362 populi
516 3278 648 3358 Romani,
665 3280 739 3341 sicut
756 3279 804 3341 alii
819 3296 907 3358 reges
931 3280 1091 3356 ducesque,

87 3369 139 3431 sed
154 3367 389 3429 florentissimum
411 3364 562 3446 imperium
584 3363 764 3441 lacessierit,
785 3362 907 3442 proeliis
931 3360 1091 3436 ambiguus,

89 3451 166 3515 bello
180 3468 240 3514 uon
254 3451 358 3512 victus.
394 3459 507 3532 septem
529 3456 558 3509 et
577 3449 694 3526 triginta
718 3463 808 3508 annos
825 3446 919 3520 vitae,
941 3441 1093 3502 duodecim
