2570 3878
160 127 223 221 128
408 165 573 214 oonnunu
592 164 709 214 nactur
728 163 913 215 smmum

159 322 243 384 miles
266 321 353 381 otium
374 329 511 398 exueret,
533 321 608 380 inter
623 319 734 380 llossm
755 319 945 399 Rhenumque
965 321 1050 381 trium
1071 328 1101 381 et
1122 321 1165 380 vi·

159 407 231 485 giuti
250 405 355 466 milium
373 406 468 486 spatio
488 405 598 467 fossam
613 403 765 484 perduxit,
790 421 847 484 qna
869 405 980 465 ineerta
998 403 1107 466 Oeeani
1122 405 1166 465 vi·

159 497 299 552 terantur.
334 491 451 567 insigne
477 497 573 550 tamen
594 487 730 568 triumphi
751 487 869 548 indulsit
883 485 1012 567 Gaesao,
1035 487 1168 568 manneio

158 574 268 635 bellom
283 575 465 652 negavisset.
748 603 750 607 ·

124 680 150 723 ao
222 657 287 719 Neo
300 657 390 718 multo
413 665 481 737 post
497 655 612 718 curtius
626 656 719 718 liuius
735 653 856 716 eundem
872 655 1014 718 honorem
1030 655 1169 736 aellpisoi·
1226 691 1235 708 ·

159 752 223 819 tur,
245 743 336 821 quiin
353 755 428 820 agro
439 741 575 803 lllsttiuoo
590 740 754 802 recluserat
771 756 879 818 speeus
894 741 1069 820 quaerendis
1083 742 1168 801 venia

159 827 286 905 argentm
308 825 385 886 untle
399 827 493 886 tenuis
505 825 616 886 naeus
630 841 686 885 neo
701 824 862 901 inlonpum
873 824 941 886 init:
958 834 987 885 at
1000 823 1168 903 legionibus

159 927 225 972 enm
242 909 345 972 damno
363 908 463 988 labor,
479 907 611 972 effodere
625 911 724 985 rivos,
740 923 875 988 quaeque
888 910 918 968 in
931 919 1037 988 aperto
1052 910 1169 987 qratia,

158 994 272 1056 humum
288 994 363 1054 inira
378 994 485 1056 moliri.
516 995 580 1073 quis
599 991 852 1069 subnotantes,
872 1000 901 1052 et
914 993 981 1072 quia
996 993 1096 1073 plures
1112 1009 1169 1071 per

124 1079 330 1157 auproainoias
356 1077 462 1139 similia
486 1076 702 1154 tolerabantur,
737 1079 885 1155 oomponlt
912 1076 1044 1138 oooultas
1064 1077 1168 1138 literas

158 1162 275 1222 nomine
288 1159 489 1239 exercituum,
504 1163 684 1240 precantium
701 1164 905 1240 imperatorem
920 1170 965 1241 nt,
982 1160 1085 1240 quibus
1100 1178 1167 1240 per·

158 1246 298 1306 missuras
314 1253 395 1308 esset
411 1246 578 1322 exereitus,
592 1245 777 1324 triumphalia
791 1245 1025 1308 ante-tribueret.

223 1329 274 1390 21.
296 1327 342 1389 lle
358 1331 474 1407 origine
486 1327 577 1390 Curtii
589 1331 665 1406 Ruit,
682 1345 768 1408 quem
782 1329 946 1404 gladiatore
961 1332 1090 1407 genitum
1105 1329 1165 1407 qui·

159 1413 225 1476 (lam
240 1411 414 1493 prodidere,
431 1429 527 1492 neque
543 1412 618 1474 lalsa
636 1414 831 1492 prompserim
845 1422 875 1473 et
889 1429 963 1474 vera·
975 1415 1098 1492 exsequi
1114 1430 1168 1492 pn·

159 1499 218 1561 alet.
248 1507 403 1576 postquam
421 1497 567 1574 adolevit,
593 1505 724 1558 sectator
744 1498 908 1576 quaestoris
932 1499 977 1558 oui
992 1496 1094 1576 Atripe
1115 1495 1168 1556 ols-
1230 1490 1238 1508 ‘

157 1585 285 1661 tigerat,
312 1582 378 1642 dum
405 1583 435 1641 in
457 1580 567 1661 oppido
589 1580 750 1641 Adrumeto
767 1583 868 1642 saeuis
887 1599 944 1661 per
963 1581 1087 1642 medium
1109 1580 1169 1642 (liei
1280 1589 1281 1600 ¹

134 1665 322 1747 eportieibus
336 1673 470 1726 seoretns
486 1667 593 1743 agitat,
618 1663 716 1726 oblata
736 1665 764 1724 ei
785 1665 904 1743 speeies
924 1664 1074 1726 muliebria
1092 1664 1169 1726 ultra

157 1749 272 1811 modum
298 1749 450 1809 humanum
476 1758 506 1810 et
529 1746 623 1810 audita
644 1758 691 1810 est
711 1765 771 1811 vox
797 1754 846 1810 ‘tu
868 1767 917 1826 es,
935 1749 1035 1827 ¹liele,
1063 1751 1112 1828 qui
1136 1751 1168 1810 in
1280 1727 1281 1772 Ψ

156 1835 234 1895 hano
257 1833 437 1912 prorlnoiam
460 1847 515 1912 pro
537 1833 659 1894 consule
679 1835 804 1894 venias!
840 1833 891 1895 tali
913 1834 1008 1894 omine
1032 1833 1062 1893 in
1084 1851 1169 1913 spem

142 1916 288 1994 ¹sublatos
309 1915 531 1996 depressusque
546 1919 576 1977 in
589 1917 689 1978 urbem
711 1909 868 1996 largitione
888 1920 1060 1996 auniooram,
1083 1917 1168 1980 amul

158 2001 220 2063 aori
244 2001 363 2078 ingenio
392 2009 576 2079 quaesturam
603 2009 633 2062 et
658 2017 728 2063 mox
751 2001 867 2064 nobiles
892 2004 968 2062 inter
996 2002 1167 2064 eandilatos

124 2105 150 2148 so
159 2092 323 2165 praeturam
344 2085 488 2164 prineipis
510 2085 651 2164 suffragio
672 2086 856 2166 adsequitur,
884 2103 949 2147 oum
962 2085 1046 2148 hisee
1066 2086 1168 2148 rerlris

158 2168 294 2232 l'ilrerios
319 2167 448 2229 ‹ledeous
474 2170 610 2230 natalium
631 2173 694 2231 eius
714 2171 892 2232 velavisset:
916 2169 1047 2232 ‘Curtius
1073 2169 1167 2233 Ruios
1281 2183 1282 2196 ³

47 2305 49 2310 ,
158 2253 273 2314 violetur
287 2251 357 2313 mihi
374 2269 412 2313 en
432 2269 468 2313 se
482 2259 589 2315 natos!
617 2255 707 2332 longa
729 2261 798 2335 post
818 2255 895 2316 haee
911 2263 1048 2333 senecta,
1066 2263 1097 2316 et
1117 2254 1166 2316 ad·
1281 2289 1282 2312 2

157 2350 263 2400 versus
272 2337 446 2416 superiores
461 2339 536 2398 tristi
551 2337 727 2416 adulatione,
742 2337 1077 2417 ammonitionibus,
1091 2341 1168 2400 inter

158 2438 246 2501 pares
272 2419 418 2497 diflicilia,
445 2419 600 2483 eonsula're
626 2424 794 2502 imperium,
820 2423 955 2502 triumphi
980 2425 1106 2501 insignia
1130 2435 1168 2484 ae

124 2513 309 2585 aspostremo
324 2502 455 2566 Atrioam
475 2503 611 2576 obtinnit3
636 2515 722 2586 atque
744 2506 783 2567 ilti
806 2505 958 2568 ieiunetur
975 2507 1064 2568 letale
1079 2521 1165 2586 prae-

157 2590 270 2667 sagium
283 2583 426 2667 impleuit.
454 2611 458 2618 ·

221 2672 272 2731 22.
296 2670 412 2732 Interea
431 2673 562 2751 Romae,
592 2674 679 2734 nulls
701 2674 797 2754 palam
824 2691 922 2754 neque
951 2676 1077 2752 cognitis
1098 2691 1168 2738 mox

158 2756 272 2833 oensis,
292 2753 344 2816 Gn.
355 2753 475 2817 'Nonius
490 2775 582 2838 eques
596 2759 744 2819 Romanus
760 2759 840 2819 ferro
855 2759 1006 2822 aooinetns
1021 2761 1169 2838 reperitur

158 2842 188 2901 in
204 2849 291 2900 ooetn
313 2840 484 2901 salutantum
508 2843 682 2921 prinoipem·
708 2857 774 2904 nam
790 2850 944 2922 postquam
958 2845 1110 2904 tormentis
1123 2845 1165 2904 ‹li-

157 2923 337 3069 laniataque,
353 2923 390 2984 de
401 2940 434 2984 se
446 2941 505 2986 non
519 2925 671 3004 infitiatus
683 2929 821 2988 oonseios
835 2942 894 2988 oon
906 2927 1010 3008 elidit,
1025 2930 1165 3008 tomrmn

134 3027 197 3078 aen
213 3026 288 3069 ooou
301 3017 375 3069 tans.

222 3092 318 3156 lslem
339 3089 507 3155 oonsulibus
527 3094 559 3155 P.
573 3094 729 3157 Dolabella
748 3097 861 3156 sensuit
882 3093 1082 3176 speetaeulum
1103 3095 1166 3174 gla-

159 3175 300 3239 diatorum
323 3195 378 3256 per
399 3193 500 3239 omnes
519 3195 611 3240 annos
636 3177 842 3241 eelebrandnm
859 3181 983 3260 pecunia
1002 3197 1103 3242 eorum
1118 3179 1168 3260 qni¹

159 3269 344 3340 quaesturam
364 3261 606 3342 alipisoerentur.
646 3263 724 3344 epod
744 3266 871 3326 maiores
893 3266 1007 3326 uirtutis
1029 3265 1059 3325 id
1079 3281 1167 3344 prse-

159 3344 245 3404 mium
268 3345 380 3426 iuerat,
405 3347 577 3427 ensemque
602 3349 722 3426 oinium,
754 3351 779 3410 si
800 3349 886 3411 honis
903 3347 1012 3410 asotos
1032 3346 1167 3424 fiderent,

94 3499 98 3506 ἢ
125 3425 271 3488 nottelmus
286 3438 390 3508 petere
409 3432 610 3508 magistratum
634 3447 671 3494 ao
685 3451 722 3494 ne
744 3442 825 3497 setas
839 3433 955 3514 quidem
970 3429 1168 3511 ilsungum·-
