2440 3886
426 188 776 242 urnnn1.cn1².1-3.·
940 151 942 158 X
1082 173 1100 234 3
1150 153 1159 166 ’

115 347 229 425 Augusti
244 346 377 407 dicendis
391 363 447 406 non
459 345 580 408 defuere
592 346 700 406 decora
711 345 843 422 ingenia,¹
853 343 948 404 donee
960 343 1103 421 gliscente
1114 357 1139 400 ru

113 431 269 492 adulatione
286 431 509 490 deterrerentur.
540 429 647 491 'liberii
663 429 772 508 Gaique
789 437 819 488 et
835 425 947 488 claudii
963 445 998 488 ac
1009 425 1103 487 Nero·

110 517 151 574 nis
163 532 211 574 res
226 514 399 575 durantibus
412 515 484 594 ipsis
500 507 538 576 ob
553 524 658 574 metum
680 513 772 574 ialsae
780 559 789 592 ,
813 521 966 592 postquam
988 511 1102 572 occide-

109 607 178 676 rant,
196 599 364 660 recentibus
380 599 452 658 odiis
468 593 648 677 conpositae
667 606 742 680 sunt.
775 597 842 658 inde
865 595 1015 657 consilium
1035 594 1104 654 milri

111 701 195 760 pauca
211 682 248 742 de
266 683 399 760 Augusto
415 691 444 742 et
460 691 590 743 extrema
606 681 737 761 tradere,
753 699 821 742 mox
835 679 943 741 'liberii
958 681 1102 760 principa·

109 775 163 826 tum
177 775 205 827 et
214 775 325 842 cetera,
342 767 403 826 sine
414 767 456 826 ira
470 775 499 826 et
512 767 617 841 studio,
632 783 751 844 quorum
764 783 866 826 causus
880 763 984 844 procul
993 762 1100 824 babeo.
1112 777 1137 820 aa

1 907 2 910 ,
166 851 193 910 2.
214 849 369 930 Postquam
383 849 470 909 Bruto
490 859 520 910 et
537 847 639 910 Cassio
657 845 751 910 caesis
765 849 843 909 nulla
861 850 915 909 iam
929 847 1046 926 publiea
1059 865 1102 906 ar·

1 951 2 956 ¹
108 951 160 1010 rna,
178 935 331 1014 Pompeius
348 933 424 1013 apud
442 934 568 994 Siciliam
586 951 744 1012 oppressus
757 942 907 1011 exutoque
924 931 1046 1010 lepido,
1063 931 1102 988 in·

1 1007 2 1024 ³
106 1019 226 1079 terleoto
242 1018 422 1078 Antonione
436 1016 552 1078 lulianis
567 1017 682 1096 quidem
699 1017 828 1095 partibus
845 1016 900 1076 nisi
917 1013 1027 1076 Caesar
1047 1015 1105 1074 dux

106 1103 248 1182 reliquus,
273 1103 370 1180 posito
392 1101 531 1162 triumviri
551 1102 665 1160 nomine
689 1100 837 1160 consulem
855 1117 887 1160 se
905 1099 1004 1160 ferens
1020 1107 1049 1158 et
1067 1097 1103 1158 ad

106 1187 235 1248 tuendam
250 1187 367 1266 plebem
382 1185 533 1246 tribunicio
548 1186 610 1244 iure
623 1193 803 1261 contentum,
819 1181 867 1242 ubi
878 1177 996 1243 militem
1009 1182 1128 1259 donis,s

106 1270 241 1350 populum
257 1287 387 1347 annona,
404 1277 524 1330 cunctos
545 1268 698 1329 dulcedine
718 1269 769 1328 otii
787 1267 926 1345 pellexit,
952 1267 1104 1344 insurgere

104 1355 256 1434 paullatim,
272 1355 367 1414 munia
383 1362 499 1414 senatus
514 1353 730 1430 magistratuum
753 1353 850 1430 legum
874 1352 902 1410 in
922 1367 955 1409 se
975 1349 1103 1424 trahere,

100 1437 179 1500 'nullo
195 1439 383 1513 adversante,
402 1455 466 1497 cum
481 1437 655 1497 ferocissimi
670 1454 724 1515 per
738 1436 818 1496 acies
830 1443 877 1494 aut
889 1434 1104 1512 proscriptione

107 1523 298 1598 cecidissent,
319 1521 410 1582 ceteri
423 1521 576 1598 nobilium,
593 1529 700 1599 quanto
717 1519 781 1602 quis
797 1519 915 1578 servitio
931 1518 1103 1597 promptior,

109 1606 203 1685 opibus
232 1614 264 1668 et
283 1604 441 1666 honoribus
467 1603 732 1664 extollerentur-ac
752 1603 834 1676 noris
857 1619 894 1662 er
916 1600 1004 1660 rebus
1028 1601 1135 1660 auctio

107 1699 158 1750 tuta
174 1699 204 1751 et
226 1691 392 1768 praesentia
407 1706 491 1768 quam
507 1697 609 1748 vetera
626 1697 655 1748 et
670 1685 836 1765 periculosa
851 1684 979 1746 mallent.
1007 1701 1103 1763 neque

107 1775 272 1853 provinciae
288 1773 367 1834 illum
381 1790 478 1833 rerum
498 1780 600 1832 statum
624 1770 804 1848 abnuebant,
826 1778 971 1852 suspecto,
985 1777 1102 1828 senatus

110 1858 263 1937 populique
278 1857 399 1936 imperio
414 1855 452 1916 ob
469 1858 626 1916 certamina
647 1855 807 1936 potentium
830 1863 859 1914 et
878 1852 1102 1914 avaritiamma·

111 1941 282 2019 gistratuum,
301 1939 427 2016 inralido
441 1939 538 2018 legum
554 1939 678 2017 auxilio,
694 1956 768 2018 quae
789 1939 828 2015 vi,
843 1937 967 2014 ambitu,
989 1944 1102 2015 postre-

1 2059 2 2066 κ
108 2041 151 2084 mo
165 2025 290 2106 pecunia
305 2023 502 2086 turbabantur.
1113 2034 1139 2074 1⁵

164 2112 193 2172 3.
218 2107 355 2170 Ueterum
371 2107 521 2185 Augustus
532 2105 660 2166 subsidia
671 2106 856 2166 dominationi
869 2103 1017 2165 Claudiurn
1029 2101 1102 2163 blar-

109 2192 209 2253 cellum
229 2194 342 2254 sororis
362 2190 622 2251 lilium'admodum
645 2189 862 2250 adulescentem
884 2188 1051 2266 pontilicatu
1074 2195 1104 2245 et

107 2277 196 2337 curuli
211 2276 372 2352 aedilitate,
388 2273 426 2334 ll.
442 2275 602 2354 Agrippam
615 2273 774 2351 ignobilem
788 2274 867 2350 loco,
883 2272 989 2332 bonum
1003 2269 1103 2330 militia

104 2369 133 2420 et
146 2361 287 2422 victuriae
303 2360 425 2435 socium,
442 2359 596 2440 geminatis
612 2357 808 2419 consulatibus
825 2357 942 2431 extulit,
964 2371 1032 2414 mox
1052 2353 1102 2413 de·

28 2507 30 2513 ,
104 2444 203 2505 iuncto
215 2443 355 2505 blarcello
365 2461 504 2521 generum
515 2443 651 2521 sumpsit;
664 2439 809 2502 'liberium
820 2440 966 2501 Neronem
978 2449 1006 2498 et
1018 2435 1103 2498 Glau-
1117 2459 1130 2498 a

103 2528 181 2589 dium
195 2527 318 2588 Drusum
333 2527 484 2606 privignos
499 2527 692 2606 imperatoriis
708 2525 869 2588 nominibus
887 2525 974 2600 auxit,
992 2523 1104 2598 integra

102 2613 190 2672 etiarn
207 2621 265 2671 tum
278 2612 365 2672 domo
384 2627 445 2672 sua.
480 2629 544 2672 num
558 2612 673 2688 genitos
688 2610 821 2689 Agrippa
831 2607 930 2669 Gaium
942 2627 976 2668 ac
987 2606 1104 2666 Lucium

101 2697 131 2755 in
146 2695 283 2756 familiam
299 2693 457 2756 (laesarum
474 2695 634 2768 induxerat,
650 2694 772 2754 necdum
787 2694 883 2772 posita
898 2691 1004 2772 puerili
1019 2707 1103 2768 prae·

101 2789 185 2841 texta
199 2779 348 2858 principes
363 2779 519 2839 iuventutis
530 2777 684 2858 appellari,
704 2777 842 2844 destinari
854 2776 990 2842 consules
1003 2775 1103 2851 specie

101 2863 267 2924 recusantis
285 2862 507 2939 flagrantissime
525 2863 684 2942 cupiverat.
717 2872 748 2921 ut
762 2861 895 2939 Agrippa
908 2861 966 2919 vita
982 2875 1101 2918 conces·
1113 2873 1138 2914 1o

101 2948 151 3023 sit,
167 2945 284 3006 bucium
299 2943 455 3008 Gaesarem
471 2955 586 3007 euntem
601 2946 638 3007 ad
652 2945 850 3025 Hispaniensis
862 2944 1024 3018 exercitus,
1049 2941 1103 3002 Ga·

11 3091 18 3116 Ι,
101 3032 162 3092 ium
175 3039 353 3092 remeantem
369 3027 505 3091 Armenia
522 3040 551 3090 et
564 3030 686 3090 vulnere
698 3027 853 3089 invalidum
868 3045 946 3088 mors
961 3025 1021 3088 lato
1036 3043 1103 3106 pro·

101 3133 176 3197 pera
199 3115 251 3176 vel
275 3132 421 3176 novercae
441 3111 537 3175 Liviae
558 3113 643 3175 dolus
664 3112 795 3189 abstulit,
816 3111 971 3191 Drusoque
993 3109 1104 3188 pridem

102 3199 235 3260 extincto
254 3197 334 3259 Nero
350 3197 430 3259 aolus
453 3198 624 3278 eprirignis
646 3206 723 3274 erat,
746 3197 817 3257 illuc
839 3206 939 3257 cuncta
960 3210 1102 3270 vergere:

103 3283 193 3360 lilius,
214 3282 330 3360 collega
344 3284 467 3363 imperii,
484 3299 606 3343 consors
621 3281 790 3342 tribuniciae
805 3280 967 3359 'potestatis
982 3276 1101 3337 adsumi·
1114 3284 1138 3324 1⁶

103 3377 150 3428 tur
165 3367 316 3446 omnisque
326 3385 381 3448 per
393 3369 541 3428 exercitus
553 3375 722 3443 ostentatur,
737 3382 795 3424 non
807 3363 950 3436 obscuris,
965 3369 996 3419 ut
1007 3367 1102 3433 antea,

103 3451 206 3551 matris
218 3449 338 3530 artibus,
356 3451 409 3513 sed
423 3451 518 3531 palam
533 3447 668 3514 hortatu.⁴
687 3466 752 3509 narn
768 3464 866 3508 senem
883 3444 1043 3586 Auqqstum
1054 3439 1103 3498 de-
