2596 3872
356 253 548 307 nisan‘xvr.
572 258 647 307 osu.
667 257 789 312 14-16·
898 259 902 264 ·
1033 247 1094 310 323

159 417 207 476 17.
234 413 348 473 Pauoos
370 414 479 492 quippe
507 413 580 474 intra
606 412 669 473 dies
691 414 794 475 eodem
821 415 935 492 agmine
958 413 1095 475 Annaeus

94 500 184 577 blela,
202 495 329 557 Cerialis
343 497 474 574 Anieius,
491 495 608 558 Rufrius
623 496 782 577 Crispinus,
799 496 832 559 C.
848 498 1001 558 Petronius
1019 501 1094 559 osol-

95 585 180 659 dere,
195 576 273 642 Mela
289 578 485 660 etCrispinus
505 583 617 660 equites
632 580 753 643 Romani
777 581 917 660 dignitate
937 583 1094 646 senatoria.

27 731 29 742 ἢ
95 683 158 729 narn
177 666 227 726 lrio
241 665 385 744 quondam
406 665 575 745 praeieotus
593 666 734 745 praetorii
755 675 784 726 et
807 665 1008 726 consularibus
1027 666 1095 726 insi·

93 750 198 832 gruibus
221 749 343 810 donatus
358 767 393 810 ae
407 766 500 829 nuper
525 750 643 810 erimine
664 749 872 811 coniurationis
889 753 917 810 in
934 750 1119 811 Sardiniam

36 882 37 888 κ
92 842 226 911 exaotus,
241 843 367 914 aooepto
382 834 479 895 iussae
494 835 594 894 mortis
610 836 709 894 nuntio
724 843 817 894 semet
831 834 987 894 interiecit.
1007 833 1096 914 blela,

92 919 198 1000 quibus
213 915 308 978 Callio
324 925 354 978 et
369 917 484 978 Seueoa
500 917 669 996 parentibus
684 927 781 995 natus,
798 919 938 998 petitione
954 918 1097 980 honorum

91 1005 272 1065 abstinuerat
285 1019 345 1082 per·
355 999 538 1063 ambitionem
553 1011 784 1082 praeposteram,
800 1003 1096 1082 niequosliomaims

42 1106 51 1168 i
93 1084 296 1150 eonsalaribus
315 1087 446 1164 potentia
466 1095 654 1166 aequaretur3
684 1087 768 1147 simul
790 1084 993 1165 adquirendae
1008 1101 1095 1166 peou·
1146 1107 1147 1110 ¹

51 1170 57 1241 't
92 1175 157 1234 niae
178 1170 298 1230 brevius
316 1171 378 1230 iter
393 1169 534 1232 eradebat
552 1188 607 1251 per
629 1171 851 1249 procurationes
866 1171 1095 1233 administrandis
1106 1183 1129 1224 io

92 1255 384 1336 'prineipisnegotiist
418 1252 494 1313 idem
504 1255 655 1316 Annaeum
666 1255 809 1316 Luoanum
821 1263 971 1333 genuerat,
983 1255 1096 1332 grande

94 1340 286 1401 adiumentum
302 1336 487 1399 claritudinis.
520 1355 578 1417 quo
598 1338 752 1399 interiecto
771 1337 837 1398 dum
851 1357 913 1398 rem
928 1338 1097 1399 familiarem

51 1416 63 1480 .’
96 1426 159 1484 eius
171 1423 278 1482 aeriter
292 1423 423 1500 requirit,
439 1431 640 1482 auersatorem
656 1422 784 1483 oonoirit
795 1421 916 1482 Fabium
926 1422 1095 1498 Romanum,

61 1539 65 1582 t
97 1526 135 1568 ex
148 1507 253 1566 intimis
267 1505 374 1566 laneani
394 1506 502 1566 amieis.
535 1509 623 1566 mixta
643 1507 718 1565 inter
740 1513 850 1585 patrem
867 1506 1012 1586 liliumque
1028 1523 1096 1566 oon·

65 1595 66 1598 ’
94 1591 248 1652 iurationis
270 1589 392 1649 seientia
416 1589 548 1666 lingitur,
575 1588 741 1650 adsimilatis
762 1588 868 1650 Lucani
890 1589 998 1649 literis:
1024 1603 1094 1668 quas
1106 1606 1131 1648 rs

93 1679 245 1756 inspectas·
264 1671 439 1734 uertens
462 1672 575 1733 adeum
589 1673 687 1750 iussit,
711 1672 815 1753 opibus
836 1674 900 1734 eius
918 1672 1040 1734 inhians,
1070 1682 1099 1733 at

62 1779 71 1809 -ε
92 1759 187 1836 liela,
220 1769 295 1836 quae
314 1765 381 1817 tam-
394 1758 607 1838 promptissima
626 1759 727 1817 mortis
750 1758 811 1835 ria,
845 1757 974 1818 exsolvit
997 1774 1097 1834 venas,

63 1863 68 1912 t
94 1844 213 1922 seriptis
238 1841 381 1901 oodiaillis
402 1841 506 1920 quibus
531 1840 670 1920 grandem
693 1841 849 1920 peouniam·
874 1843 904 1901 in
925 1836 1099 1918 'lipellinum

93 1938 298 2006 &aerumque
315 1925 380 1985 elas
393 1921 595 1986 Cossutianum
612 1922 783 2005 Capitonem
799 1924 954 2002 erogabat,
977 1941 1034 2004 quo
1051 1943 1098 1985 ee·

65 2008 68 2056 5
94 2015 327 2072 teramanerettt.
358 2007 471 2069 additur
483 2008 635 2086 oodioillis,
652 2009 1132 2088 tamquamdeiniquitateexitiiao

66 2096 69 2176 ζ
96 2111 222 2170 querens
242 2095 282 2150 ita
296 2092 479 2167 scripsisset,
501 2092 665 2168 sequidem
680 2093 754 2150 mori
774 2091 860 2150 nullis
881 2092 1016 2170 supplicii
1032 2109 1097 2152 oau-

69 2185 72 2246 t
97 2177 149 2253 sis,
172 2173 307 2236 Rufrium
326 2182 421 2234 autam
436 2171 599 2252 Crispinum
614 2182 644 2233 et
659 2173 794 2234 Anioium
809 2171 954 2234 Cerialem
969 2173 1098 2234 vilalmi

69 2278 74 2331 ι
94 2259 228 2320 iniensos
243 2257 381 2336 prinoipi.·
409 2269 484 2338 quae
505 2258 667 2336 composita
682 2256 877 2318 eredebantur
897 2256 933 2317 de
951 2254 1097 2336 Crispino,

73 2345 160 2423 quia
182 2342 361 2416 interieotue
376 2349 455 2417 erat,
478 2340 519 2401 de·
538 2339 671 2418 Ceriale,
698 2349 728 2400 ut
750 2341 971 2402 interficeretur.
1002 2357 1098 2420 neque

73 2424 76 2495 ζ
93 2428 169 2489 eninr
186 2425 278 2486 multo
292 2433 361 2504 post
376 2427 434 2484 vim
449 2424 504 2484 sibi
518 2425 626 2502 attulit,
646 2426 757 2485 minore
772 2441 857 2505 quam
875 2424 966 2485 aeteri
980 2425 1097 2486 misera·
1107 2446 1133 2484 ss

72 2498 78 2631 p
94 2514 191 2588 tione,
215 2509 281 2589 quia
302 2507 445 2589 proditam
461 2507 535 2571 Caio
550 2507 669 2570 Caesari
686 2510 914 2570 oonlurationem
937 2508 973 2571 ab
989 2524 1025 2569 eo
1041 2524 1098 2569 me

72 2599 247 2673 ,minerant

77 2696 80 2706 ’
160 2676 210 2740 18.
233 2676 279 2737 De
300 2675 333 2738 C.
357 2677 494 2738 Petronio
518 2692 610 2757 pauoa
633 2691 728 2756 supra*
744 2677 904 2757 repetenda
930 2686 1005 2738 sunt.
1035 2693 1100 2738 nam

80 2763 136 2825 iilli
164 2762 229 2823 dies
255 2779 309 2840 per
335 2777 481 2837 somnam,
512 2774 573 2821 nor
596 2761 704 2821 oilieils
724 2769 758 2820 et
776 2759 997 2822 oblectamentis
1022 2762 1100 2822 ritae

93 2845 324 2923 transigebatun
346 2854 433 2925 utque
456 2844 530 2904 alios
552 2844 707 2920 industria,
729 2846 769 2903 ita
784 2845 860 2902 huno
874 2845 990 2921 ignaria
1006 2844 1042 2904 ad
1057 2845 1100 2905 ia·

82 2922 169 3014 imm
186 2929 366 3008 protulerat,
387 2928 605 3008 habebaturque
625 2942 683 2988 nori
699 2943 797 3004 ganeo
816 2929 1048 3006 ot'prodlgator,
1069 2937 1100 2988 ut

75 3014 231 3128 p'plerique
246 3029 297 3074 sua
308 3011 506 3088 haurientium,
524 3013 576 3072 sed
591 3010 704 3070 erudito
720 3010 799 3071 laum⁶
828 3028 864 3072 ao
876 3011 952 3072 dieta
963 3011 1122 3090 laetaques

95 3098 157 3156 eins
179 3104 290 3175 quanto
308 3095 448 3155 solutiora
469 3101 507 3154 et·
522 3094 661 3174 quandam
684 3094 728 3154 sai
752 3094 969 3173 neglegentiam
985 3095 1099 3174 praele-

82 3143 204 3256 irensis,
230 3185 308 3239 tanto
330 3179 443 3256 gratim
464 3180 493 3237 in
508 3179 638 3258 speeiem
658 3178 849 3258 simplicitatis
872 3179 1099 3259 aoelpisbantur.

16 3299 19 3310 ·
81 3230 151 3340 ipro
174 3262 296 3324 oonsule
317 3269 413 3323 tamen
433 3261 590 3338 bithyniae
606 3272 720 3324 seinos
735 3263 838 3324 eonsul
854 3243 1050 3342 vigentems'e
1065 3279 1100 3321 aa

16 3382 18 3394 ·
74 3349 200 3424 ¹:prinam
217 3345 351 3426 nogotiis
364 3346 500 3408 ostendit
530 3345 600 3406 dein
614 3347 771 3408 revolutas
784 3347 920 3424 adultis,
944 3345 1098 3406 senune

64 3443 78 3508 q
96 3447 157 3492 mm
179 3431 354 3511 imitatione,
376 3432 453 3492 ister
472 3443 583 3511 prauos
604 3429 910 3492 maritatamltsront
933 3429 1134 3504 adsumpturus

78 3512 79 3515 ’
97 3524 156 3595 est,
172 3515 336 3595 elegantiae
351 3514 478 3592 arbiter,
494 3515 559 3576 dunt
570 3514 642 3614 ¹niliil
658 3524 809 3574 amoenum
824 3511 956 3654 et'pulople
973 3509 1099 3570 adduam·

32 3684 58 3748 Γ
