2440 3886
414 187 518 234 urnnn
530 188 552 234 1.
569 185 644 234 cae.
657 183 760 240 7—10.
1078 177 1097 236 l

95 341 270 422 pertinerent
284 339 408 399 consilio
427 340 480 398 nisi
495 355 548 400 suo
567 357 695 418 usurum,
711 341 759 401 vel
776 359 840 401 curn
856 341 988 420 periculo
1003 333 1094 402 odhr-

94 425 195 486 sionis:
212 441 246 484 ea
263 422 330 483 sola
344 424 461 502 speeies
481 423 616 484 adulandi
638 435 801 503 supererat.
839 425 1019 486 conclamant
1043 445 1091 504 pa-

93 519 272 586 tres-corpus
289 505 326 567 ad
349 523 452 585 rogum
474 510 582 568 umeris
606 518 772 569 senatorum
792 509 951 569 ferendum.
985 512 1095 571 remisit
1105 529 1132 568 nn

93 591 196 652 Caesar
211 591 366 668 adroganti
378 592 588 668 moderatione,
604 593 802 674 populumque
815 593 912 654 edicto
925 595 1033 655 monuit
1047 611 1093 670 ne,

92 685 119 735 nt
133 675 276 754 qnondam
293 676 387 735 nimiis
401 677 503 736 studiis
519 675 605 736 iunus
621 676 679 737 divi
694 675 757 737 lulii
773 676 957 754 turbassent,
982 680 1020 738 ita
1035 679 1093 740 Au-

90 768 198 838 gustum
216 761 246 818 in
261 759 329 820 foro
346 761 542 838 potiusquam
558 760 587 820 in
605 779 707 840 campo
723 759 834 838 Martis,
851 761 923 822 sede
940 762 1093 837 destinata,

92 845 207 904 cremari
222 843 345 904 vellent.
377 844 424 904 die
439 842 548 904 inneris
570 844 675 904 milites
699 845 949 924 velutpraesidiu
972 854 1093 920 stetere,

8 963 12 980 ·
89 928 200 988 multum
215 927 409 988 inridentibus
427 928 474 1005 qui
489 928 553 1006 ipsi
561 929 693 990 videraut
709 929 815 1007 quique
831 948 847 990 a
862 929 1030 1008 parentibus
1045 948 1092 990 ac·
1103 947 1129 986 ra

90 1022 224 1090 ceperant
238 1013 318 1072 diem
333 1012 413 1074 illurn
431 1011 511 1072 crudi
528 1011 620 1074 adbuc
644 1014 754 1073 servitii
780 1023 809 1074 et
835 1013 976 1074 libertatis
996 1015 1093 1092 inpro-

91 1114 173 1175 spere
186 1096 347 1176 repetitae,
364 1114 428 1156 cum
444 1096 559 1156 occisus
576 1097 702 1158 dictator
718 1094 829 1157 caesar
845 1097 909 1157 aliis
924 1099 1092 1176 pessimum,

90 1180 148 1241 aliis
164 1179 394 1260 pulcherrimum
410 1180 522 1241 lacinus
536 1180 698 1243 rideretur:
714 1199 791 1240 nunc
805 1199 904 1241 senem
920 1183 1092 1261 principem,

90 1264 171 1342 longa
187 1266 334 1345 potentia,
351 1265 477 1344 provisis
492 1266 578 1325 etiam
592 1265 733 1325 heredum
747 1265 776 1324 in
789 1283 852 1324 rem
867 1265 1010 1344 publicam
1029 1265 1091 1344 opi-

90 1347 149 1426 bus,
164 1349 277 1410 auxilio
295 1349 410 1409 scilicet
423 1349 538 1410 militari
553 1349 697 1427 tuendum,
710 1357 741 1409 ut
756 1348 906 1428 sepultura
919 1349 980 1408 eius
994 1349 1089 1427 quieta
1099 1368 1124 1410 ao

91 1431 168 1492 ioret.

142 1517 170 1578 9.
194 1515 307 1577 Multus
323 1515 389 1576 binc
410 1518 475 1594 ipso
498 1516 535 1577 dc
558 1515 690 1594 Augusto
717 1534 832 1593 sermo,
850 1516 1000 1595 plerisque
1019 1533 1183 1588 rank„

93 1601 267 1676 mirantibus,
284 1600 362 1678 quod
377 1599 453 1660 idem
469 1601 532 1662 dics
543 1601 659 1678 accepti
672 1599 815 1680 quondam
829 1599 942 1678 imperii
954 1599 1092 1679 princeps
1151 1673 1158 1684 ⁸

91 1693 116 1743 et
129 1687 206 1744 ritae
222 1701 398 1762 supremus,
421 1685 499 1763 qnod
520 1682 621 1744 Nolae·
636 1684 665 1743 iu
686 1683 772 1744 domo
794 1693 824 1744 et
840 1683 975 1744 cubiculo
991 1685 1019 1742 in
1035 1699 1092 1761 quo

90 1777 165 1845 pater
181 1769 251 1829 eius
267 1765 405 1828 Octavius
421 1768 508 1829 vitam
523 1768 672 1828 linivisset.
701 1785 841 1830 numerus,
852 1769 938 1828 etiarn
959 1767 1092 1827 consula·

90 1861 159 1911 taum
174 1851 396 1927 celebrabatur,
411 1869 468 1929 quo
483 1851 632 1912 Valerium
648 1849 774 1915 Corvum
788 1861 818 1912 et
830 1850 863 1912 G.
876 1849 995 1911 Marium
1008 1849 1090 1910 simul
1104 1865 1117 1904 o

89 1944 277 2016 aequaverat,
294 1935 457 2014 continuata
476 1954 529 2015 per
544 1944 657 2014 septem
672 1945 702 1995 et
714 1936 829 2012 triginta
841 1951 931 1996 annos
942 1934 1093 1995 tribunicia

92 2029 231 2098 potestas,
251 2036 357 2080 nornen
372 2019 546 2096 inperatoris
561 2018 654 2080 semel
668 2029 754 2099 atque
769 2020 880 2079 viciens
896 2027 1008 2097 partum
1023 2018 1092 2078 alia·

89 2121 141 2182 que
156 2102 506 2181 bonorum-multiplicata
528 2113 576 2164 aut
596 2120 680 2162 nora.
712 2111 741 2163 at
755 2103 832 2181 apud
853 2103 1011 2181 prudentes
1034 2103 1093 2161 vita

92 2190 147 2248 eins
162 2189 249 2249 narie
265 2185 462 2247 extollebatur
476 2186 699 2264 arguebatnrve.
724 2184 754 2246 bi
770 2189 879 2268 pietate
901 2203 971 2262 erga
988 2203 1091 2263 paren-

90 2281 141 2332 tem
156 2281 187 2332 et
199 2271 419 2332 necessitudine
435 2270 646 2349 reipublicae,
665 2272 694 2330 in
710 2288 765 2348 qua
784 2269 878 2329 nullus
895 2277 963 2328 tnnc
977 2268 1092 2350 legibus
1104 2282 1128 2322 m

90 2356 180 2434 locus,
197 2356 237 2416 ad
253 2372 330 2416 arma
347 2354 443 2414 civilia
457 2363 561 2432 actum,
579 2371 653 2434 quae
668 2371 763 2433 neque
778 2354 874 2433 parari
897 2363 1020 2432 possent
1042 2371 1091 2411 ne·

89 2458 141 2519 que
157 2438 265 2500 baberi
279 2437 438 2518 perbonas
454 2448 541 2499 artes.
573 2438 661 2498 multa
676 2436 819 2514 Antonio,
842 2437 907 2498 dum
923 2436 1092 2497 interiecto·
1132 2441 1134 2445 '

88 2541 134 2584 res
149 2525 244 2604 patris
259 2523 467 2599 ulcisceretur,
484 2522 571 2583 multa
585 2521 696 2600 Lepido
713 2521 909 2583 concessisse.
939 2529 1092 2600 postquam

90 2608 133 2667 bic
148 2607 289 2668 socordia
306 2607 445 2685 senuerit,
459 2607 510 2667 ille
527 2624 583 2685 per
597 2605 731 2667 libidines
745 2606 958 2685 pessumdatus
971 2605 1018 2680 sit,
1034 2621 1092 2664 non

89 2691 163 2752 aliud
178 2691 374 2753 discordantis
395 2693 507 2770 patriae
529 2689 686 2750 remedium
707 2690 798 2768 inisse
822 2707 905 2772 qnam
925 2695 959 2750 ut
975 2687 1011 2748 ab
1034 2705 1091 2748 uno
1103 2702 1128 2744 ra

91 2783 253 2853 regeretur.
284 2791 342 2836 non
360 2791 452 2852 regno
467 2784 563 2835 tamen
584 2791 681 2854 neque
701 2774 859 2851 dictatura,
879 2774 933 2834 sed
953 2773 1093 2852 principis
1131 2813 1134 2820 ,

91 2861 204 2921 nomine
218 2860 400 2920 constitutam
417 2877 477 2918 rem
490 2857 650 2938 publicam;
670 2860 740 2916 mari
757 2856 876 2918 Oceano
893 2866 940 2917 aut
963 2855 1093 2916 amnibus

92 2943 254 3024 longinquis
270 2941 402 3022 saeptum
416 2943 580 3022 imperium;
598 2941 748 3019 legiones,
768 2942 949 3020 provincias,
968 2941 1091 3014 classes,

93 3037 195 3089 cuncta
209 3029 285 3088 inter
300 3045 334 3088 se
354 3043 484 3096 conexa;
502 3029 546 3086 ins
561 3025 637 3105 apud
652 3026 745 3103 cives,
760 3025 931 3086 modestiam
947 3024 1023 3103 apud
1044 3040 1090 3082 so·

95 3109 170 3182 cion
184 3109 286 3171 urbem
301 3112 393 3190 ipsam
407 3110 562 3188 magnifico
579 3118 698 3178 ornatn;
714 3127 807 3189 panca
826 3107 976 3170 admodum
991 3107 1019 3166 vi
1031 3116 1088 3167 tra·
1098 3125 1127 3165 nc

93 3203 177 3271 cteta,
195 3211 253 3274 quo
270 3196 378 3256 ceteris
396 3195 478 3274 quies
494 3202 583 3255 esset.

155 3278 205 3340 10.
228 3277 387 3340 Dicebatur
412 3287 527 3339 contra:
545 3279 681 3357 pietatem
706 3295 777 3356 erga
797 3285 948 3357 parentem
970 3282 1000 3334 et
1020 3283 1085 3333 tem-

96 3377 163 3437 pora
178 3364 223 3423 rei
239 3362 523 3441 publicaenbtentni
544 3370 672 3441 sumpta:
693 3370 822 3421 ceterum
846 3359 979 3436 cupidine
1001 3355 1090 3417 dorni¹¹

34 3479 38 3490 ‹
96 3447 175 3508 omni
193 3447 326 3510 concitos
342 3465 396 3526 per
413 3447 595 3524 largitionem
615 3454 789 3520 veteranos,
811 3450 941 3522 paratum
964 3438 999 3498 ab
1022 3437 1091 3496 adn-
