2568 3870
238 229 279 286 50
455 234 620 281 CORNELII
637 233 752 281 nactur
773 233 1011 284 nlstotatanort

239 411 289 452 res
304 392 415 468 magnis
430 387 555 450 motibus
570 387 740 466 agebantur.
774 389 875 451 Vibius
892 390 1022 470 Crispus,
1045 395 1169 471 pecunia
1184 413 1234 472 po-

241 478 329 536 tentia
349 473 467 551 iugenio
481 473 556 536 iuter
572 472 668 532 claros
682 473 775 550 magis
794 491 877 552 quatu
892 476 966 534 inter
981 473 1092 550 bonos,
1115 476 1235 556 Annium

214 561 378 620 sFaustum
400 555 544 635 equestris
559 556 687 634 ordinis,
710 559 758 635 qui
780 557 959 636 temporibus
976 557 1102 620 Neronis
1118 560 1235 620 delatio-

240 663 305 704 nem
325 641 523 714 factitaverat,
542 639 577 698 ad
599 641 793 717 cognitionem
814 650 929 701 senatus
948 641 1087 709 vocabat:
1113 661 1179 704 nam
1195 664 1235 703 ro-

241 727 316 788 ceuti
343 723 452 786 Galbae
479 724 640 804 principatu
668 733 840 783 censuerant
866 733 963 803 patres
987 735 1017 784 ut
1038 736 1237 786 accusatorum

242 827 354 872 causae
370 817 570 868 noscerentur.
603 808 631 868 id
653 808 941 868 senatusconsultum
953 811 1033 868 varie
1048 811 1185 870 iactatum
1202 821 1238 884 et,

240 902 326 975 prout
341 900 447 971 potens
461 891 509 950 vel
528 892 612 968 inops
630 909 698 952 reus
714 891 870 968 inciderat,
887 893 1027 952 inhrmum
1041 902 1090 953 aut
1102 893 1239 968 validum,

106 1057 108 1060 Ι
205 976 419 1039 torettnebatur
433 974 526 1035 adhuc
542 976 656 1034 terrori.
688 983 734 1034 set
750 975 868 1053 propria
882 976 912 1034 vi
932 974 1053 1054 Crispus
1070 977 1241 1036 incubuerat

242 1062 403 1122 delatorem
425 1059 521 1118 iratris
539 1059 582 1116 sui
599 1067 785 1137 pervertere,
807 1067 992 1136 traxeratque
1006 1077 1139 1137 maguam
1158 1079 1239 1120 sena·

241 1155 286 1204 tus
305 1153 431 1224 partem,
454 1151 484 1200 ut
504 1140 683 1201 indefensum
705 1151 733 1201 et
747 1142 901 1201 inauditum
916 1141 982 1203 dodi
1002 1141 1037 1202 ad
1054 1145 1173 1203 exitium
1188 1163 1237 1223 po·

242 1228 388 1288 stularent.
421 1234 519 1285 contra
542 1224 618 1302 apud
634 1224 707 1284 alios
732 1223 800 1284 nihil
815 1241 909 1302 aeque
924 1242 976 1284 reo
995 1226 1136 1305 proderat
1158 1247 1236 1306 quam

242 1313 327 1372 nimia
344 1309 471 1388 potentia
486 1308 680 1368 accusatoris:
703 1307 764 1367 dari
779 1317 909 1387 tempus,
927 1308 973 1368 edi
991 1311 1126 1386 crimina,
1144 1329 1232 1388 quam·

209 1397 287 1456 ¹⁵uis
303 1394 424 1454 invisum
444 1409 480 1451 ac
493 1398 646 1451 nocentem
667 1408 748 1450 moro
770 1400 865 1451 tamen
880 1392 1050 1452 audiendum
1069 1393 1228 1453 censebant.

242 1488 272 1538 et
288 1477 408 1537 valuere
437 1476 529 1554 primo
557 1474 702 1553 dilataque
728 1476 757 1533 in
783 1492 892 1554 paucos
910 1475 973 1535 dies
997 1477 1145 1553 cognitio:
1172 1493 1234 1536 mor

242 1561 389 1622 damnatus
408 1569 453 1619 est
466 1557 599 1634 Faustus,
615 1576 797 1637 nequaquam
812 1575 849 1618 eo
866 1558 991 1618 adsensu
1003 1560 1140 1637 civitatis,
1156 1577 1235 1639 quem

243 1644 376 1724 pessimis
397 1641 525 1717 moribus
545 1651 705 1702 meruerat:
733 1643 840 1720 quippe
864 1642 956 1721 ipsum
972 1641 1104 1722 Crispum
1120 1644 1237 1704 easdem

242 1728 445 1787 accusationes
456 1743 520 1785 curn
531 1726 661 1803 praemio
675 1726 842 1784 exercuisse
856 1726 1059 1803 meminerant,
1077 1745 1133 1786 nec
1146 1744 1239 1805 poena

207 1821 233 1861 tt
245 1810 369 1870 criminis
385 1808 436 1868 sed
454 1807 530 1866 ultor
548 1806 730 1886 displicebat.

309 1894 356 1952 11.
379 1891 469 1951 Laeta
482 1890 594 1950 interim
609 1889 714 1949 Othoni
730 1891 871 1970 principia
888 1890 976 1968 belli,
998 1885 1083 1952 motis
1099 1892 1136 1953 ad
1152 1895 1238 1973 impe·

243 1977 314 2036 rium
338 1975 400 2035 eius
421 1991 437 2034 e
461 1972 601 2033 Delmatia
620 1972 823 2052 Pannoniaque
839 1977 1027 2036 exercitibus.
1058 1975 1142 2036 luere
1159 1987 1239 2056 quat·

244 2067 308 2119 tuor
326 2058 478 2136 legiones,
497 2056 631 2135 equibus
647 2056 712 2117 bina
729 2058 805 2118 milia
822 2059 994 2135 praemissa;
1017 2060 1099 2138 ipsae
1115 2062 1241 2120 modieis

243 2142 403 2202 intervallis
419 2139 629 2218 sequebantur,
645 2149 775 2218 septumo
790 2159 806 2202 a
824 2141 914 2202 Galba
929 2143 1110 2220 conscripta,
1125 2153 1240 2203 vetera-

221 2240 297 2286 tnae
311 2227 470 2287 undecuma
486 2241 522 2284 ac
537 2225 620 2284 tertia
634 2223 753 2285 decuma
769 2234 798 2284 et
819 2226 968 2304 praecipui
989 2225 1063 2286 lama
1087 2227 1240 2304 quartade-

220 2348 224 2356 ,
244 2311 370 2384 cumani,
388 2307 551 2368 rebellione
565 2306 727 2367 Britanniae
744 2325 925 2386 compressa.
951 2309 1101 2370 addiderat
1116 2309 1240 2386 gloriam

242 2391 321 2452 Nero
337 2391 474 2470 eligendo
491 2401 520 2451 ut
536 2391 719 2470 potissimos,
736 2391 812 2452 unde
827 2391 915 2469 longa
930 2392 987 2453 illis
1006 2410 1077 2469 erga
1092 2391 1238 2453 Neronem

244 2476 315 2536 lides
340 2485 369 2535 et
390 2483 489 2536 erecta
503 2475 531 2534 in
550 2473 693 2534 Othonem
713 2476 815 2535 studia.
843 2475 896 2536 sed
920 2493 977 2554 quo
993 2477 1058 2556 plus
1075 2477 1179 2536 virium
1205 2495 1240 2536 ac

243 2558 376 2636 roboris,
398 2577 415 2618 e
438 2557 541 2618 liducia
564 2556 684 2618 tarditas
697 2559 798 2618 inerat.
829 2576 932 2634 agmen
949 2559 1095 2636 legionum
1111 2559 1176 2620 alae
1191 2579 1240 2619 co-

193 2661 235 2704 uo
247 2644 406 2720 hortosque
426 2641 668 2720 praeveniebant3
691 2651 721 2701 et
743 2660 780 2701 err
800 2644 864 2722 ipsa
889 2642 959 2702 urbe
983 2643 1058 2703 haud
1073 2644 1241 2722 spernenda

244 2745 359 2805 manus,
374 2725 499 2805 quinque
515 2726 680 2804 praetoriae
696 2725 832 2786 cobortes
851 2734 880 2785 et
901 2727 1024 2804 equitum
1046 2726 1155 2787 vexilla
1177 2745 1241 2786 cum

245 2809 363 2886 legione
380 2809 485 2886 prima,
502 2825 537 2868 ac
552 2807 683 2870 deforme
698 2810 816 2889 insuper
831 2809 982 2885 auxilium,
1004 2809 1060 2869 duo
1083 2811 1161 2870 milia
1177 2811 1241 2886 gla-

246 2893 401 2968 diatorum,
417 2891 472 2952 sed·
484 2909 537 2968 per
554 2891 648 2953 civilia
663 2911 741 2954 arma
758 2891 843 2952 etiam
855 2894 967 2952 severis
983 2891 1102 2952 ducibus
1118 2911 1242 2973 usurpa·

245 2985 312 3035 tum.
341 2975 386 3035 bis
403 2975 494 3053 copiis
509 2985 608 3036 rector
624 2977 736 3037 additus
751 2976 860 3036 Annius
878 2975 993 3051 Gallus,
1016 2995 1078 3036 cum
1089 2976 1244 3036 Vestricio

210 3058 388 3138 1⁵Spuriuna
414 3059 450 3118 ad
476 3061 660 3137 occupandas
686 3060 755 3121 Padi
782 3062 860 3138 ripas
885 3062 1073 3138 praemissus,
1104 3061 1243 3138 quoniam

250 3144 338 3222 prima
354 3140 537 3202 consiliorum
552 3141 657 3204 frustra
673 3144 854 3220 ceciderant,
872 3154 1054 3220 transgresso
1070 3145 1127 3203 iam
1144 3143 1244 3222 Alpes

248 3223 388 3301 Caecina,
411 3242 496 3303 quern
517 3227 577 3284 sisti
600 3229 672 3287 intra
697 3226 803 3287 Gallias
822 3245 913 3306 posse
931 3237 1110 3306 speraverat.
1144 3229 1241 3305 ipsum

247 3308 389 3369 Othonem
412 3307 617 3370 comitabantur
639 3310 852 3389 speculatorum
875 3311 949 3371 lecta
967 3328 1091 3388 corpora
1108 3328 1174 3370 cum
1193 3329 1242 3368 ee·

246 3393 316 3450 teris
333 3393 486 3468 praetoriis
502 3391 679 3468 cohortibus,
696 3396 824 3454 veterani
842 3413 858 3453 e
875 3395 1031 3472 praetorio,
1048 3393 1241 3452 classicorum

208 3472 349 3548 attingens
364 3491 505 3534 numerus.
535 3493 589 3534 nee
605 3476 646 3537 illi
661 3494 753 3553 segne
768 3486 815 3536 aut
831 3486 994 3556 corruptum
1009 3476 1076 3536 luxu
1092 3477 1166 3552 iter,
1185 3475 1239 3532 sed
