2536 3870
489 133 563 180 ons.
587 133 719 186 rs—aa.
1049 125 1113 186 223

110 285 206 430 ponec
237 285 313 364 quod
345 282 475 344 omnibus
504 286 531 344 in
564 297 697 366 promptu
725 299 804 366 erat,
836 289 937 368 paucis
967 289 1111 348 luoresum

11 525 12 528 Ἴ
132 378 223 514 orep„
247 451 326 514 Haec
348 451 439 530 primo
461 451 554 510 statim
575 409 649 512 anno
673 455 889 535 comprimendo
905 454 1056 530 egregiam
1072 453 1112 512 la-

11 539 24 614 ss'
108 555 183 597 mam
202 538 267 615 paci
284 534 479 613 circumdedit,
496 549 570 612 quae
587 535 634 594 vel
650 535 758 600 incuria
772 538 819 598 vel
837 538 1020 599 intolerantia
1037 539 1113 614 prio-

11 619 14 702 ζ
108 639 170 682 rum
187 620 262 681 haud
277 622 370 701 minus
387 637 470 699 quam
491 616 598 678 bellum
616 619 778 682 timebatur.
795 621 861 681 'scd
883 620 931 681 ubi
953 629 1050 680 aestas
1065 619 1113 682 ad·

11 706 14 719 “
109 706 202 783 venit,
226 714 376 766 contracto
397 702 527 764 exercitu
546 701 650 763 multus
672 704 701 762 in
717 705 846 782 agmine,
875 705 993 765 laudare
1015 703 1113 764 mode·

1121 401 1150 440 20

11 853 12 856 ,
109 791 210 867 stiam,
227 789 367 850 disiectos
383 804 540 855 coercere;
558 784 624 848 loca
640 789 742 848 castris
755 789 820 866 ipse
836 806 954 866 capere,
969 789 1143 848 aestuarias

107 893 144 934 sc
159 873 247 932 silvas
261 873 326 950 ipse
339 879 569 950 praetemptare;
587 879 616 930 et
630 869 698 930 nihil
712 871 824 932 interim
839 871 914 950 apud
926 871 1018 932 hostis
1033 871 1112 951 quie·

11 1017 14 1044 ς
109 969 168 1017 tum
192 959 266 1035 pati,
290 973 347 1034 quo
368 956 459 1014 minus
482 952 584 1013 subitis
606 955 779 1014 excursibus
798 955 1002 1034 popularetur;
1026 963 1113 1034 atque

109 1039 159 1100 ubi
175 1041 245 1100 satis
260 1047 419 1117 terruerat,
441 1037 590 1116 parcendo
606 1056 705 1100 rursus
721 1039 903 1100 invitamenta
918 1040 999 1117 pacis
1015 1047 1112 1100 osten-

11 1125 18 1194 [ἶ
108 1134 181 1184 tare.
214 1123 317 1203 quibus
337 1121 426 1183 rebus
444 1122 550 1183 multae
572 1122 721 1204 civitates,
745 1140 819 1202 quae
839 1122 867 1181 in
883 1121 962 1182 illum
984 1123 1058 1183 diem
1076 1141 1112 1182 ox

11 1209 20 1286 'j
107 1224 203 1285 aequo
225 1216 362 1284 egerant,
383 1206 458 1267 datis
478 1205 628 1267 obsidibus
644 1207 714 1267 iram
736 1223 881 1286 posuere,
907 1215 936 1266 et
958 1206 1112 1283 praesidiis
1124 1220 1153 1262 te

12 1327 14 1351 ι
66 1286 70 1292 ’
109 1291 299 1369 castellisque
315 1290 526 1365 circumdatae,
542 1297 621 1350 tanta
636 1290 748 1350 ratione
765 1307 891 1368 curaque
908 1289 1031 1354 utnulla
1046 1299 1113 1352 ante

111 1373 272 1432 Britanniae
288 1391 362 1433 noua
380 1391 450 1453 pars
462 1372 585 1450 pariter
599 1372 758 1434 illacessita
777 1374 932 1434 transierit.

173 1457 221 1517 21.
243 1458 377 1534 Sequens
390 1456 482 1516 hiems
499 1456 694 1516 saluberrimis
711 1457 841 1519 consiliis
853 1456 1015 1534 absumpta.
1036 1473 1198 1520 nam-x,

109 1558 166 1619 que
194 1548 224 1599 ut
250 1539 381 1600 homines
406 1539 531 1617 dispersi
557 1557 592 1600 ac
617 1539 704 1600 rudes
730 1558 827 1620 eoque
849 1542 877 1600 in
904 1538 982 1600 bella
1010 1539 1114 1599 faciles

11 1683 13 1694 ,
108 1624 200 1702 quieti
220 1632 249 1683 et
265 1627 325 1684 otio
340 1641 395 1702 per
409 1623 573 1700 voluptates
595 1623 818 1700 adsuescerent,
843 1623 952 1685 hortari
970 1623 1114 1701 privatim,

108 1707 247 1768 adiuvare
262 1707 396 1788 publice,
412 1716 444 1767 ut
457 1707 565 1786 templa
581 1707 645 1768 lora
658 1707 759 1768 domos
774 1715 952 1783 extruerent,
970 1705 1113 1768 laudando

20 1855 21 1862 χ
107 1800 261 1872 promptos
285 1801 313 1852 et
335 1790 505 1869 castigando
527 1809 650 1870 segnes:
678 1793 716 1853 ita
737 1791 857 1852 honoris
884 1791 1038 1852 aemulatio
1060 1807 1141 1870 proc

106 1877 286 1938 necessitate
301 1885 372 1936 erat.
398 1877 453 1936 iam
466 1891 538 1936 vero
555 1875 716 1954 principum
731 1875 989 1937 liliosliberalibus
1005 1873 1113 1934 artibus

109 1959 240 2038 erudire,
265 1970 295 2020 et
310 1961 425 2038 ingenia
446 1957 647 2020 Britannorum
670 1957 772 2020 studiis
788 1958 935 2021 Gallorum
954 1957 1113 2032 anteferre,

13 2082 15 2091 ·
109 2051 139 2101 ut
154 2044 201 2121 qui
215 2045 301 2105 modo
317 2043 444 2123 linguam
457 2044 616 2105 Romanam
632 2042 812 2120 abnuebant,
831 2041 1027 2123 eloquentiam
1045 2059 1113 2100 con·

110 2129 304 2204 cupiscerent.
344 2128 411 2190 inde
435 2129 519 2189 etiam
546 2126 658 2188 habitus
684 2129 775 2188 nostri
801 2126 895 2187 bonor
922 2133 951 2186 et
973 2124 1114 2202 frequens

14 2231 19 2290 3
108 2221 188 2286 toga.
220 2212 411 2292 paulatimque
429 2212 588 2273 discessum
604 2210 639 2271 ad
658 2210 850 2271 delenimenta
869 2210 1020 2284 vitiorum,
1044 2225 1112 2286 por·
1124 2221 1153 2263 ro
1255 2245 1256 2254 r

11 2287 21 2362 l
111 2295 186 2352 ticus
209 2304 237 2354 et
252 2295 368 2356 balinea
384 2305 413 2357 et
429 2295 628 2357 conviviorum
645 2295 828 2372 elegantiam.
861 2294 948 2372 idque
965 2291 1041 2371 apud
1062 2293 1112 2350 irn-

11 2383 20 2458 Ἰ
108 2379 220 2456 peritos
238 2379 397 2441 humanitas
414 2379 588 2457 vocabatur,
607 2397 670 2440 cum
686 2396 754 2458 pars
769 2378 917 2438 servitutis
932 2385 1021 2436 esset.

16 2537 17 2544 ἵ
176 2460 225 2526 22.
260 2462 375 2523 Tertius
399 2463 616 2543 expeditionum
637 2481 726 2524 annus
752 2479 844 2524 novas
869 2461 966 2538 gentis
990 2459 1113 2538 apernit,

15 2563 19 2572 '
107 2546 226 2607 uastatis
247 2547 390 2624 usquead
408 2547 533 2608 Tanaum
556 2547 717 2626 (aestuario
736 2562 841 2606 nomen
856 2544 917 2621 est)
938 2542 1111 2602 nationibus.

108 2647 164 2709 qua
187 2629 339 2691 formidine
361 2631 452 2691 territi
477 2630 578 2691 hostes
600 2647 770 2709 quamquam
794 2629 989 2690 conflictatum
1015 2627 1112 2687 saeris

107 2713 327 2792 tempestatibus
343 2713 501 2774 exercitum
515 2714 665 2774 lacessere
681 2730 738 2773 non
754 2715 815 2774 ausi
824 2736 830 2783 ;
853 2711 1056 2792 ponendisque
1072 2709 1113 2770 iu·

11 2789 16 2830 't
107 2815 198 2876 super
213 2796 342 2858 castellis
358 2797 480 2879 spatium
494 2797 556 2858 luit.
587 2797 762 2858 adnotabant
784 2797 870 2875 periti
887 2795 1046 2857 uenalium
1061 2793 1137 2853 ‹tu-s

11 2875 13 2908 ³
107 2899 170 2942 cem
192 2883 426 2961 opportunitates
449 2881 581 2944 locorum
603 2881 761 2961 sapientius
785 2881 911 2957 legisse3
941 2878 1050 2940 nullum
1075 2877 1112 2937 ab

11 2967 14 2975 '
105 2965 249 3044 Agricola
271 2967 397 3046 positum
415 2965 565 3030 castellum
587 2973 635 3026 aut
656 2965 685 3024 ri
701 2963 827 3024 hostium
850 2971 1044 3042 expugnatum
1064 2969 1113 3021 aut

11 3045 17 3081 l
105 3049 243 3130 pactione
263 3069 297 3111 ac
311 3051 379 3129 luga
396 3053 560 3130 desertum3
587 3067 650 3111 nam
672 3048 813 3110 aduersus
834 3065 930 3108 moras
954 3047 1117 3110 obsidionis

12 3123 20 3150 ⁴
106 3136 209 3194 annuis
226 3135 320 3213 copiis
337 3135 531 3195 firmabantur.
568 3136 607 3193 ita
629 3132 774 3213 intrepida
794 3132 834 3191 ibi
857 3131 967 3210 hiems,
989 3131 1114 3192 crebrae

13 3212 20 3251 l
106 3220 280 3298 eruptiones
298 3226 328 3278 et
344 3219 400 3279 sibi
416 3219 540 3297 quisque
558 3216 723 3297 praesidio,
750 3215 840 3276 irritis
859 3214 1001 3292 ,hostibus
1014 3229 1110 3289 eoque
1121 3232 1145 3272 sc

11 3297 17 3339 ⁵⁷
105 3303 347 3382 desperantibus,
373 3304 438 3384 quia
459 3301 538 3362 soliti
560 3300 733 3380 plerumque
756 3298 858 3360 damna
880 3296 999 3356 aestatis
1014 3293 1110 3354 hiber-

11 3405 19 3424 l
106 3387 152 3448 nis
175 3389 325 3450 arentibus
347 3404 472 3469 pensare
496 3395 552 3446 tum
573 3391 683 3445 aestate
705 3391 791 3462 atque
811 3380 906 3440 hieme
925 3381 1002 3436 iuxta
1017 3372 1109 3454 pelle
