2540 3874
393 185 462 234 nm.
474 139 525 235 ιιι.
544 188 619 239 oar.
633 188 752 244 ιιι-ιιι.
1030 225 1031 232 1
1052 189 1093 252 99

91 339 227 401 cumfudit
241 357 332 420 eques
347 339 531 423 frontemque
546 345 660 424 pedites
684 346 832 417 invasere;
855 366 912 412 nec
933 364 1095 428 cunctatum

88 424 164 504 apud
185 423 287 485 latera.
317 423 432 503 paulam
454 445 554 490 morae
572 430 695 492 attulere
710 431 811 492 ferrati
832 437 1008 499 restantibus
1024 439 1094 501 lam·

88 509 170 569 minis
183 508 338 570 aduersum
352 508 412 588 pila
428 519 458 572 et
473 512 602 590 gladium
623 523 669 574 set
681 514 765 596 miles
782 520 926 598 correptis
938 523 1094 584 securibus

87 602 116 652 et
132 591 276 670 dolabris,
301 600 332 652 ut
353 592 377 654 si
399 613 510 656 murum
525 608 745 678 perrumperet,
768 601 893 663 caedere
915 607 1041 683 tegmina
1064 613 1094 668 el

86 693 227 755 eorpora;
252 675 366 755 quidam
381 678 512 741 trudibus
528 690 576 743 aut
590 683 681 744 furcis
697 684 818 744 inertem
836 687 943 749 molem
961 699 1092 768 proster-
1102 705 1127 747 rs

85 778 168 837 nere,
184 761 374 840 iacentesque
389 762 469 824 nullo
485 762 521 826 ad
535 767 748 844 resurgendum
766 769 828 828 nisu
845 772 928 850 quasi
944 775 1092 836 exanimes

13 889 14 906 2
83 842 296 923 linquebantur.
328 844 467 907 Sacrovir
482 849 575 928 primo
590 848 848 931 Augustodunum,
864 854 932 924 dein
947 866 1024 919 metu
1040 858 1091 919 de·

13 933 14 968 ³
83 929 199 990 ditionis
221 929 250 989 in
265 927 363 989 villam
377 932 568 1012 propinquam
584 952 648 994 cum
663 934 807 996 fidissimis
829 938 934 1017 pergit.
964 940 1024 1001 illio
1038 959 1090 1002 sna

82 1031 176 1089 manu,
191 1011 296 1090 reliqui
311 1013 415 1075 mutuis
429 1013 535 1076 ictibus
547 1017 700 1079 occidere:
717 1019 835 1081 incensa
848 1039 937 1101 super
948 1024 1018 1085 villa
1030 1041 1089 1085 onr-

82 1115 134 1158 nes
152 1096 301 1158 cremauit.
1098 1119 1125 1162 ro

128 1183 196 1243 tt.
215 1180 287 1241 'l'um
302 1181 414 1242 demum
428 1181 561 1245 Tiberius
582 1193 675 1248 ortum
691 1191 892 1268 patratumque
915 1189 1024 1252 bellum
1042 1211 1089 1253 se·
1187 1201 1189 1204 ’

81 1275 149 1327 netu
165 1265 297 1346 scripsit;
320 1278 416 1346 neque
440 1267 564 1346 dempsit
586 1278 634 1332 aut
654 1269 763 1332 addidit
782 1288 873 1350 vero,
898 1273 951 1336 sed
973 1274 1031 1336 lide
1055 1294 1091 1337 ac

80 1351 188 1411 virtute
210 1347 341 1428 legatos,
364 1367 399 1410 se
417 1351 548 1413 consiliis
570 1354 761 1433 superfuisse.
790 1356 875 1417 simul
893 1375 1013 1438 causas,
1038 1378 1090 1420 nur

82 1451 139 1495 non
153 1433 236 1513 ipse,
252 1451 310 1494 non
324 1431 437 1496 Drusus
454 1435 583 1515 profecti
598 1437 634 1498 ad
650 1437 678 1498 id
693 1437 803 1499 bellum
818 1440 930 1519 forent,
949 1441 1088 1520 adiunxit,

81 1517 304 1596 magnitudinem
319 1519 434 1599 imperii
449 1519 606 1598 extollens,
630 1539 726 1600 neque
742 1522 881 1586 decorum
897 1523 1112 1606 principibus,t

80 1604 105 1664 si
127 1619 183 1663 una
204 1601 335 1664 alterave
352 1603 455 1664 civitas
473 1603 590 1665 turbet*
602 1604 619 1641 *
632 1608 740 1666 omissa
752 1605 920 1683 urbe,unde
941 1609 970 1669 in
994 1609 1089 1670 omnia

80 1686 224 1765 regimen.
272 1705 348 1749 manc
377 1687 443 1766 qula
482 1705 540 1749 non
560 1696 637 1750 metu
658 1689 796 1768 ducatur,
814 1692 934 1769 iturum,
959 1701 991 1752 ut
1004 1711 1088 1772 prae·

79 1771 172 1830 sentia
196 1778 345 1850 spectaret
365 1780 623 1853 componeretqne.
653 1772 815 1836 decrevere
831 1784 931 1854 patres
949 1784 1018 1837 rota
1034 1794 1087 1856 pro

79 1855 174 1914 reditu
190 1855 252 1914 eius
268 1854 557 1937 supplicationesque
573 1866 602 1918 et
620 1857 678 1918 alia
688 1858 807 1921 decora.
836 1859 918 1921 solus
931 1858 1088 1922 Dolabella

81 1936 253 2016 Cornelius,
273 1938 337 1999 dum
352 1941 464 2001 anteire
481 1950 598 2002 ceteros
614 1950 712 2020 parat,
732 1941 886 2005 absurdam
899 1943 931 2004 in
946 1943 1085 2007 adulatio·
1097 1955 1122 1998 ιι

80 2041 145 2083 nem
156 2039 346 2102 progressus,
363 2026 475 2086 censuit
486 2033 517 2087 ιιι
529 2042 619 2086 orans
632 2043 648 2086 e
661 2023 818 2105 Campania
830 2026 931 2087 urbem
943 2026 1086 2088 introiret.

80 2108 167 2185 igitur
188 2115 309 2168 secutae
325 2105 461 2170 Caesaris
484 2108 604 2186 literae,
626 2108 729 2189 quibus
752 2128 787 2171 se
808 2115 945 2172 non'tam
965 2129 1086 2172 vacuum

79 2191 174 2278 gloria
189 2190 395 2271 praedicabat,
418 2201 449 2253 ut
466 2203 533 2274 post
551 2193 749 2255 ferocissimas
771 2195 879 2272 gentes
895 2193 1086 2272 perdomitas,

79 2284 122 2336 tot
136 2283 277 2355 receptos
293 2275 323 2337 in
336 2277 452 2338 iuventa
467 2286 515 2339 aut
528 2286 647 2357 spretos
662 2277 833 2357 triumphos,
850 2277 906 2338 iam
920 2277 1021 2339 senior
1034 2296 1086 2358 pe·

80 2360 283 2438 reqrinationis
298 2359 483 2422 suburbanae
498 2361 583 2423 inane
597 2360 756 2441 praemium
770 2369 897 2441 peteret.
974 2429 977 2434 ¹
1096 2372 1122 2415 ιι
1168 2439 1174 2448 Α

136 2443 188 2506 48.
214 2444 274 2506 Sub
290 2445 366 2508 idem
380 2454 510 2525 tempus,
533 2455 564 2506 ut
581 2462 660 2507 mors
682 2443 804 2525 Sulpicii
826 2444 939 2520 Quirini
960 2443 1086 2524 publicis

13 2545 15 2582 ι
79 2529 229 2610 exsequiis
249 2529 499 2610 frequentaretur,
520 2530 622 2610 petivit
641 2548 658 2590 a
677 2538 789 2590 senatu.
819 2528 890 2590 nibil
904 2528 941 2591 ad
956 2537 1086 2590 veterem

13 2591 15 2684 l
79 2622 109 2674 et
125 2613 274 2694 patritiam
290 2613 484 2693 Sulpiciorum
505 2613 641 2676 familiam
661 2612 808 2688 Quirinius
829 2613 983 2692 pertinuit,
1006 2621 1085 2674 ortas

13 2747 15 2796 ν
76 2697 156 2778 apud
171 2698 355 2777 municipium
369 2697 541 2759 Lanuvium:
563 2698 617 2760 sed
640 2697 765 2776 impiger
787 2697 905 2759 militiae
927 2705 956 2757 et
969 2695 1085 2758 acribus

13 2799 15 2824 ι
75 2782 244 2844 ministeriis
259 2782 439 2844 consulatum
454 2782 508 2842 sub
525 2782 592 2844 diro
602 2781 748 2860 Augusto,
765 2798 834 2842 mox
846 2781 1020 2860 expugnatis
1032 2791 1111 2862 pert

76 2865 210 2928 (illiciam
224 2865 485 2927 Homonadensium
507 2865 637 2928 castellis
654 2865 777 2943 insignia
793 2863 929 2942 triumphi
951 2863 1084 2944 adeptus,
1127 2927 1132 2938 ,

13 2983 14 3008 ;
75 2952 221 3029 datusque
242 2962 342 3012 rector
360 2949 430 3012 (laio
449 2948 569 3012 Caesari
590 2949 755 3010 Armeniam
777 2948 919 3028 optinendi
939 2945 1086 3009 'liberium

75 3053 197 3115 quoque
213 3033 308 3097 Rhodi
323 3043 458 3118 agentem
476 3034 616 3096 coluerat.
646 3033 723 3112 quod
745 3042 812 3094 tnnc
829 3030 970 3112 patefecit
989 3033 1019 3092 in
1039 3051 1085 3094 se·

74 3129 155 3197 natu,
173 3118 296 3180 laudatis
312 3119 388 3179 inse
405 3117 510 3180 officiis
526 3129 556 3180 et
570 3119 701 3180 incusato
714 3116 752 3177 bl.
765 3115 871 3192 Lollio,
888 3133 974 3194 quem
986 3126 1085 3180 auctu·

14 3234 18 3256 ε
73 3221 139 3264 rem
163 3200 235 3265 Gaio
253 3199 373 3264 Caesari
394 3202 543 3283 pravitatis
567 3211 597 3270 et
616 3201 826 3263 discordiarum
849 3200 1001 3278 arguebat.
1029 3199 1083 3261 sed
1096 3208 1120 3248 ιι

13 3263 18 3338 l
74 3288 188 3349 ceteris
209 3286 287 3350 baud
309 3287 385 3348 laeta
406 3288 546 3350 memoria
564 3285 675 3362 Quirini
691 3294 752 3345 erat
768 3284 805 3346 cb
824 3285 950 3359 intenta,
975 3291 1005 3342 ut
1024 3299 1084 3355 me·

75 3373 207 3449 morari,
227 3370 354 3453 lepidae
374 3371 507 3442 pericula
528 3369 732 3448 sordidamque
753 3377 784 3429 et
799 3373 1021 3448 praepotentem
1039 3380 1085 3423 se·

75 3465 200 3519 nectam.
704 3485 711 3500 '
739 3485 748 3558 2
773 3509 792 3566 ,.
820 3519 842 3579 ,τι
886 3489 967 3586 μὴ*
