2596 3872
201 187 264 250 320
500 198 995 247 couuunnunomuununuuuu

263 357 313 417 to.
338 351 419 414 Haud
439 353 529 415 miuus
551 363 685 434 prompte
705 353 736 414 h.
756 354 849 415 Vetus
870 371 1031 432 socrusque
1052 353 1114 412 eius
1129 353 1198 412 Sex-

203 441 241 499 tia
264 447 292 498 et
312 437 428 497 Pollitta
451 437 507 497 iulia
528 456 631 498 necem
651 437 785 516 subiere,
808 437 892 498 invisi
915 436 1039 517 principi
1061 446 1197 515 tamquam

205 523 328 584 uiuendo
358 520 569 601 exprobrarent
589 523 772 582 interiectum
794 539 861 582 esse
880 520 1043 582 Rubellium
1064 521 1198 597 Plautum,
1215 541 1218 547 ¹

204 623 343 684 generum
358 604 389 665 t.
405 606 532 667 Veteris.
562 605 614 666 sed
635 605 743 665 initium
763 604 945 684 detegendae
964 606 1103 666 saevitiae
1118 623 1198 685 prue-

147 691 264 769 „abuit
285 690 454 750 interversis
473 691 586 768 patroni
610 688 751 752 rebusad
772 688 964 750 accusandum
985 687 1200 766 transgrediens

203 775 378 835 Fortunatus
391 770 523 850 libertus,
539 772 650 834 adscito
668 771 787 834 Claudio
802 773 954 848 Demiano,
971 790 1055 851 quem
1071 772 1108 833 ob
1121 771 1200 850 flagi-

204 859 243 918 tiu
264 858 390 918 vinctum
411 873 428 917 u
449 857 561 918 Vetere
580 857 670 917 Asiae
699 875 752 935 pro
780 858 899 917 consule
921 857 1049 917 exsolvit
1068 855 1148 916 Nero
1173 858 1201 915 iu

204 942 361 1021 praemium
378 940 580 1000 accusationis.
610 941 689 1020 quod
706 941 753 1000 ubi
768 942 915 1020 cognitum
930 959 999 1018 reo,
1015 945 1108 1019 setpue
1123 949 1152 1000 et
1168 941 1200 1000 li-

204 1026 316 1084 bertum
337 1025 399 1103 pari
421 1033 501 1085 sorte
521 1027 672 1104 componi,
696 1024 866 1085 Formianos
882 1026 910 1084 iu
928 1042 1018 1102 egros
1035 1024 1201 1102 digreditur.

158 1109 265 1169 ‚millio
287 1127 351 1168 eum
373 1107 478 1167 milites
501 1108 615 1168 occulta
639 1108 768 1168 custodia
791 1109 976 1169 circumdant.
1013 1109 1112 1170 aderat
1133 1108 1201 1186 lilia,

205 1210 293 1271 super
314 1193 451 1270 ingruens
473 1193 633 1269 periculum
655 1193 746 1270 longo
768 1191 871 1253 dolore
886 1201 986 1269 utrox,
1009 1212 1047 1252 ex
1061 1211 1116 1272 quo
1137 1211 1202 1273 per·
1274 1203 1275 1210 ’

206 1293 342 1338 cussores
364 1275 457 1336 Plauti
485 1276 578 1336 mariti
604 1277 647 1337 sui
670 1276 799 1346 viderat;
826 1286 1032 1356 cruentamque
1059 1277 1202 1336 cervicem

206 1363 268 1421 elus
283 1360 416 1440 amplexa
431 1359 567 1422 servabat
582 1361 751 1438 sanguinem
768 1370 797 1432 et
812 1369 912 1420 vestes
926 1378 1095 1440 respersas,
1118 1361 1203 1420 vidua

205 1448 312 1524 inpexa
335 1444 413 1504 luctu
436 1445 571 1506 contiuuo
592 1463 648 1504 nec
667 1445 733 1505 ullis
754 1444 896 1506 elimentis
916 1445 970 1504 nisi
986 1463 1060 1523 quae
1081 1453 1202 1504 mortem
1259 1487 1260 1490 ,

171 1549 195 1588 us
207 1537 350 1589 arcerent.
379 1537 437 1588 tum
452 1528 585 1589 hortante
602 1538 685 1608 patre
695 1527 849 1606 Neapolim
865 1530 972 1609 pergit.
1002 1537 1032 1589 et
1045 1530 1111 1607 quie
1128 1528 1203 1588 aditu

204 1613 330 1673 Neronis
347 1611 569 1693 prohibebatur,
594 1631 733 1690 egressus
750 1612 904 1689 obsidens,
930 1613 1044 1672 audiret
1062 1613 1203 1672 insontem

203 1713 280 1756 neve
295 1697 462 1756 consulatus
477 1697 520 1754 sui
534 1695 677 1774 qnondam
694 1694 837 1774 collegam
850 1695 971 1756 dederet
985 1696 1099 1772 liberto,
1115 1695 1204 1756 modo
1251 1672 1256 1747 l

204 1773 335 1839 muliebri
351 1779 472 1857 eiulatu,
494 1778 647 1857 uliquaudo
668 1797 769 1840 sexum
786 1797 909 1857 egresse
924 1798 999 1840 voce
1014 1780 1127 1840 infensa
1147 1780 1205 1840 olu-

203 1863 336 1939 mitabat,
354 1862 454 1947 donec,
468 1863 608 1942 princeps
630 1861 795 1923 inmobilem
818 1882 851 1924 se
868 1863 1006 1942 precibus
1026 1873 1055 1923 et
1080 1863 1207 1924 invidiae
1252 1915 1257 1935 ,

116 1995 120 2002 .
170 1949 281 2010 ooiuxta
298 1945 433 2006 ostendit.
966 1989 970 1995 -

269 2033 318 2090 11.
345 2029 425 2106 Ergo
447 2031 556 2090 nuntiat
574 2031 648 2110 patri
669 2030 787 2091 abicere
809 2049 891 2109 spem
909 2030 992 2090 etuti
1013 2039 1206 2091 necessitate:

204 2112 285 2174 simul
307 2111 436 2173 adfertur
451 2113 546 2192 parari
563 2113 759 2190 coguitionem
772 2110 891 2172 ‘senatus
912 2122 941 2172 et
958 2121 1068 2172 trucem
1089 2123 1207 2174 senteu-

202 2199 279 2257 tiam.
309 2194 508 2264 necdeiuere
527 2199 574 2275 qui
598 2206 750 2257 monerent
769 2215 874 2273 magna
900 2213 938 2254 ex
960 2205 1043 2274 parte
1065 2194 1208 2257 heredem

205 2280 360 2342 Gaesarem
379 2297 547 2358 nuncupare
568 2288 655 2358 atque
675 2281 714 2341 ita
738 2279 894 2359 nepotibus
917 2279 953 2338 de
969 2279 1083 2358 reliquo
1100 2296 1209 2340 consu-

182 2365 276 2426 alere.
308 2364 385 2442 quod
408 2371 595 2442 aspernatus,
620 2383 657 2424 ue
678 2364 764 2424 vitum
780 2361 1096 2442 proxime'libertatem
1112 2372 1210 2423 actam

203 2449 362 2509 novissimo
383 2447 502 2506 servitio
523 2447 671 2524 foedaret,
697 2447 819 2526 largitur
841 2449 869 2506 in
888 2465 991 2507 servos
1007 2455 1143 2524 quantum
1159 2449 1210 2508 ad·

203 2540 266 2594 erat
287 2533 443 2610 pecuniae;
472 2540 501 2591 et
524 2531 548 2590 si
571 2549 626 2610 qua
648 2533 792 2610 asportari
814 2539 950 2610 possent,
980 2531 1035 2591 sibi
1060 2549 1212 2610 quemque

203 2614 361 2692 deducere,
379 2616 431 2675 tris
446 2614 532 2675 modo
548 2613 673 2676 lectulos
687 2615 723 2676 ad
737 2633 871 2694 supreme
884 2616 1004 2675 retiueri
1019 2613 1109 2674 iubet.
1139 2624 1213 2675 tunc

204 2699 308 2760 eodem
322 2700 352 2758 in
369 2697 522 2776 cubiculo,
544 2699 647 2759 eodem
666 2699 746 2760 ierro
762 2697 933 2761 abscindunt
948 2716 1053 2776 venas,
1070 2702 1212 2778 properi·

167 2801 258 2862 uoqum
282 2793 311 2842 et
332 2781 455 2858 singulis
477 2781 608 2842 vestibus
628 2783 664 2842 ad
684 2782 889 2844 verecundiam
910 2783 999 2843 veluti
1020 2782 1147 2842 balineis
1167 2784 1212 2842 in·
1268 2819 1271 2828 ‚

201 2867 342 2943 feruutur,
360 2873 445 2944 pater
459 2864 560 2942 liliam,
576 2867 640 2926 uvia
655 2876 787 2947 neptem,
802 2867 852 2926 illa
866 2875 1006 2945 utrosque
1022 2868 1155 2943 intuens,
1181 2875 1213 2924 et
1251 2891 1257 2953 ·,

203 2950 334 3011 certatim
354 2955 512 3029 precantes
534 2946 642 3009 labenti
660 2952 770 3010 animae
787 2951 914 3010 celerem
931 2951 1054 3026 exitum,
1071 2957 1104 3009 ut
1117 2949 1210 3008 relin—
1239 2957 1258 3012 χἐ

202 3041 326 3113 quereut
346 3048 416 3092 suos
438 3031 610 3110 superstites
626 3041 656 3094 et
671 3035 836 3093 morituros.
866 3033 1054 3110 servavitque
1072 3031 1205 3102 ortuem
1259 3033 1269 3102 l

201 3118 327 3196 fortuna,
343 3133 378 3178 ac
394 3117 526 3176 seniores
543 3117 633 3195 prius,
647 3124 706 3176 tum
721 3115 767 3175 cui
782 3117 873 3195 prima
890 3125 975 3176 aetas
988 3115 1206 3178 exarabuntur.

57 3237 60 3242 ι
167 3202 331 3263 ἰεαοοιιιαιί
349 3198 609 3280 post'sepulturam
630 3199 836 3280 decretumque
853 3209 883 3260 ut
902 3217 1009 3278 more,
1049 3199 1132 3250 ⁰1¹⁸st
1147 3203 1206 3270 pu*

202 3286 339 3346 mirentur.
371 3293 399 3342 at
418 3282 499 3344 Nero
520 3283 701 3360 intercessit,
725 3293 847 3348 mortem
871 3285 933 3345 sine
999 3269 1204 3348 1ιῖθΡθΝὶῑῐῑ·
1264 3354 1267 3363 ,

199 3375 277 3427 tens.
308 3385 343 3428 ea
360 3367 496 3428 caedibus
513 3369 640 3444 peractis
654 3367 776 3429 ludibria
790 3365 885 3428 adicio
926 3403 935 3428 2
963 3361 991 3442 ἢ
1262 3370 1270 3445 l

264 3450 314 3510 12.
341 3451 372 3510 P.
396 3450 494 3512 Gallus
517 3469 607 3529 eques
627 3451 786 3532 Romanus,
814 3437 889 3530 quos
903 3425 1010 3490 F²⁴³¹¹¹⁰
1027 3429 1104 3498 Rufo
1128 3443 1202 3508 inti·
1274 3499 1275 3502 ,
