2510 3864
491 189 566 237 cur.
584 187 714 242 12-1a
1033 176 1094 238 249

5 373 8 404 ι
98 341 236 402 maturius
250 341 470 413 intervenisses;
487 343 664 404 delectasset
680 343 755 402 enim
768 352 798 403 te
814 352 843 404 et
854 343 927 422 Apri
941 338 1032 402 nostri
1048 359 1097 404 ac·

99 424 295 486 curatissimns
310 445 422 506 sermo,
438 445 502 488 cum
513 427 677 488 Maternum
685 435 715 486 ut
726 444 810 487 omne
825 423 970 504 ingenium
991 434 1094 489 anstu-

97 507 174 567 dium
188 526 268 567 suum
284 510 319 570 ad
336 529 439 571 causas
455 510 584 589 agendas
603 518 790 570 converteret
805 509 973 570 exhortatus
989 518 1049 584 est,
1066 515 1133 571 etit
1222 527 1224 533 ·

98 591 219 652 Materni
246 609 299 670 pro
327 593 500 655 carminibus
526 594 586 653 suis
610 593 703 668 laeta,
731 603 821 672 utque
848 603 954 673 poetas
980 590 1097 652 defendi

96 673 236 752 decebat,
271 677 422 739 audentior
451 687 481 737 et
505 685 655 756 poetarum
687 694 769 753 quam
800 686 946 738 oratorum
977 675 1098 735 similior

7 795 14 830 ι,
95 758 212 817 oratic?

6 911 9 919 ,
149 841 210 903 ‘hle
225 844 312 902 vero'
328 843 421 921 inquit
438 839 506 921 Ἴθι]
529 858 626 902 sermo
644 843 701 902 iste
723 787 833 902 infinita
849 842 1001 921 voluptate
1019 842 1098 904 adfe-

8 963 12 1002 :
87 927 194 1002 uisset,
210 933 296 1002 atque
311 926 340 985 r'd
354 925 448 1003 ipsum
462 923 601 1002 delectat,
617 925 694 1004 quod
709 944 776 1002 vos,
792 927 847 986 viri
864 928 965 1004 optimi
982 933 1013 986 et
1027 935 1097 987 tem·
1111 945 1138 987 ra

3 1049 10 1092 ,
85 1025 190 1106 porum
215 1015 382 1068 nostrorum
409 1017 560 1085 oratores,
589 1027 648 1069 nou
672 1009 842 1070 forensibus
868 1019 976 1070 tantum
1004 1029 1096 1088 nego·

87 1091 135 1150 tiis
151 1099 182 1151 ct
196 1089 405 1153 declamatorio
425 1092 545 1152 studio'
536 1095 654 1171 ingenia
669 1101 769 1153 vestra
787 1097 952 1194 exercetis,
963 1093 1017 1155 sed
1032 1097 1096 1155 eius

1 1223 5 1262 ,
86 1175 162 1234 modi
187 1177 273 1236 etiam
294 1169 507 1255 disputationes
528 1176 694 1253 adsumitis,
717 1195 791 1255 quae
808 1180 862 1238 et
854 1179 1001 1255 rngenium
1018 1178 1098 1239 alunt

86 1269 117 1320 et
132 1259 304 1319 eruditionis
320 1278 354 1320 ac
368 1261 521 1321 literarum
530 1261 765 1322 iucundissimum
777 1261 1022 1322 oblectamentum
1034 1281 1096 1324 com

86 1343 183 1418 vobis,
202 1346 250 1420 qni
265 1345 322 1402 ista
336 1344 506 1422 disputetis,
523 1343 671 1421 adierunt,
690 1353 749 1404 tum
764 1347 851 1404 etiam
865 1345 901 1404 iis
919 1346 955 1405 ad
975 1362 1096 1421 quorum
1109 1363 1139 1405 ao

2 1425 4 1496 ζ
86 1443 172 1486 aures
190 1429 389 1504 pervenerint.
419 1429 517 1504 itaque
536 1427 639 1486 hercle
653 1445 711 1488 non
728 1429 820 1486 minus
836 1427 955 1502 probari
967 1427 1056 1487 video
1068 1430 1097 1487 in

1 1560 5 1586 ,
86 1519 133 1585 te,
161 1508 315 1584 Secunde,
342 1511 421 1589 quod
445 1509 498 1569 Iuli
521 1509 651 1570 Africani
676 1513 763 1571 vitam
785 1511 986 1588 componendo
1016 1529 1098 1588 spem

1 1594 4 1662 ζ
85 1593 352 1653 hominihuslecisti
360 1594 484 1672 plurium
492 1593 1098 1672 ciusmodilibrorum,quamimprohatiin

87 1675 186 1755 Apro,
206 1677 284 1756 quod
299 1678 424 1738 noudum
441 1678 477 1738 ab
493 1677 677 1739 scholasticis
695 1680 908 1739 controversiis
925 1679 1052 1738 recessit
1068 1686 1098 1737 et

85 1765 174 1822 otium
190 1779 271 1822 suurn
293 1763 401 1823 mavolt
422 1780 565 1823 novorum
585 1762 736 1824 rhetorum
757 1781 839 1822 more
861 1779 946 1839 quam
966 1769 1138 1824 veterumsa
1195 1759 1202 1773 ⁸

1 1890 2 1925 3
85 1854 233 1907 oratorum
250 1849 447 1908 consumere?

146 1928 195 1992 15.
218 1930 290 1990 'lum
304 1929 402 2009 Aper:
418 1936 489 1991 ‘non
506 1930 635 2009 desinis,
651 1929 805 2008 Messalla,
820 1939 924 1991 vetera
944 1939 1052 1989 tantum
1068 1938 1099 1990 et
1109 1971 1193 2048 Χ

84 2015 201 2090 antiqua
221 2015 336 2090 mirari,
358 2024 525 2075 nostrorum
546 2024 642 2074 autem
664 2023 828 2094 temporum
851 2013 945 2073 studia
967 2012 1098 2074 inridere

85 2105 172 2174 atque
187 2105 386 2157 contemnere.
424 2116 488 2158 nam
508 2098 583 2157 hunc
599 2108 677 2158 tuum
690 2115 856 2158 sermonem
872 2113 963 2174 saepe
980 2097 1097 2174 excepi,

85 2198 148 2240 curn
164 2180 272 2240 oblitus
288 2189 319 2240 ct
336 2189 402 2240 tuae
424 2189 455 2241 et
478 2183 577 2240 fratris
602 2184 643 2240 tui
665 2182 854 2259 eloquentiae
875 2181 1019 2240 neminem
1041 2178 1098 2239 hoo

1 2303 3 2336 ,
85 2272 372 2341 temporeoratorem
385 2283 453 2325 esse
465 2263 661 2325 contenderes
666 2283 774 2341 parem
786 2265 922 2341 antiquis,
935 2280 984 2338 eo,
997 2262 1098 2340 credo,
1111 2281 1128 2324 a

1 2387 2 2392 κ
85 2348 235 2426 audacius,
262 2348 340 2427 quod
360 2349 547 2426 malignitatis
572 2349 740 2426 opinionem
763 2365 823 2406 non
839 2347 1009 2422 verebaris,
1035 2365 1099 2406 cum

85 2449 148 2492 eam
163 2432 301 2509 gloriam,
326 2451 410 2510 quam
428 2433 481 2493 tihi
497 2432 547 2492 alii
560 2432 739 2508 concedunt,
761 2434 827 2510 ipse
842 2429 895 2490 tibi
911 2431 1085 2506 denegares
1088 2434 1099 2464 ’

148 2515 264 2594 ‘Neque
287 2517 378 2577 illius’
406 2518 499 2595 inquit
527 2517 684 2576 ‘sermonis
712 2517 770 2575 mei
798 2515 1003 2592 paenitentiam
1030 2531 1098 2591 ago,

84 2619 180 2679 neque
196 2609 245 2660 aut
259 2600 429 2661 Secumdum
444 2610 492 2661 aut
503 2599 665 2660 Maternum
676 2608 724 2660 aut
737 2608 767 2660 te
779 2600 885 2676 ipsum,
900 2599 991 2675 Aper,
1004 2614 1099 2675 quam·

84 2703 168 2762 quam
184 2685 352 2745 interdum'
343 2703 373 2743 rn
388 2667 565 2746 contrarium
582 2684 731 2762 disputes,
756 2683 842 2743 aliter
863 2683 974 2742 sentire
998 2679 1097 2741 credo.
1112 2697 1139 2738 so

84 2787 118 2829 ac
131 2769 219 2829 velim
235 2770 420 2847 impetratum
443 2769 479 2829 ah
502 2768 600 2848 aliquo
616 2776 744 2828 vestrum
767 2775 799 2826 ut
815 2783 917 2827 causas
932 2766 1016 2824 huius
1038 2764 1096 2824 ind

83 2855 161 2913 nitae
177 2853 362 2914 differentiae
377 2861 525 2914 scrutetur
546 2871 580 2913 ac
594 2851 715 2928 reddat,
733 2869 803 2929 quas
822 2868 936 2910 mecum
952 2852 1018 2927 ipse
1038 2848 1099 2927 ple-

83 2955 204 3015 rumque
217 2940 347 3016 inquiro.
370 2947 401 2997 et
424 2937 502 3016 quod
524 2935 694 3015 quibusdam
716 2935 829 2996 solacio
845 2943 910 3010 est,
927 2933 994 2994 mihi
1011 2941 1099 3008 auget

84 3023 301 3098 quaestionem,
318 3023 383 3100 quia
399 3022 486 3082 video
503 3023 589 3082 etiarn
606 3019 700 3081 Graiis
716 3017 858 3080 accidisse
874 3027 906 3077 ut
917 3019 1034 3093 longius
1047 3016 1096 3074 ab·

85 3105 123 3162 sit
140 3107 178 3166 ab
197 3104 346 3165 Aeschine
361 3113 391 3163 et
406 3104 606 3165 Demosthene
622 3104 766 3164 Sacerdos
787 3102 838 3162 ille
854 3101 995 3177 Nicetes,
1018 3108 1048 3160 et
1070 3099 1095 3157 si
1108 3110 1136 3154 aa

85 3189 151 3264 quis
166 3187 239 3246 alius
251 3185 399 3265 Ephesum
414 3189 462 3248 vel
477 3187 632 3268 Mytilenas
648 3195 793 3260 concentu
807 3184 1050 3246 scholasticorum
1066 3191 1097 3241 et

84 3269 259 3331 clamoribus
281 3273 392 3350 quatit,
417 3290 501 3350 quam
517 3263 592 3332 hier
615 3281 663 3332 aut
685 3255 838 3330 Africanus
863 3277 910 3328 aut
929 3283 984 3326 vos
1008 3265 1097 3344 ipsia

86 3353 232 3416 Cicerone
248 3364 296 3415 aut
311 3355 417 3416 Asinio
434 3357 626 3422 recessistis?

171 3437 218 3502 16.
242 3438 399 3520 ‘liugnam'
416 3442 510 3523 inquit
527 3439 677 3502 Secundus
696 3442 739 3498 et
754 3437 869 3516 dignam
880 3441 1002 3496 tractatu
1010 3446 1098 3505 quae
