2570 3878
172 157 231 220 tto
418 167 918 240 coannnrrrncrmnrvuumuu

170 323 368 405 exprobravit.
392 333 421 385 et
436 323 507 385 Gaio
525 322 659 403 Caesari,
684 323 761 384 iorte
777 331 842 385 orto
860 340 996 399 sermone
1013 323 1046 384 h.
1061 321 1169 398 Sullam
1267 343 1268 368 ³

134 427 161 474 ’.ι
171 409 320 488 inridenti,
346 410 441 470 omnia
456 409 556 470 Sullae
571 410 640 469 vitia
657 417 687 469 et
703 408 810 469 nullam
831 408 961 468 eiusdem
974 409 1109 468 virtutem
1121 407 1167 467 ba·

169 494 292 555 biturum
313 493 466 574 praedixit.
499 492 583 553 simul
604 492 716 553 crebris
742 509 805 552 cum
827 491 953 553 lacrimis
974 493 1113 553 minorem
1133 507 1170 550 ex

168 577 324 697 nepotibus
342 577 515 658 conplexus,
531 577 604 637 truci
619 577 739 637 alterius
753 576 850 652 vultu,
871 576 882 610 ι
891 576 1011 636 occides
1033 575 1109 637 hunc
1123 577 1169 635 tu’
1259 643 1269 660 Η

168 663 260 744 inquit
281 667 330 723 ‘et
348 670 378 722 te
402 661 498 722 alius!
527 660 580 722 sed
594 668 789 738 gravescente
806 659 971 720 valetudine
993 659 1063 720 nihil
1078 679 1094 720 e
1108 659 1170 720 bbi·
1268 661 1269 700 3

170 747 284 809 dinibus
299 745 461 822 omittebat,
480 747 512 805 in
528 746 668 825 patientia
682 743 881 805 firmitudinem
896 745 1034 805 simulans
1056 745 1170 804 solitus·
1268 771 1269 778 ι

133 851 226 912 coque
244 831 363 892 eludere
378 829 555 892 medicorum
569 837 647 889 artes
662 838 749 908 atque
765 844 834 928 eos,
852 829 901 907 qui
915 837 983 907 post
998 829 1169 890 tricesimum

170 917 273 976 aetatis
293 932 395 975 annum
415 911 452 975 ad
471 911 695 974 internoscenda
714 913 833 992 corpori
859 928 913 971 suo
929 911 1008 972 utilia
1024 912 1072 973 vel
1086 912 1170 973 noxia
1269 932 1270 970 3

169 1000 257 1060 alieni
273 998 387 1059 consilii
401 997 575 1074 indigerent

229 1081 283 1145 47.
303 1081 421 1143 lnterim
435 1081 546 1142 Romae
563 1080 665 1141 inturis
683 1080 770 1141 etiam
786 1090 854 1160 post
871 1080 1018 1141 'liberium
1034 1079 1173 1141 caedibus

170 1167 279 1227 semina
292 1165 481 1226 iaciebantur.
509 1164 625 1224 Laelius
638 1163 746 1224 Balbus
758 1163 900 1242 Acutiam,
915 1163 947 1224 Ρ.
960 1163 1071 1226 Vitellii
1084 1182 1173 1245 quom

170 1251 234 1312 dam
248 1267 379 1328 uxorem,
394 1249 552 1310 maiestatis
568 1247 783 1327 postulaverat;
801 1265 856 1328 qua
866 1249 999 1310 damnata
1011 1265 1076 1310 cum
1090 1263 1174 1328 prae-
1270 1273 1271 1276 ¹

169 1336 254 1396 mium
276 1334 442 1394 accusatori
464 1331 687 1410 decerneretur,
707 1331 804 1393 lunius
825 1330 901 1395 Otho
923 1333 1052 1394 tribunus
1076 1331 1175 1412 plebei

142 1417 352 1497 cintercessit,
375 1415 451 1478 uude
468 1416 527 1478 illis
544 1415 628 1493 odia,
651 1433 720 1477 mox
737 1415 842 1478 Othoni
858 1417 985 1478 exitium.
1017 1415 1085 1478 dein
1105 1415 1174 1476 mul·

168 1514 263 1565 torum
279 1500 426 1564 amoribus
440 1501 553 1562 famosa
566 1499 731 1578 Albucilla,
756 1502 803 1560 cui
815 1502 1024 1562 matrimonium
1043 1519 1108 1561 cum
1124 1501 1176 1560 Sa·

168 1590 225 1649 trio
243 1586 379 1648 Secundo
402 1585 608 1647 coniurationis
628 1584 725 1646 indice
743 1584 854 1662 luerat,
877 1584 1005 1646 defertur
1027 1585 1175 1664 inpietatis
1271 1615 1272 1640 ι

168 1675 197 1732 ιι
213 1671 392 1752 principem
418 1668 644 1730 conectebantur
666 1677 697 1729 ut
717 1669 828 1728 conscii
847 1677 877 1729 et
898 1668 1021 1730 adulteri
1041 1670 1107 1730 eius
1123 1666 1176 1731 Gn.
1271 1649 1272 1672 ³

168 1754 326 1832 Domitius,
348 1751 452 1816 Vibius
472 1753 603 1830 hlarsus,
623 1751 655 1812 h.
676 1751 839 1813 Arruntius.
869 1752 905 1813 de
925 1752 1098 1814 claritudine
1117 1752 1175 1813 Do·

134 1841 238 1900 .omitii
261 1855 350 1917 supra
370 1838 543 1906 memoravi;
566 1836 680 1897 Marsus
699 1853 815 1916 quoque
831 1838 953 1896 vetustis
968 1835 1132 1897 honoribus
1148 1843 1177 1896 et

169 1923 299 1984 inlustris
319 1921 421 1981 studiis
445 1929 517 1981 erat.
556 1920 613 1981 sed
630 1921 745 1980 testium
765 1920 1003 1998 interrogationi,
1024 1921 1176 1982 tormentis
1272 1932 1273 1994 ι

170 2023 322 2070 servorum
348 2004 516 2066 hlacronem
541 2003 728 2085 praesedisse
757 2005 952 2065 commentarii
980 2004 1016 2064 ad
1045 2014 1175 2066 senatum

169 2091 249 2152 missi
263 2088 411 2167 ferebant,
432 2088 587 2167 nullaeque
608 2088 639 2147 in
655 2105 707 2148 eos
722 2089 905 2168 imperatoris
920 2087 1022 2150 literae
1034 2089 1176 2168 suspicio·

170 2194 235 2236 nem
257 2172 378 2249 dabant,
398 2171 526 2233 invalido
549 2189 584 2233 aa
604 2172 733 2232 tortasse
755 2174 858 2249 ignaro
882 2173 950 2232 licta
970 2172 1114 2254 pleraque
1138 2170 1176 2231 ob

135 2275 160 2318 ιι
171 2259 332 2320 inimicitias
347 2257 493 2319 Macronis
507 2265 591 2317 notas
605 2259 634 2316 in
647 2255 822 2316 Arruntium.

231 2333 284 2402 48.
309 2341 401 2420 lgitur
418 2340 560 2401 Domitius
582 2339 782 2401 defensionem
798 2338 958 2417 meditans,
975 2340 1090 2401 hlarsus
1106 2347 1176 2398 tam·

169 2445 253 2509 quem
279 2425 403 2486 inediam
433 2425 655 2501 destinavisset,
683 2423 849 2503 produxere
880 2384 980 2484 vitarh:
1011 2421 1177 2499 Arruntius,

170 2511 383 2572 cunctationem
405 2517 434 2568 et
453 2526 552 2568 moras
573 2507 758 2568 suadentibus
779 2508 894 2586 amicis,
918 2525 976 2568 non
990 2506 1094 2567 eadem
1116 2523 1176 2566 om·

169 2596 253 2656 nibus
269 2593 379 2655 decora
394 2592 561 2673 respondit:
578 2591 634 2652 sibi
648 2594 718 2652 satis
735 2593 854 2670 aetatis,
873 2610 969 2672 neque
984 2590 1061 2652 aliud
1077 2589 1176 2672 paeni·

145 2677 286 2741 ciendum
306 2695 391 2757 quam
412 2676 490 2756 quod
510 2678 586 2737 inter
605 2675 728 2737 ludibria
754 2686 784 2738 et
802 2677 934 2757 pericula
955 2677 1069 2736 anxiam
1091 2691 1176 2734 sene-

170 2771 245 2824 ctam
257 2761 461 2838 toleravisset,
481 2760 530 2821 diu
545 2759 669 2839 Seiano,
692 2778 768 2820 nunc
781 2761 929 2838 hlacroni,
951 2777 1070 2859 semper
1089 2758 1176 2820 alicui

61 2881 71 2904 .
169 2848 329 2928 potentium
350 2845 475 2922 invisus,
499 2861 557 2904 nou
577 2844 685 2946 culpa,
701 2843 753 2904 sed
775 2854 813 2904 ut
826 2806 1001 2922 ilagitidrum'
1021 2844 1175 2924 inpatiens.

169 2949 240 2991 sane
256 2946 367 3009 paucos
386 2929 422 2989 ad
436 2945 569 3007 suprema
592 2929 1024 3009 principisdiespossevitari.
1041 2913 1173 3006 quemad

169 3015 283 3075 modum
303 3031 454 3075 evasumm
481 3012 653 3073 imminentis
676 3011 842 3073 iuventam?
872 3031 921 3089 an,
954 3029 1018 3071 cum
1043 3009 1176 3071 'liberius

136 3106 241 3180 ropost
260 3107 368 3159 tantam
389 3115 486 3158 rerum
511 3097 719 3177 experientiam
747 3098 775 3156 vi
797 3095 997 3157 dominationis
1019 3094 1177 3157 convulsas

170 3193 200 3244 et
220 3191 343 3242 mutatus
366 3182 417 3259 sit,
441 3180 540 3242 Gaium
558 3180 714 3242 Gaesarem
726 3182 776 3250 ιιι
791 3181 869 3242 linita
884 3180 1023 3261 pueritia,
1045 3179 1178 3256 ignarum

172 3268 295 3327 omnium
316 3273 362 3326 aut
367 3266 517 3409 pessimis
537 3265 718 3342 innutritum,
744 3264 918 3325 melioraca
885 3263 1098 3408 pffissitprumpl
1118 3261 1178 3322 hla-

172 3367 263 3410 crone
285 3345 381 3409 duce?
390 3352 452 3437 qui
474 3359 504 3409 ut
523 3349 653 3410 deterior
676 3348 712 3410 ad
733 3350 887 3429 opprimen
970 3347 1106 3408 Seianum
1128 3343 1179 3404 de

172 3432 265 3492 lectus
284 3426 395 3513 plura
387 3450 440 3513 per
462 3433 576 3494 scelera
597 3452 657 3494 rem
677 3432 821 3514 publicam
844 3431 1080 3494 conflictavisset.
1109 3445 1179 3511 pro·
