2540 3874
162 219 208 278 ’Μ
437 227 605 276 conatuum
621 225 937 275 nac1r1nnurnn1nnn

166 383 362 458 conscientia,
385 391 430 443 est
446 379 582 442 Caesaris
604 380 703 456 iaror,
726 380 827 441 sedin
849 378 982 448 occulto;
1004 387 1034 437 et
1054 378 1172 457 perisse

168 468 369 529 Germanicum
384 465 453 526 nulli
468 466 621 526 iactantius
635 474 765 525 maerent
788 481 870 542 quam
892 463 942 542 qui
964 463 1086 521 maxime
1108 462 1170 522 lae·

167 557 291 613 tantur.’

229 636 279 697 78.
301 634 383 696 llaud
400 651 503 712 magna
518 633 595 694 mole
610 633 690 708 Piso,
707 639 858 710 promptos
872 629 1037 704 ferocibus,
1059 630 1087 688 iu
1103 645 1171 688 sen-

167 721 283 780 tentiam
299 719 419 780 trahitur
432 718 585 796 missisque
600 717 636 778 ad
651 713 795 776 'liberium
817 713 949 794 epistulis
970 716 1082 774 incusat
1099 712 1170 772 Ger·

168 806 308 864 manicum
324 803 408 863 luxus
425 811 454 862 et
469 798 640 880 superbiae;
658 818 749 879 seque
766 799 897 877 pulsum,
922 805 955 858 ut
975 796 1058 858 locus
1079 796 1170 857 rebus

167 889 251 948 noris
267 887 432 966 patefieret,
450 903 547 946 curam
562 887 709 945 exercitus
724 885 825 945 eadem
841 883 896 942 lide
915 899 972 961 qua
987 881 1112 942 terruerit
1123 897 1169 940 rc-

139 972 318 1051 spetirisse.
355 970 436 1029 simul
460 967 614 1029 Domitium
635 970 789 1047 inpositum
810 967 919 1027 triremi
941 964 1034 1026 vitare
1054 964 1172 1024 litorum

168 1054 439 1133 orampraeterque
458 1054 566 1115 insulas
589 1054 647 1114 lato
663 1053 733 1112 mari
754 1069 882 1130 pergere
903 1052 931 1110 in
948 1051 1059 1112 Suriam
1079 1048 1171 1109 iubet.

168 1147 376 1199 concurrentes
391 1139 558 1199 desertores
575 1155 629 1216 per
643 1135 804 1214 manipulos
821 1135 974 1214 conponit,
991 1141 1082 1194 armat
1095 1133 1171 1193 lixas

167 1223 355 1301 traiectisque
377 1224 405 1282 in
421 1223 613 1282 continentem
629 1220 750 1280 navibus
770 1219 908 1280 vexillum
928 1220 1052 1278 tironum
1072 1218 1100 1276 in
1117 1218 1171 1278 Sn-

166 1309 237 1367 riam
254 1307 378 1367 euntium
396 1306 559 1383 intercipit,
576 1305 687 1383 regulis
704 1301 826 1364 Cilicum
846 1311 877 1362 ut
899 1321 932 1362 se
956 1303 1069 1364 auxiliis
1091 1303 1171 1362 iuva·

129 1398 231 1454 rorent
251 1389 369 1466 scribit,
390 1388 465 1451 baud
485 1391 590 1467 ignavo
607 1388 643 1448 ad
657 1389 813 1449 ministeria
833 1386 905 1448 belli
926 1389 1030 1448 iuvene
1052 1384 1170 1464 Pisone,

167 1491 338 1554 quamquam
351 1473 564 1553 suscipiendum
576 1472 683 1532 bellum
699 1472 858 1532 abnuisset.

229 1559 279 1618 79.
301 1558 392 1636 Igitur
408 1575 486 1618 oram
500 1557 607 1633 Lyciae
625 1575 661 1616 ac
673 1556 859 1635 Pamphyliae
876 1555 1101 1636 praelegentes,
1118 1554 1172 1615 ob·

166 1644 220 1703 riis
242 1643 364 1702 navibus
386 1659 459 1720 quac
488 1641 677 1720 Agrippinam
701 1637 864 1716 vehebant,
896 1641 1039 1718 utrimque
1065 1638 1171 1700 infensi

165 1743 243 1786 arma
257 1725 350 1804 primo
366 1726 543 1804 expediere:
567 1725 633 1786 dein
655 1733 750 1785 mutua
772 1723 924 1784 formidine
946 1740 1004 1783 non
1025 1723 1099 1783 ultra
1113 1723 1172 1783 iur·

166 1811 243 1886 glum
259 1826 432 1887 processum
448 1818 508 1886 est,
530 1807 702 1889 Marsusque
719 1807 821 1868 Vibius
844 1799 982 1868 nuntiarit
998 1807 1095 1868 Pisoni
1109 1805 1171 1869 llo·
1256 1845 1257 1886 ᾗ

141 1911 237 1953 smam
253 1892 288 1952 ad
305 1888 455 1954 dicendam
470 1909 585 1954 causam
601 1895 722 1955 reniret.
754 1892 805 1953 ille
821 1890 943 1953 eludens
957 1889 1109 1971 respondit
1121 1892 1170 1952 ad·
1256 1887 1257 1904 ¹

164 1978 304 2053 futurum,
321 1973 369 2036 ubi
383 1986 518 2055 praetor,
536 1979 583 2054 qui
602 1977 639 2036 de
653 1975 805 2038 veneficiis
819 1984 992 2057 quaereret,
1013 1977 1066 2035 'reo
1082 1985 1172 2055 atque

165 2060 385 2120 accusatoribus
403 2061 479 2122 diem
498 2059 687 2140 prodixisset.
716 2060 828 2142 interim
846 2060 989 2121 Domitius
1005 2057 1171 2120 Laodiciam

164 2143 266 2204 urbem
283 2145 384 2206 Suriae
404 2145 554 2223 adpulsus,
570 2161 634 2204 oum
649 2145 769 2205 biberna
788 2154 890 2205 sextae
905 2145 1030 2222 legionis
1043 2153 1169 2224 peteret,
1255 2141 1256 2193 l

165 2228 243 2309 quod
262 2246 325 2289 earn
340 2231 464 2290 maxime
477 2229 562 2289 noris
578 2231 706 2290 consiliis
723 2227 854 2290 idoneam
867 2229 996 2306 rebatur,
1012 2245 1028 2288 a
1042 2228 1169 2289 Pacuvio

130 2312 265 2390 relegato
282 2314 477 2392 praevenitur.
509 2313 538 2373 id
554 2313 671 2374 Sentius
685 2312 783 2374 Pisoni
798 2331 853 2393 per
874 2311 974 2373 literas
993 2313 1087 2390 aperit
1108 2329 1170 2372 mo·

105 2431 108 2436 ·
165 2405 273 2474 netque
290 2414 326 2456 ne
346 2407 441 2459 castra
457 2398 687 2477 corruptoribus,
701 2414 737 2459 ne
751 2397 930 2477 provinciam
943 2394 1024 2457 bello
1036 2405 1168 2474 temptet.

165 2497 299 2558 quosque
315 2479 476 2542 Germanici
494 2499 641 2543 memores
655 2490 703 2542 aut
717 2483 839 2542 inimicis
855 2483 916 2541 eius
935 2481 1075 2542 adversos
1097 2495 1168 2556 cog·

163 2572 302 2640 noverat,
327 2565 485 2641 contrabit,
507 2566 731 2643 magnitudinem
754 2567 936 2646 imperatoris
959 2563 1112 2624 identidem
1126 2565 1170 2622 in·

163 2664 271 2724 gerens
288 2657 317 2707 et
328 2665 388 2708 rem
404 2647 548 2727 publicam
564 2651 650 2709 armis
669 2649 746 2730 peti;
764 2649 899 2728 ducitque
915 2649 1040 2709 validam
1057 2665 1171 2710 manum

128 2745 154 2787 at
164 2739 195 2790 et
210 2731 325 2809 proeli-o
341 2733 479 2810 paratam.
1253 2747 1254 2750 ’

225 2814 276 2876 80.
297 2809 363 2876 Nec
378 2815 463 2892 Piso,
482 2835 651 2895 quamquam
670 2827 776 2896 coepta
794 2835 880 2890 secus
895 2816 1055 2894 cadebant,
1072 2818 1172 2878 omisit

161 2899 301 2959 tutissima
318 2917 334 2960 e
350 2899 565 2978 praesentibus,
581 2901 634 2962 sed
651 2901 804 2962 castellum
819 2900 940 2961 Ciliciae
959 2903 1095 2961 munitum
1121 2901 1171 2962 ad·

161 2982 287 3059 modum,
305 2985 350 3043 coi
367 2979 808 3065 nomenCelenderis,occupat;
830 3002 895 3045 nam
918 2986 1052 3046 admixtis
1066 2985 1170 3048 deser·
1252 2999 1253 3036 ³

161 3065 273 3126 toribus
292 3076 321 3126 et
335 3069 428 3128 tirone
444 3085 537 3149 nuper
551 3069 716 3149 intercepto
738 3071 857 3149 suisque
880 3079 909 3130 et
929 3066 1084 3130 Plancinae
1107 3087 1174 3131 ser·

133 3166 148 3198 e
162 3151 238 3209 vitiis
254 3149 360 3210 auxilia
375 3149 509 3229 Gilicnm,
526 3170 600 3231 quas
616 3153 714 3231 reguli
728 3157 882 3232 miserant,
905 3155 934 3213 in
955 3168 1104 3214 numerum
1128 3154 1174 3214 le-

162 3234 257 3310 gionis
274 3245 487 3313 composuerat.
520 3235 716 3315 Caesarisque
731 3255 765 3297 se
780 3237 907 3316 legatum
922 3237 1084 3298 testabatur
1098 3254 1174 3318 pro·

159 3317 272 3394 vincia,
299 3335 383 3397 mam
409 3321 434 3379 is
458 3318 606 3398 dedisset,
632 3321 726 3382 areeri
747 3339 804 3382 non
828 3341 844 3382 a
865 3321 1031 3400 legionibus
1053 3321 1173 3400 (earum

157 3399 269 3476 quippe
290 3403 384 3461 accitu
404 3404 538 3480 venire),
556 3403 613 3468 sed
637 3423 653 3464 a
675 3405 777 3466 Sentio
799 3407 942 3484 priuatum
963 3405 1059 3466 odium
1084 3404 1175 3466 falsis

156 3481 324 3542 criminibus
338 3491 468 3563 tegente.
499 3488 694 3548 consisterent
708 3491 736 3548 in
752 3491 831 3569 acie,
848 3507 905 3550 non
926 3488 1094 3568 pugnaturis
1116 3490 1175 3548 rni-
