2510 3864
180 167 245 232 ate
425 177 544 226 sacrun
560 177 655 226 uren.
674 178 722 225 un
740 175 959 224 caeretanus

145 347 172 392 ιι
181 333 302 411 sordet,
329 334 377 412 qui
406 333 554 394 rhetorum
586 341 751 394 nostrorum
783 330 1008 392 commentarios
1041 329 1204 394 fastidiunt

182 417 347 500 {oderuutl‚
366 415 448 478 Calvi
469 417 615 477 mirantur.
656 434 732 496 quos
751 432 832 476 ruore
849 415 949 494 prisco
971 416 1049 493 apud
1065 415 1204 476 iudicem

179 501 345 564 inhalantes
362 518 420 562 non
439 499 587 562 auditores
606 509 783 580 sequuntur,
804 516 863 559 non
879 499 1007 580 populus
1028 499 1134 575 audit,
1152 501 1205 560 vix

180 585 306 665 denique
330 585 462 664 litigator
483 585 660 664 perpetitur:
701 583 776 645 adeo
797 585 899 644 maesti
928 592 959 644 et
980 582 1084 646 inculti
1117 584 1204 646 illan

180 688 290 749 rpsanr,
305 687 390 749 quarn
405 671 525 747 iactant,
541 669 692 730 sanitatem
708 686 766 730 non
778 667 912 729 lirmitete
927 668 981 728 sed
995 669 1111 729 ieiunio
1128 687 1204 729 con·

147 761 349 835 assequuntur.
392 770 482 833 porro
503 772 540 814 ne
555 754 583 813 iu
601 770 729 833 corpore
745 750 859 831 quidem
875 750 1072 812 valetudinem
1089 752 1205 812 medici
1243 753 1245 814 t

181 837 307 918 probant
326 855 402 919 quae
425 837 511 898 nimia
533 838 678 898 anxietate
705 835 862 912 contingitr
885 853 986 915 parurn
1004 844 1052 896 est
1071 854 1205 914 aegrum
1240 823 1245 900 l

181 940 240 983 uon
258 938 341 982 esse:
357 922 463 982 iortetn
478 929 507 982 et
524 921 631 982 laetum
649 930 678 981 et
693 919 821 982 alacrem
837 919 918 980 volo.
945 937 1041 996 prope
1057 919 1153 980 abest
1167 921 1205 980 ab

181 1006 357 1081 infirmitate,
368 1004 397 1064 in
410 1020 468 1081 quo
477 1003 538 1063 sela
547 1005 654 1065 sanitas
669 1003 809 1064 laudatur.
828 1018 883 1060 vos
893 1017 978 1072 vero,
987 1001 1052 1060 uiri
1062 1003 1203 1064 disertis·

183 1089 262 1165 simi,
276 1097 308 1148 ut
327 1089 466 1168 potestis,
481 1096 512 1147 ut
525 1087 636 1164 facitis,
653 1087 805 1149 inlustrate
820 1087 969 1150 saeculum
982 1095 1122 1148 nostrum
1136 1089 1201 1166 pul-

147 1185 174 1228 so
185 1172 328 1234 cherrima
343 1189 456 1250 genere
472 1169 596 1232 dicendi.
626 1187 691 1230 narn
707 1179 737 1230 et
754 1179 800 1249 te,
821 1170 976 1247 lllcssalla,
993 1171 1085 1231 video
1100 1172 1196 1233 laetis·

183 1257 255 1318 sima
270 1273 404 1335 quaeque
419 1255 600 1334 andquorum
614 1254 786 1332 imitantem,
804 1264 834 1315 et
849 1272 919 1332 vos,
935 1255 1072 1316 Materne
1094 1273 1123 1314 sc
1134 1254 1186 1312 Se·

184 1339 292 1419 cande,
318 1341 357 1400 ita
375 1339 509 1417 gravitati
536 1356 673 1400 sensuum
698 1338 824 1399 nitorem
846 1347 876 1398 et
901 1339 1008 1400 cultum
1038 1338 1178 1400 verborum

183 1425 326 1502 miscetis,
344 1441 379 1485 ea
394 1423 502 1485 electio
518 1423 710 1499 inventionis,
728 1424 753 1482 is
769 1422 843 1484 ordo
859 1441 971 1500 rerum,
984 1441 1040 1502 eu,
1057 1423 1184 1502 quodem

185 1525 273 1570 causa
299 1508 411 1587 poscit,
433 1507 565 1585 ubertas,
591 1525 643 1584 ea,
667 1507 802 1585 quotiens
827 1508 980 1587 permittit,
1001 1505 1155 1583 brevitas,
1168 1506 1189 1564 is

150 1606 177 1648 se
187 1591 408 1670 compositionis
423 1589 530 1668 decor,
546 1609 580 1650 ea
598 1593 806 1652 sententiarum
820 1590 944 1670 planitas
960 1599 1020 1666 est,
1035 1593 1082 1672 sic
1099 1592 1191 1670 expri-

185 1677 261 1736 mitis
278 1674 428 1750 adiectus,
451 1675 494 1735 sic
517 1674 681 1736 libertatern
698 1676 883 1754 temperatis,
906 1684 937 1735 ut
951 1675 1038 1735 etiam
1052 1675 1077 1733 si
1096 1683 1195 1735 nostre

185 1759 289 1821 iudicia
308 1758 472 1835 malignitas
495 1767 526 1818 et
546 1757 653 1824 invidia
675 1757 847 1837 tardaverit,
873 1757 1024 1820 verende
1043 1756 1138 1818 vohis
1158 1758 1197 1818 di·

187 1841 260 1905 cturi
276 1844 332 1903 sint
347 1844 459 1920 posteri
473 1843 588 1902 nostri!

249 1925 301 1987 24.
325 1925 407 2001 Quae
426 1944 487 1986 cum
504 1925 586 2006 Aper
600 1925 739 2004 dixisset,
756 1925 1009 2004 ‘adgnoscitisne’
1025 1927 1123 2006 inquit
1136 1927 1199 1988 lla·

186 2018 285 2071 ternus
301 2011 378 2069 ‘vim
398 2019 428 2070 et
444 2009 577 2070 ardorem
593 2009 667 2087 Apri
682 2009 796 2070 nostri?
828 2027 885 2089 quo
904 2018 1052 2088 torrente,
1068 2026 1129 2088 quo
1145 2013 1197 2071 im·

185 2102 255 2173 petu
270 2093 418 2155 saeculum
435 2103 564 2155 nostrum
579 2093 721 2156 defendit!
750 2111 834 2173 ιιιιιιιιι
852 2094 975 2173 copiose
993 2111 1029 2154 ac
1045 2095 1130 2154 varie
1144 2113 1198 2155 ve·

186 2178 266 2238 xavit
286 2179 437 2257 antiquos!
469 2187 576 2256 quanto
598 2193 656 2237 non
686 2177 779 2238 sulurn
802 2178 919 2255 ingenio
942 2195 978 2238 ac
998 2177 1118 2256 spiritu,
1142 2177 1200 2238 sed

161 2261 272 2320 tetiam
291 2261 452 2322 eruditione
470 2270 499 2321 et
513 2271 576 2322 arte
595 2259 631 2325 ab
653 2261 726 2340 ipsis
740 2269 883 2322 mutuatus
902 2269 947 2322 est
963 2279 1017 2340 per
1031 2278 1110 2339 quae
1127 2279 1196 2322 rnor

186 2345 268 2423 ipsos
289 2345 467 2406 incesseret!
500 2355 576 2406 tuum
599 2353 711 2423 tamen,
730 2345 883 2423 Messalla,
904 2345 1080 2425 promissum
1095 2345 1194 2406 immu-

186 2437 265 2487 tasse
289 2445 348 2490 nou
369 2427 465 2489 debet.
492 2428 677 2506 nequeenim
698 2429 884 2490 defensorem
901 2428 1082 2508 antiquorum
1099 2431 1192 2507 exigi·
1242 2485 1243 2488 ,

186 2528 267 2586 mus,
290 2529 347 2571 nec
370 2529 541 2591 quemquern
560 2520 706 2591 nostrum,
727 2531 896 2592 quamquam
918 2512 1006 2574 modo
1022 2511 1133 2574 laudati
1148 2532 1188 2572 su·

186 2611 264 2672 rnus,
288 2595 324 2655 iis
345 2613 420 2675 quoe
439 2598 597 2656 insectatus
620 2605 665 2656 est
680 2597 762 2677 Aper
778 2615 989 2674 comparamus.
1025 2614 1061 2656 ac
1075 2615 1115 2657 ne
1129 2598 1185 2677 ipse

153 2692 180 2736 ro
189 2677 303 2757 quidem
323 2681 362 2738 ita
382 2681 485 2757 sentit,
510 2678 562 2738 sed
583 2696 665 2740 nore
689 2687 791 2740 vetere
804 2687 836 2738 et
852 2682 988 2740 anostris
1007 2679 1186 2762 philosoplis

188 2777 279 2840 saepe
292 2760 442 2824 celebrato
460 2764 581 2842 sumpsit
595 2762 651 2824 sibi
663 2771 766 2824 contra
780 2763 895 2825 dicendi
906 2773 1015 2844 partes.
1042 2764 1133 2842 igitur
1143 2783 1189 2824 ex·

187 2863 291 2925 prome
310 2844 395 2906 nobis
416 2865 474 2908 non
495 2845 687 2908 laudationem
709 2848 891 2928 antiquorum
913 2849 999 2930 (satis
1026 2850 1101 2908 eninr
1124 2849 1191 2908 illos

161 2960 164 2966 ·
187 2929 263 2990 ianra
285 2928 477 3011 sualaudat),
503 2931 554 2992 sed
573 2948 676 2992 causas
697 2949 748 2992 cur
770 2940 879 2993 tantum
901 2930 937 2993 ah
958 2931 1124 3012 eloquentia
1140 2948 1191 2991 eo·

188 3031 249 3073 rurn
269 3015 498 3092 recesserimus,
520 3032 584 3075 cum
601 3015 773 3092 pracsertim
796 3025 909 3078 centum
930 3025 960 3077 et
980 3015 1083 3092 viginti
1099 3033 1193 3076 annos

154 3111 179 3152 ιι
188 3096 225 3238 pb
241 3097 356 3239 intppitn
371 3096 522 3158 Ciceronis
538 3100 566 3158 in
580 3097 656 3158 hunc
672 3099 748 3158 diem
769 3100 847 3161 ellici
860 3101 935 3162 ratio
950 3110 1113 3180 temporum
1130 3100 1192 3160 col·

201 3197 282 3256 egen
297 3225 304 3238 .

252 3262 302 3322 25.
325 3263 396 3324 'lum
413 3265 567 3326 llessclla:
584 3266 708 3344 ‘sequar
724 3268 936 3346 praescriptam
953 3287 971 3330 a
988 3277 1031 3346 te,
1046 3267 1188 3346 listerus,

184 3342 325 3414 lennem,
339 3364 434 3426 neque
450 3349 524 3408 enirn
541 3348 587 3407 diu
607 3358 707 3410 conns
725 3349 877 3412 dicendum
892 3360 937 3412 est
953 3351 1051 3431 Apro,
1068 3352 1117 3430 qui
1133 3355 1188 3430 pri·

189 3440 279 3502 nrum,
308 3438 339 3488 ut
363 3431 483 3509 opinor,
513 3432 633 3492 nominis
665 3435 894 3496 controversiam
914 3437 1017 3512 movit,
1046 3443 1187 3513 tamquam
