2510 3864
487 190 561 239 car.
578 189 705 265 18—21.
1039 178 1100 240 253

1 385 4 388 -
95 351 175 428 gatis
189 349 245 408 iam
261 345 406 422 omnibns,
427 363 491 406 oum
504 346 553 404 uix
569 346 597 404 in
613 345 723 405 eortina
738 344 887 423 quisquam
899 343 1018 404 adsistat
1032 346 1135 424 quinas

0 463 1 468 ι
97 432 249 494 elementis
272 431 446 507 studiorum,
470 430 525 492 etsi
546 445 604 488 non
624 429 797 506 instructus,
821 437 850 488 at
873 437 955 489 oerte
978 428 1100 488 imbutus

97 519 153 595 sit,
177 517 262 577 novis
280 523 310 575 et
330 474 482 594 exquisltis
503 513 690 614 eloquentiae
710 512 860 574 itineribus
877 529 951 592 opus
964 521 1025 590 est,
1048 531 1101 592 per

0 621 10 644 ι
97 619 174 681 qnae
197 609 296 661 orator
311 599 455 660 fastidium
465 599 584 659 aurium
601 596 735 674 effugiat,
753 596 851 676 utique
867 595 942 676 apud
963 613 1016 657 eos
1030 596 1100 657 iudi·

0 717 1 738 ι
97 703 165 762 ees,
191 686 238 763 qni
261 685 289 743 vi
309 693 339 744 et
358 691 519 764 potestate,
541 699 598 742 non
619 682 682 741 iure
703 688 750 740 aut
772 679 889 757 legibus
908 685 1100 758 cognoscunt,
1196 691 1198 703 '

0 793 5 810 ¹
94 787 153 830 neo
175 769 322 846 auoipiunt
344 777 493 845 tempora,
523 765 575 825 sed
599 764 789 842 constituunt,
812 782 869 824 neo
889 764 1135 842 expectandumat

5 902 10 912 ,
93 851 204 914 babent
218 861 383 928 oratorem,
406 849 471 908 dnm
488 849 529 909 illi
543 848 632 908 libeat
647 847 706 908 de
698 865 763 927 rpso
779 848 900 926 negotio
916 847 1030 927 disere,
1048 849 1101 910 sed

94 955 188 1014 saepe
204 935 280 995 ultro
296 933 451 994 admouent
463 941 551 1011 atque
566 932 624 992 alio
640 932 901 1009 transgredientem
916 943 1057 994 renouant
1072 943 1100 994 et

1 1045 10 1082 ι
94 1019 236 1079 festinare
252 1025 477 1078 se-testantur.‹
556 1076 559 1082 ,

158 1101 209 1164 20.
232 1101 303 1176 Quis
325 1119 401 1163 nuno
421 1101 498 1162 ieret
512 1109 660 1162 oratorem
681 1102 719 1161 de
740 1099 902 1161 infirmitate
925 1100 1100 1162 valetudinis
1180 1129 1182 1132 ·

94 1205 167 1249 suae
189 1183 390 1266 praefantem‘l
416 1185 513 1265 qualia
539 1193 603 1245 sunt
625 1185 690 1246 fere
711 1185 854 1266 prineipia
874 1183 1021 1250 (lerninis
1035 1187 1100 1264 quis

1 1332 4 1342 ,
94 1272 223 1352 quinque
238 1273 267 1329 in
282 1272 407 1332 Verrem
423 1269 515 1330 libros
535 1265 723 1348 expectabit?
745 1269 810 1348 quis
825 1268 862 1328 de
879 1269 1055 1347 exceptione
1071 1277 1101 1328 et

4 1419 5 1422 ,
76 1355 219 1415 'formula
235 1354 416 1432 perpetietur
429 1352 507 1414 illa
499 1369 636 1412 immensa
653 1350 798 1412 volumina
815 1369 896 1430 quae
909 1351 1016 1430 proli.
1033 1351 1099 1411 Tul·

1 1504 3 1512 y
94 1438 137 1498 lio
157 1435 424 1496 autAuloCaeoinn
439 1433 585 1513 legimns?
606 1435 768 1514 praecurrit
783 1434 841 1494 boo
862 1444 995 1513 tempore
1012 1435 1122 1496 iudexs

1 1582 3 1596 p
95 1521 255 1598 dicentem,
279 1529 308 1579 et
330 1521 385 1579 nisi
407 1527 456 1579 ent
478 1536 563 1579 eursu
584 1527 819 1597 argumentorum
839 1528 887 1579 ant
910 1517 1014 1578 noiore
1035 1535 1100 1578 sen·

94 1605 248 1666 tentiarum
270 1611 317 1664 ant
334 1604 429 1664 nitore
449 1611 478 1662 et
498 1602 575 1662 onitu
594 1602 821 1680 descriptionum
838 1602 974 1662 invitatus
989 1607 1018 1662 et
1036 1618 1101 1662 eor·
1145 1603 1149 1648 2

95 1697 197 1768 ruptus
214 1693 274 1766 est,
290 1686 627 1765 aversatur1dioenteml.
650 1686 757 1764 volgus
772 1703 889 1766 quoque
904 1683 1102 1747 adsistentium

3 1836 8 1842 ,
95 1782 125 1834 et
146 1771 275 1833 adduens
297 1781 327 1831 et
346 1789 439 1849 vagus
455 1773 569 1832 auditor
586 1770 719 1830 adsuevit
740 1771 796 1830 iam
819 1770 943 1847 exigere
963 1769 1101 1831 laetitiam

95 1867 125 1918 et
136 1854 377 1936 pulchritudinem
394 1855 549 1924 orationis;
569 1873 625 1914 neo
638 1854 731 1932 magis
749 1855 883 1954 perfert'
874 1872 902 1913 m
918 1853 1033 1914 iudioiis
1051 1854 1099 1916 tri·
1089 1873 1136 1916 -ιι

1 2003 6 2012 ,
95 1951 169 2002 stem
188 1949 218 1999 et
239 1942 384 2018 impexam
405 1939 631 2036 antiquitatem,
640 1956 724 2018 quam
746 1939 851 2019 siquis
870 1937 899 1997 in
918 1955 1026 1998 scaena
1042 1937 1100 1998 Ro·

95 2023 149 2082 soii
167 2031 215 2082 ant
234 2022 390 2100 Turpionis
404 2021 531 2082 Ambivii
546 2022 713 2100 exprimere
726 2031 829 2099 gestus
844 2022 925 2082 velit.
952 2022 1008 2082 iam
1027 2034 1100 2081 vero

2 2140 6 2180 ς
96 2109 214 2166 invenes
230 2115 261 2164 et
279 2106 307 2164 in
323 2106 389 2184 ipsa
404 2105 561 2171 studiorum
578 2105 682 2165 innude
698 2107 801 2183 positi,
825 2123 872 2183 qm
865 2105 1042 2184 ’proleotus
1057 2105 1100 2166 sui

1 2213 6 2266 ζ.
97 2207 183 2250 eausa
198 2197 332 2248 oratores
347 2196 510 2266 sectantur,
524 2207 583 2248 non
597 2188 690 2248 solum
705 2187 804 2248 audire
820 2187 873 2248 sed
889 2189 974 2249 etiam
987 2187 1101 2248 referre

1 2342 2 2350 p
95 2273 209 2334 domum
230 2270 338 2350 aliquid
355 2270 476 2332 inlustre
493 2278 523 2331 et
546 2272 661 2349 dignum
676 2271 816 2332 memoria
835 2271 950 2343 volunt;
974 2271 1100 2333 tradunt·
1110 2289 1134 2332 ιι
1237 2311 1240 2316 ¹

96 2357 198 2436 quein
221 2356 315 2416 vinem
338 2373 374 2416 ao
395 2373 486 2434 saepe
509 2355 538 2413 in
555 2354 686 2416 colonias
702 2363 732 2414 et
753 2354 920 2433 provincias
940 2373 1007 2416 snas
1030 2355 1101 2418 sori·

95 2441 180 2519 bunt,
200 2440 263 2500 sive
285 2455 390 2499 sensns
412 2439 517 2518 aliquis
539 2447 641 2516 arguta
662 2447 692 2498 et
711 2437 794 2498 brevi
817 2439 960 2499 sententia
983 2439 1100 2516 effulsit,

1 2565 2 2574 ¹
98 2525 160 2586 sive
177 2523 264 2584 loeus
282 2523 427 2601 exquisito
452 2532 482 2583 et
503 2523 622 2601 poetico
641 2521 718 2582 onitu
742 2523 851 2582 enituit.
884 2523 1011 2600 exigitur
1027 2522 1101 2582 enim

1 2653 2 2658 ¹
87 2612 149 2674 ,iam
169 2607 206 2669 ab
227 2615 346 2669 oratore
361 2607 446 2667 etiam
466 2607 602 2685 poetians
617 2606 725 2683 decor,
743 2623 802 2666 non
818 2605 903 2666 dosii
918 2615 966 2667 ant
984 2606 1101 2667 Pacuvii

95 2702 215 2769 veterno
235 2691 416 2769 inquinatus,
439 2689 491 2750 sed
507 2708 545 2750 ex
563 2689 674 2751 Horatii
696 2699 726 2749 et
741 2689 859 2767 Virgilii
882 2697 911 2750 et
930 2688 1038 2751 bnoani
1053 2708 1135 2751 sam

95 2778 189 2837 orario
212 2773 353 2856 prolatus.
391 2773 601 2852 bornmiqitur
621 2773 737 2835 nuribus
765 2783 793 2833 et
816 2772 929 2835 iudioiis
950 2773 1100 2852 obtempe-
1142 2809 1144 2814 ¹

94 2879 161 2923 rans
173 2868 337 2920 nostrornm
361 2867 507 2919 oratorum
526 2865 609 2920 aetas
629 2857 778 2937 pnlobrior
796 2866 826 2918 et
846 2858 976 2920 ornatior
996 2860 1099 2919 extitit.

94 2963 189 3023 neque
207 2944 276 3005 ideo
291 2944 385 3004 minus
404 2942 543 3003 eilinaoes
566 2950 632 3003 sunt
652 2943 800 3002 orationes
822 2952 959 3021 nostrae,
985 2943 1051 3020 quia
1065 2940 1100 3002 ad

96 3045 181 3088 arares
199 3027 383 3087 iudicantium
406 3044 469 3086 oum
491 3025 642 3106 voluptate
657 3026 841 3106 perveniunt.
872 3024 1053 3106 quidemn,
1075 3025 1100 3084 si

96 3111 249 3171 infirmiora
271 3109 374 3170 borum
399 3117 561 3188 temporum
585 3112 693 3191 templa
719 3109 841 3189 eredas,
867 3111 932 3191 quin
955 3127 1013 3170 non
1035 3107 1132 3171 radin

98 3202 245 3256 caemento
267 3201 297 3254 et
313 3191 483 3252 informibus
496 3193 604 3271 tegnlis
619 3202 803 3273 extruuntur,
827 3193 880 3254 sed
894 3210 1037 3255 marmore
1056 3192 1099 3250 ni-

96 3286 156 3339 tent
174 3287 202 3338 et
215 3294 284 3338 auro
302 3273 470 3337 radiantur?

156 3361 207 3424 21
229 3359 381 3462 Equidem
391 3358 508 3420 fatebor
518 3359 604 3419 vobis
618 3362 788 3442 simpliciter
808 3379 854 3422 me
877 3363 907 3420 in
929 3355 1198 3444 φιῑιιιιιάιιιΚ,

1 3493 2 3496 ¹
96 3446 274 3527 antiquorum
292 3446 342 3506 vix
357 3447 462 3523 risum,
482 3447 510 3505 in
531 3444 699 3526 quibusdam
721 3454 815 3507 antem
837 3447 886 3504 vix
908 3457 1037 3502 somnum
1052 3446 1093 3498 te
