2546 3872
403 182 510 230 uranu
524 182 547 230 r.
567 181 643 230 can.
658 179 763 234 8-12
1069 169 1091 224 7
1128 155 1131 160 ’

70 343 208 402 vacarem
225 336 360 411 quotiens
376 349 408 395 se
419 333 605 412 expedierat,
624 351 745 412 maguae
758 333 900 399 virtutes;
919 329 1015 408 palam
1029 327 1091 388 lau·

68 426 178 498 dares,
194 427 310 479 secreta
320 416 395 477 male
407 417 577 478 audiebant:
594 417 647 477 sed
659 417 734 494 apud
746 416 896 477 subiectos
907 457 915 490 ,
928 411 1002 491 apud
1020 428 1090 490 pro·
1181 457 1197 476 ,.

72 507 189 579 ximos,
211 500 288 580 apud
310 501 443 579 collegas
456 503 843 582 rariisinlecebrispotens,
856 501 956 560 setcui
965 499 1085 580 expedi·
1099 523 1128 563 ro

72 591 131 649 tius
149 586 238 648 luerit
263 583 381 645 tradere
402 585 552 664 imperium
577 602 660 664 qua-m
679 583 822 644 obtinere.
851 583 959 644 bellum
975 583 1087 644 ludaei·

73 690 141 732 cum
157 668 274 730 Flavius
295 669 494 746 Vespasianus
515 668 634 748 (ducem
660 687 724 728 eum
742 667 823 728 Nero
845 667 1014 746 delegerat)
1039 669 1087 728 tri-

72 757 129 816 bus
145 749 313 830 legionibus
327 749 554 813 administrabat.
584 770 641 812 nec
657 751 840 830 Vespasiano
863 751 1005 812 adversus
1022 749 1087 813 Gal-

72 839 141 899 bam
158 845 256 896 votum
273 843 321 896 aut
335 836 461 896 animus:
480 836 590 915 quippe
607 835 699 896 Titum
715 835 802 894 lilium
818 835 853 896 ad
868 837 1087 896 uenerationem

72 921 241 1000 cultumque
264 919 327 979 cius
346 919 479 996 miserat,
503 928 533 978 ut
552 936 606 980 suo
621 919 689 979 loco
707 918 940 980 memorabimus.
971 919 1124 982 occultam

73 1005 130 1067 lati
150 1011 180 1064 ct
201 1003 323 1064 ostentis
347 1019 381 1062 ac
402 1003 554 1083 responsis
576 1002 749 1063 destinatum
765 1002 950 1084 Vespasiano
972 1002 1086 1063 tiberis-

75 1105 137 1169 que
153 1086 214 1146 eius
227 1087 379 1166 imperium
397 1095 463 1164 post
476 1085 620 1147 fortunam
637 1085 821 1146 credidimus.

143 1170 191 1230 11.
210 1167 378 1248 Aegyptum
394 1171 569 1249 copiasque,
593 1169 697 1248 quibus
714 1177 921 1247 coerceretur,
942 1170 999 1230 iam
1019 1169 1087 1232 iude

74 1275 91 1316 a
108 1253 177 1314 divo
194 1250 329 1331 Augusto
346 1253 460 1332 equites
475 1253 597 1314 Romani
613 1252 745 1313 obtinent
760 1253 829 1314 loco
850 1269 969 1331 regum:
990 1253 1029 1314 ita
1045 1255 1086 1314 ri·

73 1355 138 1400 aum
160 1337 318 1415 expedire,
343 1335 524 1416 provinciam
544 1335 622 1396 aditu
640 1335 806 1415 dillicilem,
830 1353 963 1398 annonae
985 1337 1086 1398 locun·

73 1423 151 1498 darn,
169 1419 377 1499 superstitione
392 1437 427 1480 ac
443 1419 564 1480 lascivia
580 1418 744 1480 discordem
760 1428 789 1480 et
803 1419 949 1498 mobilem,
964 1421 1085 1480 insciam

73 1506 191 1582 legum,
210 1505 338 1582 ignaram
356 1503 588 1582 magistratuum,
610 1502 706 1564 domui
722 1505 860 1564 retinere.
889 1501 1014 1582 regebat
1029 1512 1109 1564 tuma

73 1589 209 1650 Tiberius
225 1586 413 1664 Alexander,
430 1587 557 1647 eiusdem
575 1588 710 1647 nationis.
739 1584 842 1647 Africa
875 1603 909 1646 ac
936 1585 1017 1663 legio
1056 1587 1085 1647 in

75 1691 113 1732 ea
136 1671 291 1732 interiecto
307 1668 412 1730 Glodio
436 1669 537 1751 llaorp
564 1679 701 1730 contenta
723 1671 925 1750 qualicumque
951 1669 1084 1751 principe

74 1763 144 1836 post
166 1755 395 1834 experimentum
419 1753 525 1814 domini
538 1755 667 1814 minoris.
696 1754 770 1815 duae
784 1754 985 1832 Mauritaniae,
1008 1753 1083 1814 liac-

73 1841 131 1916 tia,
153 1837 308 1915 Noricum,
333 1837 477 1898 l'braecia
498 1845 527 1897 et
550 1856 624 1917 quae
643 1837 720 1898 aliae
740 1837 981 1917 procuratoribus
1003 1835 1083 1897 colri-

72 1923 195 1999 bentur‚
213 1931 242 1981 ut
258 1923 361 2001 cuique
378 1922 519 1981 exercitui
535 1922 661 1998 vicinae,
676 1922 715 1982 ita
733 1921 762 1980 in
777 1921 910 1982 lavorem
926 1929 973 1982 aut
987 1920 1083 1981 odium
1092 1927 1121 1970 ¹⁰

73 2012 212 2068 contactu
233 2004 426 2065 valentiorum
449 2003 620 2083 agebantur.
653 2007 780 2065 inermes
804 2001 973 2084 prouinciae
997 2013 1084 2083 atque

71 2093 139 2170 ipsa
154 2091 184 2148 in
199 2089 297 2168 primis
312 2086 411 2167 ltalia,
428 2089 599 2167 cuicumque
614 2090 735 2149 servitio
753 2088 902 2167 exposita,
917 2088 946 2146 iu
960 2088 1084 2165 pretium

72 2173 146 2234 belli
162 2189 300 2233 cessurae
315 2181 407 2232 erant.
437 2171 486 2232 hic
499 2171 554 2232 luit
568 2189 664 2232 rerum
679 2171 873 2233 Romanarum
889 2179 1001 2246 status,
1019 2188 1083 2230 cum

73 2258 195 2318 Servius
209 2255 300 2318 Galba
313 2257 415 2316 iterum
427 2255 508 2316 l'itus
519 2254 620 2316 Vinius
636 2255 773 2317 consules
785 2253 964 2315 inchoavere
980 2270 1082 2314 annum

72 2341 130 2402 sibi
147 2339 289 2418 ultimum,
306 2341 348 2399 rei
365 2339 503 2418 publicae
520 2357 615 2419 prope
631 2333 804 2424 supremum.
1092 2341 1119 2384 ¹⁸

137 2423 187 2486 12.
210 2422 314 2484 Paucis
337 2433 406 2503 post
428 2422 568 2484 kalendas
588 2421 736 2484 lanuarias
756 2421 857 2482 diebus
877 2420 997 2500 Pompei
1012 2419 1084 2480 Pro·

72 2507 173 2590 pinqui
194 2507 394 2587 procuratoris
415 2505 568 2584 aBelgica
589 2507 691 2567 literae
715 2505 899 2583 adferuntur,
923 2504 1084 2583 superioris

73 2592 248 2654 Germaniae
263 2589 399 2669 legiones
412 2597 497 2670 rupta
512 2591 685 2651 sacramenti
696 2591 861 2650 reverentia
878 2591 1083 2668 imperatorem

72 2676 162 2738 alium
186 2673 317 2753 flagitare
341 2681 370 2732 et
393 2674 503 2734 senatui
524 2690 560 2734 ac
582 2672 693 2752 populo
708 2674 840 2734 Romano
862 2671 1010 2734 arbitrium
1031 2671 1083 2730 eli·

71 2757 163 2839 gendl
186 2759 371 2838 permittere,
393 2773 450 2835 quo
471 2755 577 2816 seditio
593 2755 708 2816 mollius
729 2759 926 2836 acciperetur.
960 2762 1106 2815 matura-¹⁵

72 2845 114 2904 rit
130 2858 230 2902 cares
246 2839 398 2902 consilium
409 2839 535 2916 Galbae,
551 2837 734 2918 iampridem
751 2839 787 2900 de
804 2838 963 2918 adoptione
982 2855 1081 2898 secum

72 2936 104 2988 et
125 2941 191 2986 cum
213 2924 354 3004 proximis
374 2923 519 3000 agitantis.
554 2940 613 2983 non
634 2940 706 2983 sane
727 2922 859 2984 crebrior
878 2931 940 2983 tota
963 2921 1082 2982 civitate

72 3026 172 3074 sermo
195 3026 248 3088 per
267 3007 335 3068 illos
352 3023 469 3066 menses
489 3006 600 3084 luerat,
626 3007 747 3085 primum
769 3007 885 3068 licentia
907 3023 942 3066 ac
962 3003 1085 3065 libidine

72 3093 144 3156 talia
166 3089 320 3171 loquendi,
343 3089 411 3150 dein
432 3089 511 3150 iessa
531 3091 587 3149 iam
610 3098 706 3150 aetate
730 3089 849 3151 Galbae.
882 3089 983 3167 paucis
1010 3085 1080 3147 iudi·

74 3178 150 3238 cium
167 3185 214 3235 aut
228 3175 270 3254 rei
285 3173 421 3254 publicae
435 3190 532 3236 amor:
547 3173 626 3234 multi
642 3172 728 3234 stulta
743 3191 815 3252 spe,
832 3181 918 3251 prout
932 3173 997 3250 quis
1012 3170 1079 3230 ami·
1091 3172 1120 3214 ¹⁰

76 3258 193 3320 ousvel
209 3259 316 3334 cliens,
338 3257 413 3318 huuc
431 3257 480 3317 vel
501 3256 580 3317 illum
596 3256 763 3317 ambitiosis
776 3254 939 3317 rumoribus
955 3253 1080 3314 destina·
1147 3279 1148 3284 ¹
1261 3277 1262 3280 ¹

78 3345 163 3420 baut,
176 3340 365 3404 etiamin'liti
387 3340 456 3400 Vini
478 3338 584 3418 odium,
593 3340 640 3416 qui
665 3337 778 3398 indies
803 3346 909 3418 quanto
925 3333 1081 3415 potentior,

79 3427 184 3488 eodem
208 3431 277 3486 actu
297 3425 418 3489 invisior
433 3432 504 3484 erat.
537 3425 645 3503 quippe
662 3422 773 3482 biantes
793 3424 822 3480 in
846 3435 949 3496 magna
966 3416 1085 3477 lortuua
