<?xml version="1.0" encoding="UTF-8"?>
<!DOCTYPE html PUBLIC "-//W3C//DTD XHTML 1.0 Transitional//EN"
    "http://www.w3.org/TR/xhtml1/DTD/xhtml1-transitional.dtd">
<html xmlns="http://www.w3.org/1999/xhtml" xml:lang="en" lang="en">
 <head>
  <title>
</title>
<meta http-equiv="Content-Type" content="text/html;charset=utf-8" />
  <meta name='ocr-system' content='tesseract 3.04.00' />
  <meta name='ocr-capabilities' content='ocr_page ocr_carea ocr_par ocr_line ocrx_word'/>
</head>
<body>
  <div class='ocr_page' id='page_1' title='image "./libriquisupersu02tacigoog/libriquisupersu02tacigoog_0574.png"; bbox 0 0 2568 3870; ppageno 0'>
   <div class='ocr_carea' id='block_1_1' title="bbox 410 135 1127 203">
    <p class='ocr_par' dir='ltr' id='par_1_1' title="bbox 410 135 1127 203">
     <span class='ocr_line' id='line_1_1' title="bbox 410 135 1127 203; baseline 0 -7"><span class='ocrx_word' id='word_1_1' title='bbox 410 193 414 196; x_wconf 74' lang='grc'><strong>,</strong></span> <span class='ocrx_word' id='word_1_2' title='bbox 442 149 547 196; x_wconf 80' lang='lat' dir='ltr'>erese</span> <span class='ocrx_word' id='word_1_3' title='bbox 561 150 613 197; x_wconf 91' lang='lat'>111.</span> <span class='ocrx_word' id='word_1_4' title='bbox 631 149 705 197; x_wconf 76' lang='lat' dir='ltr'>cae.</span> <span class='ocrx_word' id='word_1_5' title='bbox 722 147 844 203; x_wconf 72' lang='lat' dir='ltr'>te-ee.</span> <span class='ocrx_word' id='word_1_6' title='bbox 1070 135 1127 196; x_wconf 77' lang='lat'>129</span> 
     </span>
    </p>
   </div>
   <div class='ocr_carea' id='block_1_2' title="bbox 122 301 1215 2393">
    <p class='ocr_par' dir='ltr' id='par_1_2' title="bbox 122 301 1215 1808">
     <span class='ocr_line' id='line_1_2' title="bbox 124 301 1128 386; baseline -0.004 -18"><span class='ocrx_word' id='word_1_7' title='bbox 124 318 204 369; x_wconf 86' lang='lat' dir='ltr'>ratus</span> <span class='ocrx_word' id='word_1_8' title='bbox 219 301 335 384; x_wconf 88' lang='lat' dir='ltr'>proelio</span> <span class='ocrx_word' id='word_1_9' title='bbox 354 301 437 362; x_wconf 89' lang='lat' dir='ltr'>miles</span> <span class='ocrx_word' id='word_1_10' title='bbox 455 321 513 363; x_wconf 94' lang='lat' dir='ltr'>non</span> <span class='ocrx_word' id='word_1_11' title='bbox 526 304 654 384; x_wconf 87' lang='lat' dir='ltr'>populo,</span> <span class='ocrx_word' id='word_1_12' title='bbox 670 321 728 364; x_wconf 92' lang='lat' dir='ltr'>non</span> <span class='ocrx_word' id='word_1_13' title='bbox 742 305 870 382; x_wconf 88' lang='lat' dir='ltr'>senatui,</span> <span class='ocrx_word' id='word_1_14' title='bbox 886 323 923 364; x_wconf 89' lang='lat' dir='ltr'>ue</span> <span class='ocrx_word' id='word_1_15' title='bbox 938 305 1055 384; x_wconf 85' lang='lat' dir='ltr'>templis</span> <span class='ocrx_word' id='word_1_16' title='bbox 1067 307 1128 386; x_wconf 90' lang='lat' dir='ltr'>qui-</span> 
     </span>
     <span class='ocr_line' id='line_1_3' title="bbox 124 384 1154 468; baseline -0.005 -17"><span class='ocrx_word' id='word_1_17' title='bbox 124 393 189 451; x_wconf 89' lang='lat' dir='ltr'>dem</span> <span class='ocrx_word' id='word_1_18' title='bbox 203 406 239 448; x_wconf 89' lang='lat' dir='ltr'>ac</span> <span class='ocrx_word' id='word_1_19' title='bbox 256 384 384 447; x_wconf 89' lang='lat' dir='ltr'>delubris</span> <span class='ocrx_word' id='word_1_20' title='bbox 399 385 519 448; x_wconf 83' lang='lat' dir='ltr'>deorum</span> <span class='ocrx_word' id='word_1_21' title='bbox 532 389 715 458; x_wconf 88' lang='lat' dir='ltr'>consuleret;</span> <span class='ocrx_word' id='word_1_22' title='bbox 738 387 791 450; x_wconf 87' lang='lat' dir='ltr'>sed</span> <span class='ocrx_word' id='word_1_23' title='bbox 807 405 920 450; x_wconf 89' lang='lat' dir='ltr'>omnem</span> <span class='ocrx_word' id='word_1_24' title='bbox 936 388 1154 468; x_wconf 71' lang='lat' dir='ltr'><strong>prolationem</strong></span> 
     </span>
     <span class='ocr_line' id='line_1_4' title="bbox 125 471 1129 552; baseline 0.001 -18"><span class='ocrx_word' id='word_1_25' title='bbox 125 485 155 534; x_wconf 93' lang='lat' dir='ltr'>ut</span> <span class='ocrx_word' id='word_1_26' title='bbox 170 473 312 534; x_wconf 88' lang='lat' dir='ltr'>inimicam</span> <span class='ocrx_word' id='word_1_27' title='bbox 326 471 468 530; x_wconf 84' lang='lat' dir='ltr'>victoriae</span> <span class='ocrx_word' id='word_1_28' title='bbox 478 471 701 551; x_wconf 87' lang='lat' dir='ltr'>suspectabant;</span> <span class='ocrx_word' id='word_1_29' title='bbox 718 472 801 534; x_wconf 90' lang='lat' dir='ltr'>simul</span> <span class='ocrx_word' id='word_1_30' title='bbox 813 473 957 551; x_wconf 83' lang='lat' dir='ltr'>fulgentia</span> <span class='ocrx_word' id='word_1_31' title='bbox 967 490 1021 552; x_wconf 91' lang='lat' dir='ltr'>per</span> <span class='ocrx_word' id='word_1_32' title='bbox 1033 471 1129 535; x_wconf 84' lang='lat' dir='ltr'>colles</span> 
     </span>
     <span class='ocr_line' id='line_1_5' title="bbox 126 555 1127 638; baseline -0.003 -20"><span class='ocrx_word' id='word_1_33' title='bbox 126 555 250 632; x_wconf 13' lang='lat' dir='ltr'>vientur,</span> <span class='ocrx_word' id='word_1_34' title='bbox 267 571 437 636; x_wconf 88' lang='lat' dir='ltr'>quamquam</span> <span class='ocrx_word' id='word_1_35' title='bbox 455 555 571 617; x_wconf 80' lang='lat' dir='ltr'>inbellis</span> <span class='ocrx_word' id='word_1_36' title='bbox 588 557 715 638; x_wconf 89' lang='lat' dir='ltr'>populus</span> <span class='ocrx_word' id='word_1_37' title='bbox 726 566 915 635; x_wconf 78' lang='lat' dir='ltr'>sequeretur,</span> <span class='ocrx_word' id='word_1_38' title='bbox 933 557 1064 637; x_wconf 88' lang='lat' dir='ltr'>speciem</span> <span class='ocrx_word' id='word_1_39' title='bbox 1076 557 1127 616; x_wconf 92' lang='lat' dir='ltr'>ho·</span> 
     </span>
     <span class='ocr_line' id='line_1_6' title="bbox 124 638 1126 720; baseline -0.004 -18"><span class='ocrx_word' id='word_1_40' title='bbox 124 642 199 702; x_wconf 88' lang='lat' dir='ltr'>stilis</span> <span class='ocrx_word' id='word_1_41' title='bbox 215 638 362 700; x_wconf 85' lang='lat' dir='ltr'>exercitus</span> <span class='ocrx_word' id='word_1_42' title='bbox 379 639 520 700; x_wconf 82' lang='lat' dir='ltr'>iecerunt.</span> <span class='ocrx_word' id='word_1_43' title='bbox 543 642 687 720; x_wconf 90' lang='lat' dir='ltr'>tripertito</span> <span class='ocrx_word' id='word_1_44' title='bbox 699 642 814 719; x_wconf 86' lang='lat' dir='ltr'>agmine</span> <span class='ocrx_word' id='word_1_45' title='bbox 825 659 909 720; x_wconf 92' lang='lat' dir='ltr'>pars,</span> <span class='ocrx_word' id='word_1_46' title='bbox 924 650 955 700; x_wconf 90' lang='lat' dir='ltr'>ut</span> <span class='ocrx_word' id='word_1_47' title='bbox 966 640 1126 716; x_wconf 72' lang='lat' dir='ltr'>adstiterat,</span> 
     </span>
     <span class='ocr_line' id='line_1_7' title="bbox 122 723 1127 804; baseline -0.002 -18"><span class='ocrx_word' id='word_1_48' title='bbox 122 724 262 786; x_wconf 80' lang='lat' dir='ltr'>Flaminia</span> <span class='ocrx_word' id='word_1_49' title='bbox 274 723 337 799; x_wconf 89' lang='lat' dir='ltr'>via,</span> <span class='ocrx_word' id='word_1_50' title='bbox 353 739 423 800; x_wconf 86' lang='lat' dir='ltr'>pars</span> <span class='ocrx_word' id='word_1_51' title='bbox 433 723 512 783; x_wconf 79' lang='lat' dir='ltr'>iuxta</span> <span class='ocrx_word' id='word_1_52' title='bbox 526 725 617 804; x_wconf 90' lang='lat' dir='ltr'>ripam</span> <span class='ocrx_word' id='word_1_53' title='bbox 627 724 741 786; x_wconf 80' lang='lat' dir='ltr'>liberis</span> <span class='ocrx_word' id='word_1_54' title='bbox 754 727 887 794; x_wconf 87' lang='lat' dir='ltr'>incessit;</span> <span class='ocrx_word' id='word_1_55' title='bbox 902 726 1015 786; x_wconf 89' lang='lat' dir='ltr'>tertium</span> <span class='ocrx_word' id='word_1_56' title='bbox 1024 743 1127 804; x_wconf 88' lang='lat' dir='ltr'>agmen</span> 
     </span>
     <span class='ocr_line' id='line_1_8' title="bbox 122 804 1164 888; baseline -0.005 -19"><span class='ocrx_word' id='word_1_57' title='bbox 122 827 177 888; x_wconf 91' lang='lat' dir='ltr'>per</span> <span class='ocrx_word' id='word_1_58' title='bbox 198 807 341 868; x_wconf 88' lang='lat' dir='ltr'>Salariam</span> <span class='ocrx_word' id='word_1_59' title='bbox 356 804 489 867; x_wconf 79' lang='lat' dir='ltr'>Collinae</span> <span class='ocrx_word' id='word_1_60' title='bbox 512 818 615 886; x_wconf 89' lang='lat' dir='ltr'>portae</span> <span class='ocrx_word' id='word_1_61' title='bbox 636 808 861 888; x_wconf 76' lang='lat' dir='ltr'>propinquabat.</span> <span class='ocrx_word' id='word_1_62' title='bbox 895 809 982 888; x_wconf 85' lang='lat' dir='ltr'>plebs</span> <span class='ocrx_word' id='word_1_63' title='bbox 1004 809 1127 868; x_wconf 87' lang='lat' dir='ltr'>invectis</span> <span class='ocrx_word' id='word_1_64' title='bbox 1140 825 1164 864; x_wconf 77' lang='lat' dir='ltr'>no</span> 
     </span>
     <span class='ocr_line' id='line_1_9' title="bbox 122 888 1127 973; baseline -0.002 -20"><span class='ocrx_word' id='word_1_65' title='bbox 122 891 270 971; x_wconf 87' lang='lat' dir='ltr'>equitibus</span> <span class='ocrx_word' id='word_1_66' title='bbox 285 889 363 956; x_wconf 79' lang='lat' dir='ltr'>lusa:</span> <span class='ocrx_word' id='word_1_67' title='bbox 386 888 470 950; x_wconf 88' lang='lat' dir='ltr'>miles</span> <span class='ocrx_word' id='word_1_68' title='bbox 485 891 659 954; x_wconf 86' lang='lat' dir='ltr'>Vitellianus</span> <span class='ocrx_word' id='word_1_69' title='bbox 674 894 754 954; x_wconf 87' lang='lat' dir='ltr'>trinis</span> <span class='ocrx_word' id='word_1_70' title='bbox 771 901 800 952; x_wconf 91' lang='lat' dir='ltr'>et</span> <span class='ocrx_word' id='word_1_71' title='bbox 822 895 887 972; x_wconf 89' lang='lat' dir='ltr'>ipsc</span> <span class='ocrx_word' id='word_1_72' title='bbox 901 893 1063 973; x_wconf 70' lang='lat' dir='ltr'>&#39;praesidiis</span> <span class='ocrx_word' id='word_1_73' title='bbox 1078 909 1127 951; x_wconf 93' lang='lat' dir='ltr'>oc·</span> 
     </span>
     <span class='ocr_line' id='line_1_10' title="bbox 124 972 1215 1056; baseline -0.004 -20"><span class='ocrx_word' id='word_1_74' title='bbox 124 976 223 1036; x_wconf 88' lang='lat' dir='ltr'>currit.</span> <span class='ocrx_word' id='word_1_75' title='bbox 251 974 364 1052; x_wconf 91' lang='lat' dir='ltr'>proelia</span> <span class='ocrx_word' id='word_1_76' title='bbox 382 983 449 1035; x_wconf 91' lang='lat' dir='ltr'>aute</span> <span class='ocrx_word' id='word_1_77' title='bbox 463 972 565 1035; x_wconf 88' lang='lat' dir='ltr'>urbem</span> <span class='ocrx_word' id='word_1_78' title='bbox 579 975 669 1038; x_wconf 87' lang='lat' dir='ltr'>multa</span> <span class='ocrx_word' id='word_1_79' title='bbox 682 979 821 1052; x_wconf 83' lang='lat' dir='ltr'>etruria,</span> <span class='ocrx_word' id='word_1_80' title='bbox 838 975 1049 1056; x_wconf 74' lang='lat' dir='ltr'>eedlilavianis</span> <span class='ocrx_word' id='word_1_81' title='bbox 1061 993 1128 1036; x_wconf 90' lang='lat' dir='ltr'>con·</span> <span class='ocrx_word' id='word_1_82' title='bbox 1212 1019 1215 1032; x_wconf 73' lang='lat'>.</span> 
     </span>
     <span class='ocr_line' id='line_1_11' title="bbox 125 1057 1128 1139; baseline 0 -21"><span class='ocrx_word' id='word_1_83' title='bbox 125 1057 191 1118; x_wconf 84' lang='lat' dir='ltr'>silio</span> <span class='ocrx_word' id='word_1_84' title='bbox 214 1058 316 1118; x_wconf 88' lang='lat' dir='ltr'>ducum</span> <span class='ocrx_word' id='word_1_85' title='bbox 339 1058 553 1137; x_wconf 78' lang='lat' dir='ltr'>praestantibus</span> <span class='ocrx_word' id='word_1_86' title='bbox 575 1061 694 1139; x_wconf 81' lang='lat' dir='ltr'>saepius</span> <span class='ocrx_word' id='word_1_87' title='bbox 717 1077 871 1139; x_wconf 89' lang='lat' dir='ltr'>prospera.</span> <span class='ocrx_word' id='word_1_88' title='bbox 896 1060 916 1118; x_wconf 90' lang='lat' dir='ltr'>ii</span> <span class='ocrx_word' id='word_1_89' title='bbox 935 1069 1043 1124; x_wconf 86' lang='lat' dir='ltr'>tuntum</span> <span class='ocrx_word' id='word_1_90' title='bbox 1060 1077 1128 1119; x_wconf 91' lang='lat' dir='ltr'>eon·</span> 
     </span>
     <span class='ocr_line' id='line_1_12' title="bbox 123 1142 1129 1222; baseline 0 -20"><span class='ocrx_word' id='word_1_91' title='bbox 123 1143 225 1202; x_wconf 86' lang='lat' dir='ltr'>dictati</span> <span class='ocrx_word' id='word_1_92' title='bbox 248 1151 329 1218; x_wconf 86' lang='lat' dir='ltr'>sunt,</span> <span class='ocrx_word' id='word_1_93' title='bbox 356 1142 450 1220; x_wconf 88' lang='lat' dir='ltr'>quiin</span> <span class='ocrx_word' id='word_1_94' title='bbox 474 1154 585 1222; x_wconf 89' lang='lat' dir='ltr'>portem</span> <span class='ocrx_word' id='word_1_95' title='bbox 612 1145 755 1205; x_wconf 84' lang='lat' dir='ltr'>sinistram</span> <span class='ocrx_word' id='word_1_96' title='bbox 778 1143 856 1204; x_wconf 90' lang='lat' dir='ltr'>urbis</span> <span class='ocrx_word' id='word_1_97' title='bbox 878 1143 914 1204; x_wconf 90' lang='lat' dir='ltr'>ad</span> <span class='ocrx_word' id='word_1_98' title='bbox 936 1143 1129 1205; x_wconf 88' lang='lat' dir='ltr'>Sallustianos</span> 
     </span>
     <span class='ocr_line' id='line_1_13' title="bbox 124 1226 1164 1307; baseline -0.001 -21"><span class='ocrx_word' id='word_1_99' title='bbox 124 1227 225 1286; x_wconf 87' lang='lat' dir='ltr'>hortos</span> <span class='ocrx_word' id='word_1_100' title='bbox 243 1243 297 1305; x_wconf 92' lang='lat' dir='ltr'>per</span> <span class='ocrx_word' id='word_1_101' title='bbox 312 1234 433 1303; x_wconf 87' lang='lat' dir='ltr'>angusta</span> <span class='ocrx_word' id='word_1_102' title='bbox 450 1237 479 1286; x_wconf 93' lang='lat' dir='ltr'>et</span> <span class='ocrx_word' id='word_1_103' title='bbox 497 1226 608 1288; x_wconf 92' lang='lat' dir='ltr'>lubrica</span> <span class='ocrx_word' id='word_1_104' title='bbox 622 1231 732 1290; x_wconf 87' lang='lat' dir='ltr'>viarum</span> <span class='ocrx_word' id='word_1_105' title='bbox 749 1228 899 1288; x_wconf 81' lang='lat' dir='ltr'>duxeruut.</span> <span class='ocrx_word' id='word_1_106' title='bbox 926 1236 1126 1307; x_wconf 83' lang='lat' dir='ltr'>superstantes</span> <span class='ocrx_word' id='word_1_107' title='bbox 1139 1237 1164 1276; x_wconf 75' lang='lat'>1⁵</span> 
     </span>
     <span class='ocr_line' id='line_1_14' title="bbox 122 1308 1127 1390; baseline -0.001 -20"><span class='ocrx_word' id='word_1_108' title='bbox 122 1311 259 1370; x_wconf 87' lang='lat' dir='ltr'>maceriis</span> <span class='ocrx_word' id='word_1_109' title='bbox 276 1309 425 1370; x_wconf 90' lang='lat' dir='ltr'>hortorum</span> <span class='ocrx_word' id='word_1_110' title='bbox 440 1310 589 1372; x_wconf 85' lang='lat' dir='ltr'>Vitelliani</span> <span class='ocrx_word' id='word_1_111' title='bbox 604 1313 640 1373; x_wconf 86' lang='lat' dir='ltr'>ad</span> <span class='ocrx_word' id='word_1_112' title='bbox 656 1329 753 1372; x_wconf 87' lang='lat' dir='ltr'>serruu</span> <span class='ocrx_word' id='word_1_113' title='bbox 766 1311 944 1390; x_wconf 87' lang='lat' dir='ltr'>usqucdiem</span> <span class='ocrx_word' id='word_1_114' title='bbox 956 1313 1037 1372; x_wconf 83' lang='lat' dir='ltr'>saxis</span> <span class='ocrx_word' id='word_1_115' title='bbox 1048 1308 1127 1389; x_wconf 89' lang='lat' dir='ltr'>pilis·</span> 
     </span>
     <span class='ocr_line' id='line_1_15' title="bbox 124 1391 1127 1475; baseline 0 -23"><span class='ocrx_word' id='word_1_116' title='bbox 124 1411 182 1474; x_wconf 89' lang='lat' dir='ltr'>quc</span> <span class='ocrx_word' id='word_1_117' title='bbox 195 1392 353 1454; x_wconf 87' lang='lat' dir='ltr'>subeuntes</span> <span class='ocrx_word' id='word_1_118' title='bbox 369 1393 521 1471; x_wconf 78' lang='lat' dir='ltr'>eruebant,</span> <span class='ocrx_word' id='word_1_119' title='bbox 539 1395 634 1456; x_wconf 90' lang='lat' dir='ltr'>donec</span> <span class='ocrx_word' id='word_1_120' title='bbox 650 1395 687 1454; x_wconf 90' lang='lat' dir='ltr'>ab</span> <span class='ocrx_word' id='word_1_121' title='bbox 702 1393 863 1475; x_wconf 87' lang='lat' dir='ltr'>equitibus,</span> <span class='ocrx_word' id='word_1_122' title='bbox 888 1398 935 1473; x_wconf 89' lang='lat' dir='ltr'>qui</span> <span class='ocrx_word' id='word_1_123' title='bbox 959 1403 1043 1473; x_wconf 92' lang='lat' dir='ltr'>porta</span> <span class='ocrx_word' id='word_1_124' title='bbox 1061 1391 1127 1453; x_wconf 82' lang='lat' dir='ltr'>Gol-</span> 
     </span>
     <span class='ocr_line' id='line_1_16' title="bbox 124 1478 1128 1556; baseline -0.005 -17"><span class='ocrx_word' id='word_1_125' title='bbox 124 1479 182 1539; x_wconf 91' lang='lat' dir='ltr'>liua</span> <span class='ocrx_word' id='word_1_126' title='bbox 200 1478 383 1556; x_wconf 86' lang='lat' dir='ltr'>inruperant,</span> <span class='ocrx_word' id='word_1_127' title='bbox 408 1479 694 1539; x_wconf 81' lang='lat' dir='ltr'>circumvenirentur.</span> <span class='ocrx_word' id='word_1_128' title='bbox 727 1495 904 1540; x_wconf 88' lang='lat' dir='ltr'>concurrere</span> <span class='ocrx_word' id='word_1_129' title='bbox 927 1487 956 1538; x_wconf 90' lang='lat' dir='ltr'>et</span> <span class='ocrx_word' id='word_1_130' title='bbox 976 1480 1005 1538; x_wconf 90' lang='lat' dir='ltr'>iu</span> <span class='ocrx_word' id='word_1_131' title='bbox 1026 1494 1128 1555; x_wconf 90' lang='lat' dir='ltr'>campo</span> 
     </span>
     <span class='ocr_line' id='line_1_17' title="bbox 123 1559 1128 1640; baseline -0.004 -18"><span class='ocrx_word' id='word_1_132' title='bbox 123 1561 227 1622; x_wconf 87' lang='lat' dir='ltr'>blartio</span> <span class='ocrx_word' id='word_1_133' title='bbox 243 1560 367 1620; x_wconf 81' lang='lat' dir='ltr'>infestae</span> <span class='ocrx_word' id='word_1_134' title='bbox 381 1563 470 1618; x_wconf 88' lang='lat' dir='ltr'>ecies.</span> <span class='ocrx_word' id='word_1_135' title='bbox 503 1577 557 1640; x_wconf 89' lang='lat' dir='ltr'>pro</span> <span class='ocrx_word' id='word_1_136' title='bbox 572 1559 718 1622; x_wconf 83' lang='lat' dir='ltr'>Flavianis</span> <span class='ocrx_word' id='word_1_137' title='bbox 732 1563 848 1622; x_wconf 86' lang='lat' dir='ltr'>fortuna</span> <span class='ocrx_word' id='word_1_138' title='bbox 876 1569 905 1621; x_wconf 90' lang='lat' dir='ltr'>et</span> <span class='ocrx_word' id='word_1_139' title='bbox 925 1571 1007 1640; x_wconf 89' lang='lat' dir='ltr'>parta</span> <span class='ocrx_word' id='word_1_140' title='bbox 1022 1562 1128 1621; x_wconf 89' lang='lat' dir='ltr'>totiens</span> 
     </span>
     <span class='ocr_line' id='line_1_18' title="bbox 124 1641 1164 1724; baseline -0.003 -20"><span class='ocrx_word' id='word_1_141' title='bbox 124 1644 261 1705; x_wconf 83' lang='lat' dir='ltr'>victoria:</span> <span class='ocrx_word' id='word_1_142' title='bbox 277 1641 427 1704; x_wconf 88' lang='lat' dir='ltr'>Vitelliani</span> <span class='ocrx_word' id='word_1_143' title='bbox 447 1642 653 1723; x_wconf 86' lang='lat' dir='ltr'>desperatione</span> <span class='ocrx_word' id='word_1_144' title='bbox 671 1647 735 1706; x_wconf 88' lang='lat' dir='ltr'>sola</span> <span class='ocrx_word' id='word_1_145' title='bbox 754 1644 890 1714; x_wconf 90' lang='lat' dir='ltr'>ruebant;</span> <span class='ocrx_word' id='word_1_146' title='bbox 910 1654 939 1704; x_wconf 87' lang='lat' dir='ltr'>et</span> <span class='ocrx_word' id='word_1_147' title='bbox 955 1662 1125 1724; x_wconf 89' lang='lat' dir='ltr'>quamquam</span> <span class='ocrx_word' id='word_1_148' title='bbox 1138 1659 1164 1700; x_wconf 80' lang='lat' dir='ltr'>ao</span> 
     </span>
     <span class='ocr_line' id='line_1_19' title="bbox 126 1725 744 1808; baseline -0.003 -18"><span class='ocrx_word' id='word_1_149' title='bbox 126 1727 217 1808; x_wconf 87' lang='lat' dir='ltr'>pulsi,</span> <span class='ocrx_word' id='word_1_150' title='bbox 233 1745 333 1786; x_wconf 91' lang='lat' dir='ltr'>rursus</span> <span class='ocrx_word' id='word_1_151' title='bbox 349 1728 378 1785; x_wconf 92' lang='lat' dir='ltr'>in</span> <span class='ocrx_word' id='word_1_152' title='bbox 393 1725 465 1786; x_wconf 91' lang='lat' dir='ltr'>urbe</span> <span class='ocrx_word' id='word_1_153' title='bbox 481 1729 744 1807; x_wconf 88' lang='lat' dir='ltr'>congregabantur.</span> 
     </span>
    </p>

    <p class='ocr_par' dir='ltr' id='par_1_3' title="bbox 123 1809 1151 2393">
     <span class='ocr_line' id='line_1_20' title="bbox 188 1809 1128 1891; baseline 0.001 -20"><span class='ocrx_word' id='word_1_154' title='bbox 188 1809 239 1874; x_wconf 81' lang='lat'>83.</span> <span class='ocrx_word' id='word_1_155' title='bbox 262 1809 374 1871; x_wconf 79' lang='lat' dir='ltr'>Aderat</span> <span class='ocrx_word' id='word_1_156' title='bbox 389 1811 584 1890; x_wconf 86' lang='lat' dir='ltr'>pugnantibus</span> <span class='ocrx_word' id='word_1_157' title='bbox 601 1821 749 1888; x_wconf 87' lang='lat' dir='ltr'>spectator</span> <span class='ocrx_word' id='word_1_158' title='bbox 765 1811 911 1891; x_wconf 89' lang='lat' dir='ltr'>populus,</span> <span class='ocrx_word' id='word_1_159' title='bbox 934 1821 1022 1891; x_wconf 88' lang='lat' dir='ltr'>utque</span> <span class='ocrx_word' id='word_1_160' title='bbox 1044 1813 1072 1872; x_wconf 91' lang='lat' dir='ltr'>iu</span> <span class='ocrx_word' id='word_1_161' title='bbox 1087 1812 1128 1872; x_wconf 91' lang='lat' dir='ltr'>lu·</span> 
     </span>
     <span class='ocr_line' id='line_1_21' title="bbox 124 1895 1126 1975; baseline -0.002 -17"><span class='ocrx_word' id='word_1_162' title='bbox 124 1899 206 1958; x_wconf 88' lang='lat' dir='ltr'>dioro</span> <span class='ocrx_word' id='word_1_163' title='bbox 219 1896 393 1970; x_wconf 80' lang='lat' dir='ltr'>certamine,</span> <span class='ocrx_word' id='word_1_164' title='bbox 409 1895 483 1971; x_wconf 91' lang='lat' dir='ltr'>hos,</span> <span class='ocrx_word' id='word_1_165' title='bbox 500 1913 600 1956; x_wconf 81' lang='lat' dir='ltr'>rursus</span> <span class='ocrx_word' id='word_1_166' title='bbox 611 1895 679 1975; x_wconf 90' lang='lat' dir='ltr'>illos</span> <span class='ocrx_word' id='word_1_167' title='bbox 692 1897 821 1957; x_wconf 86' lang='lat' dir='ltr'>clamore</span> <span class='ocrx_word' id='word_1_168' title='bbox 839 1896 984 1974; x_wconf 88' lang='lat' dir='ltr'>etplausu</span> <span class='ocrx_word' id='word_1_169' title='bbox 994 1895 1126 1957; x_wconf 84' lang='lat' dir='ltr'>fovebat.</span> 
     </span>
     <span class='ocr_line' id='line_1_22' title="bbox 123 1977 1128 2062; baseline -0.001 -23"><span class='ocrx_word' id='word_1_170' title='bbox 123 1981 259 2062; x_wconf 86' lang='lat' dir='ltr'>quotiens</span> <span class='ocrx_word' id='word_1_171' title='bbox 279 1995 348 2056; x_wconf 91' lang='lat' dir='ltr'>pars</span> <span class='ocrx_word' id='word_1_172' title='bbox 372 1977 465 2038; x_wconf 86' lang='lat' dir='ltr'>ultera</span> <span class='ocrx_word' id='word_1_173' title='bbox 484 1977 671 2056; x_wconf 85' lang='lat' dir='ltr'>inclinasset,</span> <span class='ocrx_word' id='word_1_174' title='bbox 695 1979 811 2040; x_wconf 87' lang='lat' dir='ltr'>abditos</span> <span class='ocrx_word' id='word_1_175' title='bbox 832 1981 861 2039; x_wconf 91' lang='lat' dir='ltr'>iu</span> <span class='ocrx_word' id='word_1_176' title='bbox 884 1978 1014 2040; x_wconf 88' lang='lat' dir='ltr'>tabernis</span> <span class='ocrx_word' id='word_1_177' title='bbox 1036 1990 1084 2040; x_wconf 89' lang='lat' dir='ltr'>aut</span> <span class='ocrx_word' id='word_1_178' title='bbox 1104 1983 1128 2039; x_wconf 88' lang='lat' dir='ltr'>si</span> 
     </span>
     <span class='ocr_line' id='line_1_23' title="bbox 126 2060 1128 2143; baseline 0 -21"><span class='ocrx_word' id='word_1_179' title='bbox 126 2081 210 2142; x_wconf 87' lang='lat' dir='ltr'>quam</span> <span class='ocrx_word' id='word_1_180' title='bbox 225 2064 254 2122; x_wconf 90' lang='lat' dir='ltr'>in</span> <span class='ocrx_word' id='word_1_181' title='bbox 268 2061 383 2122; x_wconf 89' lang='lat' dir='ltr'>domum</span> <span class='ocrx_word' id='word_1_182' title='bbox 398 2060 608 2140; x_wconf 80' lang='lat' dir='ltr'>perfugerant,</span> <span class='ocrx_word' id='word_1_183' title='bbox 631 2063 692 2123; x_wconf 91' lang='lat' dir='ltr'>erui</span> <span class='ocrx_word' id='word_1_184' title='bbox 708 2063 890 2143; x_wconf 80' lang='lat' dir='ltr'>iugularique</span> <span class='ocrx_word' id='word_1_185' title='bbox 907 2063 1128 2142; x_wconf 86' lang='lat' dir='ltr'>expostulantes</span> 
     </span>
     <span class='ocr_line' id='line_1_24' title="bbox 124 2145 1151 2228; baseline -0.003 -20"><span class='ocrx_word' id='word_1_186' title='bbox 124 2155 208 2228; x_wconf 87' lang='lat' dir='ltr'>parte</span> <span class='ocrx_word' id='word_1_187' title='bbox 222 2148 332 2206; x_wconf 91' lang='lat' dir='ltr'>maiore</span> <span class='ocrx_word' id='word_1_188' title='bbox 347 2145 475 2226; x_wconf 83' lang='lat' dir='ltr'>praedae</span> <span class='ocrx_word' id='word_1_189' title='bbox 491 2145 693 2224; x_wconf 87' lang='lat' dir='ltr'>potiebantur:</span> <span class='ocrx_word' id='word_1_190' title='bbox 715 2164 780 2208; x_wconf 88' lang='lat' dir='ltr'>uam</span> <span class='ocrx_word' id='word_1_191' title='bbox 794 2147 886 2208; x_wconf 90' lang='lat' dir='ltr'>milite</span> <span class='ocrx_word' id='word_1_192' title='bbox 909 2145 945 2208; x_wconf 90' lang='lat' dir='ltr'>ad</span> <span class='ocrx_word' id='word_1_193' title='bbox 960 2149 1151 2224; x_wconf 76' lang='lat' dir='ltr'>sanguinems</span> 
     </span>
     <span class='ocr_line' id='line_1_25' title="bbox 124 2228 1127 2308; baseline -0.001 -16"><span class='ocrx_word' id='word_1_194' title='bbox 124 2241 155 2292; x_wconf 91' lang='lat' dir='ltr'>et</span> <span class='ocrx_word' id='word_1_195' title='bbox 169 2229 278 2293; x_wconf 88' lang='lat' dir='ltr'>caedes</span> <span class='ocrx_word' id='word_1_196' title='bbox 295 2228 424 2290; x_wconf 88' lang='lat' dir='ltr'>obverso</span> <span class='ocrx_word' id='word_1_197' title='bbox 439 2229 534 2307; x_wconf 87' lang='lat' dir='ltr'>spolia</span> <span class='ocrx_word' id='word_1_198' title='bbox 555 2231 584 2288; x_wconf 91' lang='lat' dir='ltr'>in</span> <span class='ocrx_word' id='word_1_199' title='bbox 600 2231 707 2308; x_wconf 84' lang='lat' dir='ltr'>volgus</span> <span class='ocrx_word' id='word_1_200' title='bbox 728 2229 881 2291; x_wconf 85' lang='lat' dir='ltr'>cedebant.</span> <span class='ocrx_word' id='word_1_201' title='bbox 911 2248 999 2293; x_wconf 87' lang='lat' dir='ltr'>saeva</span> <span class='ocrx_word' id='word_1_202' title='bbox 1023 2249 1058 2291; x_wconf 90' lang='lat' dir='ltr'>ac</span> <span class='ocrx_word' id='word_1_203' title='bbox 1080 2231 1127 2292; x_wconf 91' lang='lat' dir='ltr'>de·</span> 
     </span>
     <span class='ocr_line' id='line_1_26' title="bbox 123 2313 1127 2393; baseline -0.002 -17"><span class='ocrx_word' id='word_1_204' title='bbox 123 2316 223 2376; x_wconf 81' lang='lat' dir='ltr'>formis</span> <span class='ocrx_word' id='word_1_205' title='bbox 240 2314 312 2374; x_wconf 91' lang='lat' dir='ltr'>urbe</span> <span class='ocrx_word' id='word_1_206' title='bbox 336 2323 396 2374; x_wconf 91' lang='lat' dir='ltr'>tota</span> <span class='ocrx_word' id='word_1_207' title='bbox 410 2313 520 2374; x_wconf 87' lang='lat' dir='ltr'>facies:</span> <span class='ocrx_word' id='word_1_208' title='bbox 543 2313 613 2374; x_wconf 86' lang='lat' dir='ltr'>alibi</span> <span class='ocrx_word' id='word_1_209' title='bbox 635 2314 749 2393; x_wconf 91' lang='lat' dir='ltr'>proelia</span> <span class='ocrx_word' id='word_1_210' title='bbox 771 2323 801 2374; x_wconf 92' lang='lat' dir='ltr'>et</span> <span class='ocrx_word' id='word_1_211' title='bbox 822 2314 957 2391; x_wconf 82' lang='lat' dir='ltr'>volnera,</span> <span class='ocrx_word' id='word_1_212' title='bbox 974 2314 1043 2375; x_wconf 90' lang='lat' dir='ltr'>alibi</span> <span class='ocrx_word' id='word_1_213' title='bbox 1057 2315 1127 2375; x_wconf 89' lang='lat' dir='ltr'>bali-</span> 
     </span>
    </p>
   </div>
   <div class='ocr_carea' id='block_1_3' title="bbox 20 2397 1264 2650">
    <p class='ocr_par' dir='ltr' id='par_1_4' title="bbox 20 2397 1264 2650">
     <span class='ocr_line' id='line_1_27' title="bbox 123 2397 1128 2478; baseline 0 -20"><span class='ocrx_word' id='word_1_214' title='bbox 123 2413 198 2460; x_wconf 88' lang='lat' dir='ltr'>neae</span> <span class='ocrx_word' id='word_1_215' title='bbox 215 2401 414 2478; x_wconf 86' lang='lat' dir='ltr'>popinaeque;</span> <span class='ocrx_word' id='word_1_216' title='bbox 446 2397 528 2458; x_wconf 91' lang='lat' dir='ltr'>simul</span> <span class='ocrx_word' id='word_1_217' title='bbox 552 2414 640 2458; x_wconf 87' lang='lat' dir='ltr'>cruor</span> <span class='ocrx_word' id='word_1_218' title='bbox 666 2409 695 2458; x_wconf 91' lang='lat' dir='ltr'>et</span> <span class='ocrx_word' id='word_1_219' title='bbox 724 2407 820 2458; x_wconf 81' lang='lat' dir='ltr'>suues</span> <span class='ocrx_word' id='word_1_220' title='bbox 850 2415 1024 2478; x_wconf 89' lang='lat' dir='ltr'>corporum,</span> <span class='ocrx_word' id='word_1_221' title='bbox 1050 2399 1128 2458; x_wconf 85' lang='lat' dir='ltr'>iuxta</span> 
     </span>
     <span class='ocr_line' id='line_1_28' title="bbox 20 2481 1128 2562; baseline 0 -20"><span class='ocrx_word' id='word_1_222' title='bbox 20 2493 21 2532; x_wconf 71' lang='lat'>1</span> <span class='ocrx_word' id='word_1_223' title='bbox 120 2491 222 2548; x_wconf 69' lang='lat' dir='ltr'>¹scorta</span> <span class='ocrx_word' id='word_1_224' title='bbox 239 2492 270 2546; x_wconf 88' lang='lat' dir='ltr'>et</span> <span class='ocrx_word' id='word_1_225' title='bbox 289 2483 395 2542; x_wconf 89' lang='lat' dir='ltr'>scortis</span> <span class='ocrx_word' id='word_1_226' title='bbox 420 2481 546 2549; x_wconf 87' lang='lat' dir='ltr'>similes;</span> <span class='ocrx_word' id='word_1_227' title='bbox 573 2491 707 2562; x_wconf 89' lang='lat' dir='ltr'>qnantum</span> <span class='ocrx_word' id='word_1_228' title='bbox 729 2485 758 2542; x_wconf 94' lang='lat' dir='ltr'>in</span> <span class='ocrx_word' id='word_1_229' title='bbox 775 2482 926 2544; x_wconf 86' lang='lat' dir='ltr'>luxurioso</span> <span class='ocrx_word' id='word_1_230' title='bbox 950 2483 1009 2541; x_wconf 93' lang='lat' dir='ltr'>otio</span> <span class='ocrx_word' id='word_1_231' title='bbox 1035 2481 1128 2542; x_wconf 90' lang='lat' dir='ltr'>libidi-</span> 
     </span>
     <span class='ocr_line' id='line_1_29' title="bbox 124 2563 1264 2650; baseline -0.003 -21"><span class='ocrx_word' id='word_1_232' title='bbox 124 2583 207 2646; x_wconf 88' lang='lat' dir='ltr'>num,</span> <span class='ocrx_word' id='word_1_233' title='bbox 226 2565 364 2646; x_wconf 90' lang='lat' dir='ltr'>quidquid</span> <span class='ocrx_word' id='word_1_234' title='bbox 380 2567 408 2624; x_wconf 93' lang='lat' dir='ltr'>in</span> <span class='ocrx_word' id='word_1_235' title='bbox 423 2563 614 2626; x_wconf 87' lang='lat' dir='ltr'>acerbissima</span> <span class='ocrx_word' id='word_1_236' title='bbox 630 2567 798 2646; x_wconf 88' lang='lat' dir='ltr'>captivitate</span> <span class='ocrx_word' id='word_1_237' title='bbox 820 2566 982 2642; x_wconf 87' lang='lat' dir='ltr'>scelerum,</span> <span class='ocrx_word' id='word_1_238' title='bbox 1007 2567 1163 2645; x_wconf 78' lang='lat' dir='ltr'>prorsusne</span> <span class='ocrx_word' id='word_1_239' title='bbox 1263 2645 1264 2650; x_wconf 8' lang='grc' dir='ltr'>ἵ</span> 
     </span>
    </p>
   </div>
   <div class='ocr_carea' id='block_1_4' title="bbox 121 2648 1200 3552">
    <p class='ocr_par' dir='ltr' id='par_1_5' title="bbox 123 2648 1200 2730">
     <span class='ocr_line' id='line_1_30' title="bbox 123 2648 1200 2730; baseline -0.003 -18"><span class='ocrx_word' id='word_1_240' title='bbox 123 2661 154 2712; x_wconf 92' lang='lat' dir='ltr'>ut</span> <span class='ocrx_word' id='word_1_241' title='bbox 168 2650 290 2712; x_wconf 85' lang='lat' dir='ltr'>candem</span> <span class='ocrx_word' id='word_1_242' title='bbox 300 2651 445 2710; x_wconf 89' lang='lat' dir='ltr'>civitatem</span> <span class='ocrx_word' id='word_1_243' title='bbox 460 2658 489 2709; x_wconf 91' lang='lat' dir='ltr'>et</span> <span class='ocrx_word' id='word_1_244' title='bbox 502 2648 601 2710; x_wconf 81' lang='lat' dir='ltr'>furere</span> <span class='ocrx_word' id='word_1_245' title='bbox 615 2649 754 2711; x_wconf 91' lang='lat' dir='ltr'>crederes</span> <span class='ocrx_word' id='word_1_246' title='bbox 769 2659 799 2710; x_wconf 90' lang='lat' dir='ltr'>et</span> <span class='ocrx_word' id='word_1_247' title='bbox 814 2650 961 2710; x_wconf 83' lang='lat' dir='ltr'>lascivire.</span> <span class='ocrx_word' id='word_1_248' title='bbox 990 2650 1127 2712; x_wconf 78' lang='lat' dir='ltr'>condire·</span> <span class='ocrx_word' id='word_1_249' title='bbox 1196 2718 1200 2730; x_wconf 31' lang='grc' dir='ltr'>ι</span> 
     </span>
    </p>

    <p class='ocr_par' dir='ltr' id='par_1_6' title="bbox 122 2732 1128 2812">
     <span class='ocr_line' id='line_1_31' title="bbox 122 2732 1128 2812; baseline -0.001 -16"><span class='ocrx_word' id='word_1_250' title='bbox 122 2744 187 2796; x_wconf 90' lang='lat' dir='ltr'>rant</span> <span class='ocrx_word' id='word_1_251' title='bbox 202 2741 233 2796; x_wconf 86' lang='lat' dir='ltr'>ot</span> <span class='ocrx_word' id='word_1_252' title='bbox 247 2744 314 2795; x_wconf 85' lang='lat' dir='ltr'>anto</span> <span class='ocrx_word' id='word_1_253' title='bbox 330 2735 431 2794; x_wconf 79' lang='lat' dir='ltr'>ansati</span> <span class='ocrx_word' id='word_1_254' title='bbox 448 2735 594 2806; x_wconf 67' lang='lat' dir='ltr'>exereitus</span> <span class='ocrx_word' id='word_1_255' title='bbox 611 2736 640 2794; x_wconf 89' lang='lat' dir='ltr'>in</span> <span class='ocrx_word' id='word_1_256' title='bbox 655 2734 745 2812; x_wconf 82' lang='lat' dir='ltr'>urbe,</span> <span class='ocrx_word' id='word_1_257' title='bbox 761 2734 806 2794; x_wconf 93' lang='lat' dir='ltr'>bis</span> <span class='ocrx_word' id='word_1_258' title='bbox 820 2733 907 2794; x_wconf 87' lang='lat' dir='ltr'>Lucio</span> <span class='ocrx_word' id='word_1_259' title='bbox 922 2732 1019 2810; x_wconf 88' lang='lat' dir='ltr'>Sulla,</span> <span class='ocrx_word' id='word_1_260' title='bbox 1035 2734 1128 2795; x_wconf 88' lang='lat' dir='ltr'>semel</span> 
     </span>
    </p>

    <p class='ocr_par' dir='ltr' id='par_1_7' title="bbox 122 2817 1127 2894">
     <span class='ocr_line' id='line_1_32' title="bbox 122 2817 1127 2894; baseline -0.001 -14"><span class='ocrx_word' id='word_1_261' title='bbox 122 2817 214 2880; x_wconf 78' lang='lat' dir='ltr'>Cinna</span> <span class='ocrx_word' id='word_1_262' title='bbox 237 2817 415 2894; x_wconf 84' lang='lat' dir='ltr'>victoribus,</span> <span class='ocrx_word' id='word_1_263' title='bbox 441 2836 497 2878; x_wconf 88' lang='lat' dir='ltr'>uec</span> <span class='ocrx_word' id='word_1_264' title='bbox 521 2827 589 2878; x_wconf 88' lang='lat' dir='ltr'>tunc</span> <span class='ocrx_word' id='word_1_265' title='bbox 609 2819 702 2879; x_wconf 89' lang='lat' dir='ltr'>minus</span> <span class='ocrx_word' id='word_1_266' title='bbox 731 2818 926 2880; x_wconf 85' lang='lat' dir='ltr'>crudelitatis:</span> <span class='ocrx_word' id='word_1_267' title='bbox 951 2837 1027 2880; x_wconf 90' lang='lat' dir='ltr'>nunc</span> <span class='ocrx_word' id='word_1_268' title='bbox 1047 2818 1127 2879; x_wconf 91' lang='lat' dir='ltr'>inbu-</span> 
     </span>
    </p>

    <p class='ocr_par' dir='ltr' id='par_1_8' title="bbox 121 2903 1128 2983">
     <span class='ocr_line' id='line_1_33' title="bbox 121 2903 1128 2983; baseline -0.003 -18"><span class='ocrx_word' id='word_1_269' title='bbox 121 2922 206 2964; x_wconf 79' lang='lat' dir='ltr'>mana</span> <span class='ocrx_word' id='word_1_270' title='bbox 228 2903 372 2962; x_wconf 86' lang='lat' dir='ltr'>securitas</span> <span class='ocrx_word' id='word_1_271' title='bbox 397 2911 425 2961; x_wconf 89' lang='lat' dir='ltr'>et</span> <span class='ocrx_word' id='word_1_272' title='bbox 450 2919 487 2962; x_wconf 90' lang='lat' dir='ltr'>ne</span> <span class='ocrx_word' id='word_1_273' title='bbox 509 2903 624 2962; x_wconf 89' lang='lat' dir='ltr'>minimo</span> <span class='ocrx_word' id='word_1_274' title='bbox 650 2903 764 2983; x_wconf 90' lang='lat' dir='ltr'>quidem</span> <span class='ocrx_word' id='word_1_275' title='bbox 787 2905 932 2983; x_wconf 67' lang='lat' dir='ltr'>‘temporis</span> <span class='ocrx_word' id='word_1_276' title='bbox 960 2903 1128 2982; x_wconf 83' lang='lat' dir='ltr'>voluptates</span> 
     </span>
    </p>

    <p class='ocr_par' dir='ltr' id='par_1_9' title="bbox 122 2985 1167 3066">
     <span class='ocr_line' id='line_1_34' title="bbox 122 2985 1167 3066; baseline 0 -20"><span class='ocrx_word' id='word_1_277' title='bbox 122 2988 319 3047; x_wconf 88' lang='lat' dir='ltr'>intermissae:</span> <span class='ocrx_word' id='word_1_278' title='bbox 336 2985 417 3046; x_wconf 84' lang='lat' dir='ltr'>velut</span> <span class='ocrx_word' id='word_1_279' title='bbox 437 2986 520 3046; x_wconf 84' lang='lat' dir='ltr'>lestis</span> <span class='ocrx_word' id='word_1_280' title='bbox 544 2985 647 3047; x_wconf 84' lang='lat' dir='ltr'>diebus</span> <span class='ocrx_word' id='word_1_281' title='bbox 666 2986 700 3047; x_wconf 91' lang='lat' dir='ltr'>id.</span> <span class='ocrx_word' id='word_1_282' title='bbox 716 3003 832 3066; x_wconf 90' lang='lat' dir='ltr'>quoque</span> <span class='ocrx_word' id='word_1_283' title='bbox 849 2987 983 3064; x_wconf 89' lang='lat' dir='ltr'>gaudium</span> <span class='ocrx_word' id='word_1_284' title='bbox 1004 2987 1126 3047; x_wconf 90' lang='lat' dir='ltr'>accede·</span> <span class='ocrx_word' id='word_1_285' title='bbox 1139 3002 1167 3040; x_wconf 74' lang='lat' dir='ltr'>te</span> 
     </span>
    </p>

    <p class='ocr_par' dir='ltr' id='par_1_10' title="bbox 123 3067 1126 3214">
     <span class='ocr_line' id='line_1_35' title="bbox 123 3067 1126 3212; baseline 0 -84"><span class='ocrx_word' id='word_1_286' title='bbox 123 3079 186 3212; x_wconf 67' lang='lat' dir='ltr'>pet,</span> <span class='ocrx_word' id='word_1_287' title='bbox 203 3067 400 3145; x_wconf 81' lang='lat' dir='ltr'>exsultabant,</span> <span class='ocrx_word' id='word_1_288' title='bbox 416 3067 599 3148; x_wconf 79' lang='lat' dir='ltr'>fruebantur,</span> <span class='ocrx_word' id='word_1_289' title='bbox 623 3070 701 3132; x_wconf 92' lang='lat' dir='ltr'>nulla</span> <span class='ocrx_word' id='word_1_290' title='bbox 720 3073 847 3150; x_wconf 83' lang='lat' dir='ltr'>partium</span> <span class='ocrx_word' id='word_1_291' title='bbox 862 3089 949 3147; x_wconf 86' lang='lat' dir='ltr'>cura,</span> <span class='ocrx_word' id='word_1_292' title='bbox 969 3070 1052 3130; x_wconf 85' lang='lat' dir='ltr'>malis</span> <span class='ocrx_word' id='word_1_293' title='bbox 1075 3088 1126 3148; x_wconf 92' lang='lat' dir='ltr'>pu-</span> 
     </span>
     <span class='ocr_line' id='line_1_36' title="bbox 145 3152 901 3214; baseline -0.008 -1"><span class='ocrx_word' id='word_1_294' title='bbox 145 3152 210 3213; x_wconf 90' lang='lat' dir='ltr'>licis</span> <span class='ocrx_word' id='word_1_295' title='bbox 224 3152 303 3214; x_wconf 88' lang='lat' dir='ltr'>laeti.</span> <span class='ocrx_word' id='word_1_296' title='bbox 899 3157 901 3160; x_wconf 82' lang='grc'><strong>’</strong></span> 
     </span>
    </p>

    <p class='ocr_par' dir='ltr' id='par_1_11' title="bbox 122 3235 1126 3546">
     <span class='ocr_line' id='line_1_37' title="bbox 187 3235 1124 3320; baseline -0.005 -21"><span class='ocrx_word' id='word_1_297' title='bbox 187 3235 237 3298; x_wconf 84' lang='grc'>84.</span> <span class='ocrx_word' id='word_1_298' title='bbox 256 3236 424 3304; x_wconf 76' lang='grc' dir='ltr'>,ΡΙιιιίιιιιιιη</span> <span class='ocrx_word' id='word_1_299' title='bbox 452 3237 537 3296; x_wconf 91' lang='lat' dir='ltr'>molis</span> <span class='ocrx_word' id='word_1_300' title='bbox 568 3239 842 3320; x_wconf 83' lang='lat' dir='ltr'>inobpuguatioue</span> <span class='ocrx_word' id='word_1_301' title='bbox 876 3246 1036 3299; x_wconf 89' lang='lat' dir='ltr'>castrorum</span> <span class='ocrx_word' id='word_1_302' title='bbox 1061 3237 1124 3311; x_wconf 86' lang='lat' dir='ltr'>fuit,</span> 
     </span>
     <span class='ocr_line' id='line_1_38' title="bbox 124 3315 1124 3402; baseline -0.004 -22"><span class='ocrx_word' id='word_1_303' title='bbox 124 3337 200 3402; x_wconf 89' lang='lat' dir='ltr'>quae</span> <span class='ocrx_word' id='word_1_304' title='bbox 215 3324 371 3382; x_wconf 90' lang='lat' dir='ltr'>acerrimus</span> <span class='ocrx_word' id='word_1_305' title='bbox 383 3321 516 3400; x_wconf 38' lang='lat' dir='ltr'>,quisque</span> <span class='ocrx_word' id='word_1_306' title='bbox 539 3332 568 3382; x_wconf 94' lang='lat' dir='ltr'>ut</span> <span class='ocrx_word' id='word_1_307' title='bbox 582 3324 774 3390; x_wconf 75' lang='lat' dir='ltr'>nouissimam,</span> <span class='ocrx_word' id='word_1_308' title='bbox 784 3339 866 3400; x_wconf 79' lang='lat' dir='ltr'>spem</span> <span class='ocrx_word' id='word_1_309' title='bbox 884 3315 1056 3396; x_wconf 84' lang='lat' dir='ltr'>retinebant.</span> <span class='ocrx_word' id='word_1_310' title='bbox 1088 3335 1124 3376; x_wconf 92' lang='lat' dir='ltr'>eo</span> 
     </span>
     <span class='ocr_line' id='line_1_39' title="bbox 122 3401 1126 3546; baseline -0.009 -80"><span class='ocrx_word' id='word_1_311' title='bbox 122 3407 259 3466; x_wconf 81' lang='lat' dir='ltr'>intentius</span> <span class='ocrx_word' id='word_1_312' title='bbox 273 3407 420 3482; x_wconf 85' lang='lat' dir='ltr'>uictores,</span> <span class='ocrx_word' id='word_1_313' title='bbox 440 3407 600 3486; x_wconf 89' lang='lat' dir='ltr'>praecipuo</span> <span class='ocrx_word' id='word_1_314' title='bbox 613 3417 742 3470; x_wconf 86' lang='lat' dir='ltr'>veterum</span> <span class='ocrx_word' id='word_1_315' title='bbox 754 3405 912 3464; x_wconf 89' lang='lat' dir='ltr'>cohortium</span> <span class='ocrx_word' id='word_1_316' title='bbox 924 3401 1039 3546; x_wconf 67' lang='lat' dir='ltr'>s9tudio,</span> <span class='ocrx_word' id='word_1_317' title='bbox 1056 3419 1126 3458; x_wconf 91' lang='lat' dir='ltr'>cun-</span> 
     </span>
    </p>

    <p class='ocr_par' dir='ltr' id='par_1_12' title="bbox 166 3511 383 3552">
     <span class='ocr_line' id='line_1_40' title="bbox 166 3511 383 3552; baseline 0 -3"><span class='ocrx_word' id='word_1_318' title='bbox 166 3511 254 3550; x_wconf 72' lang='lat' dir='ltr'>uoltu</span> <span class='ocrx_word' id='word_1_319' title='bbox 269 3511 340 3552; x_wconf 76' lang='lat' dir='ltr'>PARS</span> <span class='ocrx_word' id='word_1_320' title='bbox 354 3511 383 3549; x_wconf 83' lang='lat' dir='ltr'>ll.</span> 
     </span>
    </p>
   </div>
   <div class='ocr_carea' id='block_1_5' title="bbox 0 0 1288 3870">
    <p class='ocr_par' dir='ltr' id='par_1_13' title="bbox 0 0 1288 3870">
     <span class='ocr_line' id='line_1_41' title="bbox 0 0 1288 3870; baseline 0 0"><span class='ocrx_word' id='word_1_321' title='bbox 0 0 1288 3870; x_wconf 95' lang='lat' dir='ltr'> </span> 
     </span>
    </p>
   </div>
  </div>
 </body>
</html>
