2536 3870
152 165 211 226 tto
386 175 551 224 concussu
569 173 686 222 uncum
701 173 943 222 ursuoarununr

150 333 254 393 altiore
267 330 406 408 consilio,
419 339 518 391 cetera
533 349 570 390 ex
582 339 687 390 eventu
701 328 893 404 iudicaturus,
906 345 1016 388 novare
1031 346 1079 388 res
1095 327 1158 388 boc

150 417 236 478 modo
253 416 361 494 coepit.
400 417 479 475 iussu
497 413 608 476 Vitellii
623 413 795 475 Batavorum
813 413 946 473 iuventus
960 413 997 474 ad
1016 412 1158 474 dilectum

150 500 324 576 vocabatur,
346 517 432 578 quem
454 507 557 577 suapte
585 506 685 558 natura
708 514 829 576 gravem
852 496 1013 558 onerabant
1032 497 1158 556 ministri

125 585 270 646 savaritia
285 602 320 644 ac
334 584 418 659 luxu,
435 599 522 643 senes
537 591 585 642 aut
600 581 743 642 invalidos
765 582 980 660 conquirendo,
996 599 1069 661 quos
1086 598 1158 659 pre·
1252 575 1254 588 ¹

150 671 190 729 tio
214 668 403 728 dimitterent:
440 683 540 727 rursus
556 665 679 746 inpubes
700 673 730 725 et
749 665 842 725 iorma
868 666 1019 745 conspicui
1040 667 1087 745 (et
1108 673 1160 724 est

153 754 300 832 plerisque
317 769 441 830 proceru
456 751 595 830 pueritia)
608 749 645 810 ad
657 759 785 828 stuprum
801 749 997 810 trahebantur.
1029 748 1096 809 binc
1112 749 1158 807 in·

150 837 226 896 vidia
242 845 272 895 et
286 837 468 914 compositae
483 833 634 894 seditionis
648 843 786 894 auctores
800 833 958 912 perpulere
972 841 1003 892 ut
1017 832 1157 892 dilectum

151 921 319 980 abnuerent.
358 918 460 994 Civilis
482 921 625 997 primores
648 919 743 994 gentis
765 926 795 977 et
815 917 1046 996 promptissimos
1062 915 1158 992 volgi,

116 1019 141 1060 rr
151 1005 252 1082 specie
269 1003 419 1082 epularum
435 1019 549 1064 sacrum
565 1003 594 1063 in
607 1019 707 1061 nemus
722 1009 861 1077 vocatos,
878 1000 926 1061 ubi
941 1009 1029 1061 nocte
1044 1018 1079 1062 ac
1093 1000 1157 1059 lae·

150 1089 210 1147 titia
226 1087 381 1146 incaluisse
396 1085 490 1160 videt,
515 1103 530 1144 a
546 1084 630 1145 laude
652 1084 805 1164 gloriaque
826 1085 923 1162 gentis
938 1102 1023 1144 orsus
1037 1084 1159 1144 iniurias
1244 1079 1249 1089 '

152 1181 180 1230 ct
196 1177 295 1247 raptus
312 1179 341 1228 et
362 1177 462 1228 cetera
485 1169 595 1228 servitii
611 1169 685 1228 mala
708 1179 869 1229 enumerat:
900 1185 996 1247 neque
1017 1169 1093 1228 enirn
1108 1184 1157 1226 so·

152 1257 302 1329 rietatem,
326 1261 357 1312 ut
377 1253 462 1324 olim,
485 1252 537 1313 sed
558 1262 702 1331 tamquam
723 1255 867 1331 mancipia
891 1251 1008 1313 baberi:
1041 1251 1157 1330 quando
1255 1253 1256 1256 ’

151 1339 294 1415 legatum,
306 1338 389 1414 gravi
406 1337 521 1415 quidem
533 1338 670 1412 comitatu
684 1346 713 1397 et
727 1335 872 1414 superbo,
889 1354 952 1396 cunr
966 1336 1089 1413 imperio
1107 1353 1156 1393 ve

116 1437 141 1477 rs
151 1417 234 1481 nire?
266 1419 339 1481 tradi
354 1438 388 1479 se
406 1421 566 1499 praelectis
582 1419 873 1498 centurionibusque;
896 1437 971 1499 quos
985 1417 1034 1478 ubi
1052 1419 1160 1496 spoliis

152 1515 181 1565 et
196 1506 336 1583 sanguine
358 1505 561 1582 expleverint,
585 1505 703 1579 mutari,
726 1505 899 1583 exquirique
920 1520 1015 1564 novos
1031 1503 1111 1562 sinus
1128 1510 1160 1560 ct

151 1590 229 1649 varia
246 1587 402 1667 praedandi
420 1586 572 1648 vocabula.
608 1587 716 1647 instare
731 1586 882 1663 dilectum,
899 1604 956 1664 quo
971 1585 1056 1645 liberi
1073 1603 1089 1644 a
1107 1603 1160 1662 pa·

151 1671 297 1747 rentibus,
309 1672 415 1731 iratres
429 1689 445 1731 a
458 1669 595 1731 iratribus
609 1671 690 1730 vclat
704 1687 868 1748 supremum
884 1669 1054 1732 dividantur.
1078 1685 1160 1728 num·

152 1773 236 1834 qaam
257 1755 349 1830 magis
371 1753 514 1813 addictam
536 1772 597 1813 rem
618 1755 777 1814 llomanam
799 1771 854 1813 nec
881 1752 957 1813 aliud
979 1753 1007 1811 in
1027 1751 1162 1812 bibernis

117 1859 142 1898 20
153 1855 236 1918 quam
253 1835 390 1914 praedam
406 1845 436 1895 et
457 1853 560 1895 senes:
594 1837 760 1898 attollerent
775 1845 883 1897 tantum
899 1836 1001 1896 oculos
1017 1845 1047 1896 et
1064 1838 1161 1896 inania

151 1921 297 1998 legionum
309 1919 424 1980 nomina
438 1937 476 1980 ne
487 1929 690 1998 pavescerent.
714 1929 742 1980 at
757 1919 812 1980 sibi
829 1920 918 1980 robur
934 1920 1061 1999 pediturn
1076 1922 1160 1997 equi-

152 2016 283 2084 tumque,
306 2005 542 2080 consanguineos
562 2002 743 2079 Germanos,
769 2003 879 2065 Gallias
905 2004 981 2064 idem
1003 2003 1159 2083 cupientis.

151 2109 189 2150 ne
200 2088 339 2150 Romanis
354 2087 469 2167 quidem
484 2090 626 2166 ingratum
641 2087 669 2147 id
682 2087 808 2164 bellum,
825 2089 906 2148 cuius
921 2087 1084 2164 ambiguam
1100 2087 1160 2146 ior·

152 2184 247 2234 tunam
263 2172 448 2252 Vespasiano
464 2175 662 2252 inputaturus:
677 2173 819 2233 victoriae
835 2173 977 2232 rationem
993 2189 1055 2232 non
1065 2171 1161 2231 reddi.

217 2257 266 2318 15.
289 2256 397 2333 blagno
420 2274 484 2317 cum
507 2255 632 2317 adsensu
657 2256 769 2317 auditus
790 2255 916 2316 barbaro
939 2257 995 2316 ritu
1013 2264 1042 2314 et
1057 2254 1162 2334 patriis

153 2339 404 2403 exsecrationibus
425 2342 579 2401 universos
604 2340 705 2417 adigit.
740 2340 820 2400 missi
835 2340 871 2400 ad
890 2339 1096 2401 Canninefates
1112 2342 1163 2418 qui

153 2425 275 2488 consilia
290 2425 446 2485 sociarent.
476 2441 511 2484 ea
529 2442 604 2502 gens
619 2433 730 2502 partem
746 2423 858 2484 insulae
872 2424 958 2500 colit,
975 2423 1090 2500 origine
1105 2423 1163 2483 lin-

153 2529 210 2589 gua
231 2511 337 2570 virtute
359 2525 413 2588 par
428 2501 558 2574 Batavis:
584 2524 703 2569 numero
729 2517 910 2586 superantur.
947 2525 1014 2568 mox
1035 2507 1163 2568 occultis

130 2594 258 2654 enuntiis
279 2592 402 2672 pellexit
417 2591 579 2652 Britannica
593 2592 717 2669 auxilia,
741 2590 914 2652 batavorum
937 2591 1075 2652 cobortes
1093 2592 1163 2652 mis·

153 2698 201 2738 ses
224 2679 253 2737 in
274 2677 470 2752 Germaniam,
492 2684 524 2736 ut
545 2695 634 2756 supra
652 2676 832 2751 rettulimus,
855 2695 889 2736 ac
908 2685 966 2736 tum
979 2675 1163 2752 Mogontiaci

153 2770 285 2839 agentes.
327 2769 389 2820 erat
413 2762 443 2820 in
462 2758 700 2822 Canninefatibus
728 2759 853 2820 stolidae
879 2760 1018 2821 audaciae
1039 2758 1162 2837 Brinno,

153 2846 285 2906 claritate
313 2843 448 2904 natalium
476 2844 599 2921 insigni3
626 2854 710 2924 pater
732 2845 795 2904 eius
815 2844 902 2904 multa
930 2843 1045 2904 hostilia
1072 2862 1163 2904 ausus

153 2929 324 2990 Gaianarum
340 2928 556 3006 expeditionum
575 2928 727 2990 ludibrium
749 2931 857 3007 inpune
878 2938 1042 3008 spreverat.
1073 2929 1164 3006 igitur

120 3029 142 3068 vc
153 3017 218 3093 ipso
234 3012 356 3073 rebellis
370 3011 497 3072 iamiliae
508 3012 622 3072 nomine
636 3013 746 3094 placuit
762 3012 962 3091 inpositusque
978 3021 1062 3073 scuto
1077 3029 1162 3072 more

153 3098 250 3174 gentis
267 3106 296 3158 et
314 3096 514 3157 sustinentium
529 3099 636 3157 umeris
650 3096 780 3157 vibratus
792 3095 849 3156 dux
871 3096 1016 3174 deligitur.
1051 3098 1162 3157 statim·

154 3200 211 3259 que
234 3182 336 3242 accitis
358 3179 461 3241 Frisiis
481 3180 703 3259 (transrhenana
728 3198 803 3258 gens
826 3184 898 3261 est),
918 3181 1035 3242 duarum
1055 3179 1161 3241 cobor-

153 3269 221 3324 tiam
237 3265 357 3326 hiberna
374 3267 506 3345 proxima
521 3275 691 3344 occupatum
705 3266 824 3325 Oceano
845 3267 988 3346 inrumpit.
1018 3264 1075 3325 nec'
1090 3281 1162 3343 prc-

111 3417 116 3431 μ
154 3348 285 3408 viderant
298 3351 432 3427 impetum
447 3349 571 3409 bostium
586 3349 709 3425 milites,
724 3366 797 3426 nec,
813 3352 837 3409 si
852 3350 1063 3431 prouidissent,
1088 3350 1161 3408 satis

121 3430 256 3489 sumntum
281 3432 316 3492 ad
338 3430 493 3492 arcendum
515 3441 592 3494 erat:
628 3443 713 3514 capta
739 3434 827 3510 igitur
855 3452 891 3495 ac
920 3435 1031 3512 direpta
1051 3441 1159 3492 castra.
