<?xml version="1.0" encoding="UTF-8"?>
<!DOCTYPE html PUBLIC "-//W3C//DTD XHTML 1.0 Transitional//EN"
    "http://www.w3.org/TR/xhtml1/DTD/xhtml1-transitional.dtd">
<html xmlns="http://www.w3.org/1999/xhtml" xml:lang="en" lang="en">
 <head>
  <title>
</title>
<meta http-equiv="Content-Type" content="text/html;charset=utf-8" />
  <meta name='ocr-system' content='tesseract 3.04.00' />
  <meta name='ocr-capabilities' content='ocr_page ocr_carea ocr_par ocr_line ocrx_word'/>
</head>
<body>
  <div class='ocr_page' id='page_1' title='image "./libriquisupersu02tacigoog/libriquisupersu02tacigoog_0286.png"; bbox 0 0 2570 3878; ppageno 0'>
   <div class='ocr_carea' id='block_1_1' title="bbox 452 115 1150 183">
    <p class='ocr_par' dir='ltr' id='par_1_1' title="bbox 452 115 1150 183">
     <span class='ocr_line' id='line_1_1' title="bbox 452 115 1150 183; baseline 0.014 -15"><span class='ocrx_word' id='word_1_1' title='bbox 452 121 557 169; x_wconf 78' lang='lat' dir='ltr'>erana</span> <span class='ocrx_word' id='word_1_2' title='bbox 568 123 643 172; x_wconf 85' lang='lat' dir='ltr'>x111.</span> <span class='ocrx_word' id='word_1_3' title='bbox 664 123 739 174; x_wconf 81' lang='lat' dir='ltr'>cna.</span> <span class='ocrx_word' id='word_1_4' title='bbox 755 121 851 178; x_wconf 85' lang='lat' dir='ltr'>a-u.</span> <span class='ocrx_word' id='word_1_5' title='bbox 921 178 923 183; x_wconf 84' lang='grc'><strong>,</strong></span> <span class='ocrx_word' id='word_1_6' title='bbox 1089 115 1150 178; x_wconf 82' lang='grc'>227</span> 
     </span>
    </p>
   </div>
   <div class='ocr_carea' id='block_1_2' title="bbox 86 276 1264 3399">
    <p class='ocr_par' dir='ltr' id='par_1_2' title="bbox 146 276 1151 358">
     <span class='ocr_line' id='line_1_2' title="bbox 146 276 1151 358; baseline 0.004 -20"><span class='ocrx_word' id='word_1_7' title='bbox 146 279 201 358; x_wconf 83' lang='lat' dir='ltr'>rit,</span> <span class='ocrx_word' id='word_1_8' title='bbox 224 295 321 357; x_wconf 81' lang='lat' dir='ltr'>neque</span> <span class='ocrx_word' id='word_1_9' title='bbox 337 276 481 337; x_wconf 87' lang='lat' dir='ltr'>iuventam</span> <span class='ocrx_word' id='word_1_10' title='bbox 496 277 582 338; x_wconf 89' lang='lat' dir='ltr'>armis</span> <span class='ocrx_word' id='word_1_11' title='bbox 599 277 730 340; x_wconf 87' lang='lat' dir='ltr'>civilibus</span> <span class='ocrx_word' id='word_1_12' title='bbox 751 288 798 341; x_wconf 92' lang='lat' dir='ltr'>aut</span> <span class='ocrx_word' id='word_1_13' title='bbox 813 279 980 342; x_wconf 75' lang='lat' dir='ltr'><strong>domesticis</strong></span> <span class='ocrx_word' id='word_1_14' title='bbox 998 281 1151 343; x_wconf 77' lang='lat' dir='ltr'>discordiis</span> 
     </span>
    </p>

    <p class='ocr_par' dir='ltr' id='par_1_3' title="bbox 86 360 1185 1186">
     <span class='ocr_line' id='line_1_3' title="bbox 86 360 1173 446; baseline 0.004 -22"><span class='ocrx_word' id='word_1_15' title='bbox 86 429 88 434; x_wconf 68' lang='lat'>,</span> <span class='ocrx_word' id='word_1_16' title='bbox 146 362 288 433; x_wconf 90' lang='lat' dir='ltr'>inbutam;</span> <span class='ocrx_word' id='word_1_17' title='bbox 315 360 392 421; x_wconf 90' lang='lat' dir='ltr'>nulla</span> <span class='ocrx_word' id='word_1_18' title='bbox 418 360 498 440; x_wconf 90' lang='lat' dir='ltr'>odia,</span> <span class='ocrx_word' id='word_1_19' title='bbox 520 361 615 422; x_wconf 91' lang='lat' dir='ltr'>nullas</span> <span class='ocrx_word' id='word_1_20' title='bbox 635 363 752 424; x_wconf 89' lang='lat' dir='ltr'>iniurias</span> <span class='ocrx_word' id='word_1_21' title='bbox 776 382 832 425; x_wconf 90' lang='lat' dir='ltr'>nee</span> <span class='ocrx_word' id='word_1_22' title='bbox 856 365 1016 446; x_wconf 80' lang='lat' dir='ltr'>cupidinem</span> <span class='ocrx_word' id='word_1_23' title='bbox 1035 365 1173 428; x_wconf 83' lang='lat' dir='ltr'>ultionisu</span> 
     </span>
     <span class='ocr_line' id='line_1_4' title="bbox 146 445 1150 530; baseline 0.001 -20"><span class='ocrx_word' id='word_1_24' title='bbox 146 448 272 510; x_wconf 80' lang='lat' dir='ltr'>adferre.</span> <span class='ocrx_word' id='word_1_25' title='bbox 299 455 357 506; x_wconf 92' lang='lat' dir='ltr'>tum</span> <span class='ocrx_word' id='word_1_26' title='bbox 372 445 493 506; x_wconf 80' lang='lat' dir='ltr'>formam</span> <span class='ocrx_word' id='word_1_27' title='bbox 508 446 595 507; x_wconf 81' lang='lat' dir='ltr'>futuri</span> <span class='ocrx_word' id='word_1_28' title='bbox 608 448 785 528; x_wconf 77' lang='lat' dir='ltr'>principatus</span> <span class='ocrx_word' id='word_1_29' title='bbox 798 451 997 530; x_wconf 87' lang='lat' dir='ltr'>praescripsit,</span> <span class='ocrx_word' id='word_1_30' title='bbox 1013 468 1047 510; x_wconf 92' lang='lat' dir='ltr'>ea</span> <span class='ocrx_word' id='word_1_31' title='bbox 1062 452 1150 511; x_wconf 84' lang='lat' dir='ltr'>maxi·</span> 
     </span>
     <span class='ocr_line' id='line_1_5' title="bbox 131 530 1151 610; baseline 0.002 -16"><span class='ocrx_word' id='word_1_32' title='bbox 131 551 191 594; x_wconf 90' lang='lat' dir='ltr'>-me</span> <span class='ocrx_word' id='word_1_33' title='bbox 211 530 376 608; x_wconf 88' lang='lat' dir='ltr'>declinans,</span> <span class='ocrx_word' id='word_1_34' title='bbox 395 547 516 609; x_wconf 86' lang='lat' dir='ltr'>quorum</span> <span class='ocrx_word' id='word_1_35' title='bbox 529 549 635 592; x_wconf 90' lang='lat' dir='ltr'>recens</span> <span class='ocrx_word' id='word_1_36' title='bbox 650 531 791 610; x_wconf 77' lang='lat' dir='ltr'>flagrabat</span> <span class='ocrx_word' id='word_1_37' title='bbox 807 533 923 596; x_wconf 88' lang='lat' dir='ltr'>invidia.</span> <span class='ocrx_word' id='word_1_38' title='bbox 953 536 1101 594; x_wconf 89' lang='lat' dir='ltr'>nonenim</span> <span class='ocrx_word' id='word_1_39' title='bbox 1118 553 1151 596; x_wconf 90' lang='lat' dir='ltr'>se</span> 
     </span>
     <span class='ocr_line' id='line_1_6' title="bbox 145 613 1150 695; baseline 0.002 -17"><span class='ocrx_word' id='word_1_40' title='bbox 145 616 330 695; x_wconf 77' lang='lat' dir='ltr'>negotiorum</span> <span class='ocrx_word' id='word_1_41' title='bbox 346 613 470 675; x_wconf 89' lang='lat' dir='ltr'>omnium</span> <span class='ocrx_word' id='word_1_42' title='bbox 485 613 608 676; x_wconf 87' lang='lat' dir='ltr'>iudicem</span> <span class='ocrx_word' id='word_1_43' title='bbox 628 615 710 694; x_wconf 87' lang='lat' dir='ltr'>iore,</span> <span class='ocrx_word' id='word_1_44' title='bbox 735 625 765 676; x_wconf 90' lang='lat' dir='ltr'>ut</span> <span class='ocrx_word' id='word_1_45' title='bbox 790 619 895 679; x_wconf 92' lang='lat' dir='ltr'>clausis</span> <span class='ocrx_word' id='word_1_46' title='bbox 912 637 995 680; x_wconf 91' lang='lat' dir='ltr'>unam</span> <span class='ocrx_word' id='word_1_47' title='bbox 1010 620 1084 680; x_wconf 91' lang='lat' dir='ltr'>intra</span> <span class='ocrx_word' id='word_1_48' title='bbox 1099 617 1150 680; x_wconf 93' lang='lat' dir='ltr'>do-</span> 
     </span>
     <span class='ocr_line' id='line_1_7' title="bbox 144 697 1175 781; baseline 0.002 -19"><span class='ocrx_word' id='word_1_49' title='bbox 144 719 220 763; x_wconf 93' lang='lat' dir='ltr'>mum</span> <span class='ocrx_word' id='word_1_50' title='bbox 242 697 462 763; x_wconf 89' lang='lat' dir='ltr'>accusatoribus</span> <span class='ocrx_word' id='word_1_51' title='bbox 486 708 516 760; x_wconf 90' lang='lat' dir='ltr'>et</span> <span class='ocrx_word' id='word_1_52' title='bbox 538 699 598 760; x_wconf 89' lang='lat' dir='ltr'>reis</span> <span class='ocrx_word' id='word_1_53' title='bbox 621 704 777 779; x_wconf 84' lang='lat' dir='ltr'>paucorum</span> <span class='ocrx_word' id='word_1_54' title='bbox 801 704 930 781; x_wconf 89' lang='lat' dir='ltr'>potentia</span> <span class='ocrx_word' id='word_1_55' title='bbox 950 711 1175 781; x_wconf 59' lang='lat' dir='ltr'>grassaretur</span> 
     </span>
     <span class='ocr_line' id='line_1_8' title="bbox 144 782 1185 868; baseline 0 -22"><span class='ocrx_word' id='word_1_56' title='bbox 144 785 214 846; x_wconf 90' lang='lat' dir='ltr'>nibil</span> <span class='ocrx_word' id='word_1_57' title='bbox 230 786 259 845; x_wconf 95' lang='lat' dir='ltr'>in</span> <span class='ocrx_word' id='word_1_58' title='bbox 277 783 431 864; x_wconf 89' lang='lat' dir='ltr'>penatibus</span> <span class='ocrx_word' id='word_1_59' title='bbox 447 785 506 843; x_wconf 88' lang='lat' dir='ltr'>suis</span> <span class='ocrx_word' id='word_1_60' title='bbox 520 782 625 844; x_wconf 87' lang='lat' dir='ltr'>venale</span> <span class='ocrx_word' id='word_1_61' title='bbox 645 793 694 846; x_wconf 91' lang='lat' dir='ltr'>aut</span> <span class='ocrx_word' id='word_1_62' title='bbox 708 785 856 847; x_wconf 77' lang='lat' dir='ltr'>ambitioni</span> <span class='ocrx_word' id='word_1_63' title='bbox 872 789 1018 868; x_wconf 87' lang='lat' dir='ltr'>pervium;</span> <span class='ocrx_word' id='word_1_64' title='bbox 1041 787 1149 850; x_wconf 86' lang='lat' dir='ltr'>discre-</span> <span class='ocrx_word' id='word_1_65' title='bbox 1163 807 1185 846; x_wconf 81' lang='lat' dir='ltr'>rc</span> 
     </span>
     <span class='ocr_line' id='line_1_9' title="bbox 144 867 1148 950; baseline -0.001 -19"><span class='ocrx_word' id='word_1_66' title='bbox 144 881 200 931; x_wconf 91' lang='lat' dir='ltr'>tam</span> <span class='ocrx_word' id='word_1_67' title='bbox 215 868 328 930; x_wconf 92' lang='lat' dir='ltr'>domum</span> <span class='ocrx_word' id='word_1_68' title='bbox 344 875 373 927; x_wconf 92' lang='lat' dir='ltr'>et</span> <span class='ocrx_word' id='word_1_69' title='bbox 388 885 449 928; x_wconf 90' lang='lat' dir='ltr'>rem</span> <span class='ocrx_word' id='word_1_70' title='bbox 464 867 619 947; x_wconf 84' lang='lat' dir='ltr'>publicam.</span> <span class='ocrx_word' id='word_1_71' title='bbox 656 876 770 930; x_wconf 88' lang='lat' dir='ltr'>teneret</span> <span class='ocrx_word' id='word_1_72' title='bbox 785 871 900 950; x_wconf 88' lang='lat' dir='ltr'>antiqua</span> <span class='ocrx_word' id='word_1_73' title='bbox 911 872 1006 932; x_wconf 91' lang='lat' dir='ltr'>munia</span> <span class='ocrx_word' id='word_1_74' title='bbox 1022 880 1148 947; x_wconf 86' lang='lat' dir='ltr'>senatus,</span> 
     </span>
     <span class='ocr_line' id='line_1_10' title="bbox 145 951 1148 1034; baseline -0.001 -18"><span class='ocrx_word' id='word_1_75' title='bbox 145 953 296 1016; x_wconf 90' lang='lat' dir='ltr'>consulum</span> <span class='ocrx_word' id='word_1_76' title='bbox 314 951 504 1014; x_wconf 87' lang='lat' dir='ltr'>tribunalibus</span> <span class='ocrx_word' id='word_1_77' title='bbox 526 951 608 1014; x_wconf 91' lang='lat' dir='ltr'>ltalia</span> <span class='ocrx_word' id='word_1_78' title='bbox 632 963 662 1014; x_wconf 92' lang='lat' dir='ltr'>et</span> <span class='ocrx_word' id='word_1_79' title='bbox 681 952 817 1034; x_wconf 89' lang='lat' dir='ltr'>publicae</span> <span class='ocrx_word' id='word_1_80' title='bbox 838 956 1008 1034; x_wconf 84' lang='lat' dir='ltr'>provinciae</span> <span class='ocrx_word' id='word_1_81' title='bbox 1027 955 1148 1017; x_wconf 91' lang='lat' dir='ltr'>adsiste·</span> 
     </span>
     <span class='ocr_line' id='line_1_11' title="bbox 143 1035 1150 1117; baseline -0.002 -17"><span class='ocrx_word' id='word_1_82' title='bbox 143 1047 225 1100; x_wconf 90' lang='lat' dir='ltr'>rent:</span> <span class='ocrx_word' id='word_1_83' title='bbox 249 1037 290 1098; x_wconf 91' lang='lat' dir='ltr'>illi</span> <span class='ocrx_word' id='word_1_84' title='bbox 306 1044 418 1116; x_wconf 91' lang='lat' dir='ltr'>patrum</span> <span class='ocrx_word' id='word_1_85' title='bbox 431 1035 538 1098; x_wconf 93' lang='lat' dir='ltr'>aditum</span> <span class='ocrx_word' id='word_1_86' title='bbox 554 1036 747 1117; x_wconf 74' lang='lat' dir='ltr'>praeberent,</span> <span class='ocrx_word' id='word_1_87' title='bbox 770 1057 803 1098; x_wconf 88' lang='lat' dir='ltr'>se</span> <span class='ocrx_word' id='word_1_88' title='bbox 818 1039 958 1101; x_wconf 88' lang='lat' dir='ltr'>mandatis</span> <span class='ocrx_word' id='word_1_89' title='bbox 974 1039 1150 1101; x_wconf 80' lang='lat' dir='ltr'>exercitibus</span> 
     </span>
     <span class='ocr_line' id='line_1_12' title="bbox 145 1121 352 1186; baseline -0.024 -2"><span class='ocrx_word' id='word_1_90' title='bbox 145 1121 352 1186; x_wconf 89' lang='lat' dir='ltr'>consulturum.</span> 
     </span>
    </p>

    <p class='ocr_par' dir='ltr' id='par_1_4' title="bbox 144 1204 1208 2128">
     <span class='ocr_line' id='line_1_13' title="bbox 207 1204 1149 1286; baseline 0.004 -19"><span class='ocrx_word' id='word_1_91' title='bbox 207 1207 237 1267; x_wconf 78' lang='lat' dir='ltr'>d.</span> <span class='ocrx_word' id='word_1_92' title='bbox 260 1205 324 1266; x_wconf 88' lang='lat' dir='ltr'>Nec</span> <span class='ocrx_word' id='word_1_93' title='bbox 338 1204 429 1266; x_wconf 84' lang='lat' dir='ltr'>deluit</span> <span class='ocrx_word' id='word_1_94' title='bbox 444 1204 532 1281; x_wconf 86' lang='lat' dir='ltr'>fides,</span> <span class='ocrx_word' id='word_1_95' title='bbox 551 1206 699 1286; x_wconf 88' lang='lat' dir='ltr'>multaque</span> <span class='ocrx_word' id='word_1_96' title='bbox 718 1206 837 1268; x_wconf 90' lang='lat' dir='ltr'>arbitrio</span> <span class='ocrx_word' id='word_1_97' title='bbox 859 1217 975 1269; x_wconf 91' lang='lat' dir='ltr'>senatus</span> <span class='ocrx_word' id='word_1_98' title='bbox 997 1209 1149 1271; x_wconf 87' lang='lat' dir='ltr'>constituta</span> 
     </span>
     <span class='ocr_line' id='line_1_14' title="bbox 145 1289 1149 1369; baseline -0.001 -16"><span class='ocrx_word' id='word_1_99' title='bbox 145 1301 224 1354; x_wconf 91' lang='lat' dir='ltr'>sunt:</span> <span class='ocrx_word' id='word_1_100' title='bbox 247 1309 285 1351; x_wconf 90' lang='lat' dir='ltr'>ne</span> <span class='ocrx_word' id='word_1_101' title='bbox 303 1291 367 1369; x_wconf 82' lang='lat' dir='ltr'>quis</span> <span class='ocrx_word' id='word_1_102' title='bbox 386 1289 427 1350; x_wconf 88' lang='lat' dir='ltr'>ad·</span> <span class='ocrx_word' id='word_1_103' title='bbox 438 1306 555 1351; x_wconf 88' lang='lat' dir='ltr'>oausam</span> <span class='ocrx_word' id='word_1_104' title='bbox 571 1289 707 1351; x_wconf 90' lang='lat' dir='ltr'>orandam</span> <span class='ocrx_word' id='word_1_105' title='bbox 724 1291 861 1352; x_wconf 88' lang='lat' dir='ltr'>mercede</span> <span class='ocrx_word' id='word_1_106' title='bbox 876 1301 924 1353; x_wconf 90' lang='lat' dir='ltr'>aut</span> <span class='ocrx_word' id='word_1_107' title='bbox 939 1291 1022 1352; x_wconf 90' lang='lat' dir='ltr'>donis</span> <span class='ocrx_word' id='word_1_108' title='bbox 1039 1308 1149 1352; x_wconf 74' lang='lat' dir='ltr'>emere·</span> 
     </span>
     <span class='ocr_line' id='line_1_15' title="bbox 144 1373 1148 1455; baseline -0.003 -18"><span class='ocrx_word' id='word_1_109' title='bbox 144 1387 205 1455; x_wconf 88' lang='lat' dir='ltr'>tur,</span> <span class='ocrx_word' id='word_1_110' title='bbox 231 1393 269 1436; x_wconf 91' lang='lat' dir='ltr'>ne</span> <span class='ocrx_word' id='word_1_111' title='bbox 286 1374 445 1452; x_wconf 77' lang='lat' dir='ltr'>designatis</span> <span class='ocrx_word' id='word_1_112' title='bbox 468 1373 672 1452; x_wconf 84' lang='lat' dir='ltr'>qrraestoribus</span> <span class='ocrx_word' id='word_1_113' title='bbox 695 1374 799 1435; x_wconf 90' lang='lat' dir='ltr'>edendi</span> <span class='ocrx_word' id='word_1_114' title='bbox 818 1375 998 1453; x_wconf 81' lang='lat' dir='ltr'>gladiatores</span> <span class='ocrx_word' id='word_1_115' title='bbox 1018 1376 1148 1436; x_wconf 89' lang='lat' dir='ltr'>necessi·</span> 
     </span>
     <span class='ocr_line' id='line_1_16' title="bbox 144 1457 1149 1539; baseline -0.002 -19"><span class='ocrx_word' id='word_1_116' title='bbox 144 1470 187 1523; x_wconf 91' lang='lat' dir='ltr'>tas</span> <span class='ocrx_word' id='word_1_117' title='bbox 204 1468 292 1522; x_wconf 90' lang='lat' dir='ltr'>esset.</span> <span class='ocrx_word' id='word_1_118' title='bbox 322 1458 401 1538; x_wconf 82' lang='lat' dir='ltr'>quod</span> <span class='ocrx_word' id='word_1_119' title='bbox 417 1457 531 1536; x_wconf 87' lang='lat' dir='ltr'>quidem</span> <span class='ocrx_word' id='word_1_120' title='bbox 546 1458 718 1518; x_wconf 84' lang='lat' dir='ltr'>adversante</span> <span class='ocrx_word' id='word_1_121' title='bbox 731 1458 912 1539; x_wconf 79' lang='lat' dir='ltr'>Agrippina,</span> <span class='ocrx_word' id='word_1_122' title='bbox 929 1467 1071 1538; x_wconf 88' lang='lat' dir='ltr'>tamquam</span> <span class='ocrx_word' id='word_1_123' title='bbox 1086 1467 1149 1520; x_wconf 89' lang='lat' dir='ltr'>acta</span> 
     </span>
     <span class='ocr_line' id='line_1_17' title="bbox 146 1541 1172 1622; baseline 0 -16"><span class='ocrx_word' id='word_1_124' title='bbox 146 1544 257 1606; x_wconf 85' lang='lat' dir='ltr'>Claudii</span> <span class='ocrx_word' id='word_1_125' title='bbox 273 1543 526 1620; x_wconf 84' lang='lat' dir='ltr'>subverterentur,</span> <span class='ocrx_word' id='word_1_126' title='bbox 546 1541 699 1602; x_wconf 89' lang='lat' dir='ltr'>obtinuere</span> <span class='ocrx_word' id='word_1_127' title='bbox 714 1551 831 1622; x_wconf 88' lang='lat' dir='ltr'>patres,</span> <span class='ocrx_word' id='word_1_128' title='bbox 847 1543 896 1621; x_wconf 88' lang='lat' dir='ltr'>qni</span> <span class='ocrx_word' id='word_1_129' title='bbox 912 1543 940 1602; x_wconf 92' lang='lat' dir='ltr'>in</span> <span class='ocrx_word' id='word_1_130' title='bbox 954 1542 1093 1604; x_wconf 88' lang='lat' dir='ltr'>Palatium</span> <span class='ocrx_word' id='word_1_131' title='bbox 1110 1543 1172 1606; x_wconf 82' lang='lat' dir='ltr'>obs</span> 
     </span>
     <span class='ocr_line' id='line_1_18' title="bbox 144 1624 1149 1706; baseline -0.002 -16"><span class='ocrx_word' id='word_1_132' title='bbox 144 1629 173 1690; x_wconf 91' lang='lat' dir='ltr'>id</span> <span class='ocrx_word' id='word_1_133' title='bbox 183 1628 374 1705; x_wconf 86' lang='lat' dir='ltr'>vocabantur,</span> <span class='ocrx_word' id='word_1_134' title='bbox 385 1635 416 1687; x_wconf 92' lang='lat' dir='ltr'>ut</span> <span class='ocrx_word' id='word_1_135' title='bbox 427 1626 556 1688; x_wconf 84' lang='lat' dir='ltr'>adstaret</span> <span class='ocrx_word' id='word_1_136' title='bbox 569 1624 672 1687; x_wconf 90' lang='lat' dir='ltr'>additis</span> <span class='ocrx_word' id='word_1_137' title='bbox 683 1644 699 1687; x_wconf 91' lang='lat' dir='ltr'>a</span> <span class='ocrx_word' id='word_1_138' title='bbox 711 1635 797 1704; x_wconf 79' lang='lat' dir='ltr'>tergo</span> <span class='ocrx_word' id='word_1_139' title='bbox 809 1626 920 1687; x_wconf 86' lang='lat' dir='ltr'>foribus</span> <span class='ocrx_word' id='word_1_140' title='bbox 934 1627 1000 1687; x_wconf 82' lang='lat' dir='ltr'>velo</span> <span class='ocrx_word' id='word_1_141' title='bbox 1014 1626 1149 1706; x_wconf 89' lang='lat' dir='ltr'>discreta,</span> 
     </span>
     <span class='ocr_line' id='line_1_19' title="bbox 146 1709 1149 1794; baseline -0.004 -19"><span class='ocrx_word' id='word_1_142' title='bbox 146 1712 223 1794; x_wconf 87' lang='lat' dir='ltr'>quod</span> <span class='ocrx_word' id='word_1_143' title='bbox 238 1713 330 1774; x_wconf 87' lang='lat' dir='ltr'>visum</span> <span class='ocrx_word' id='word_1_144' title='bbox 354 1719 485 1789; x_wconf 90' lang='lat' dir='ltr'>arceret,</span> <span class='ocrx_word' id='word_1_145' title='bbox 510 1709 621 1772; x_wconf 90' lang='lat' dir='ltr'>auditus</span> <span class='ocrx_word' id='word_1_146' title='bbox 646 1727 703 1770; x_wconf 92' lang='lat' dir='ltr'>non</span> <span class='ocrx_word' id='word_1_147' title='bbox 723 1710 871 1772; x_wconf 88' lang='lat' dir='ltr'>adimeret.</span> <span class='ocrx_word' id='word_1_148' title='bbox 905 1711 972 1790; x_wconf 89' lang='lat' dir='ltr'>quin</span> <span class='ocrx_word' id='word_1_149' title='bbox 994 1720 1023 1772; x_wconf 88' lang='lat' dir='ltr'>et</span> <span class='ocrx_word' id='word_1_150' title='bbox 1043 1711 1149 1790; x_wconf 80' lang='lat' dir='ltr'>legatis</span> 
     </span>
     <span class='ocr_line' id='line_1_20' title="bbox 144 1794 1149 1877; baseline -0.004 -18"><span class='ocrx_word' id='word_1_151' title='bbox 144 1798 346 1860; x_wconf 78' lang='lat' dir='ltr'>Armeniorum</span> <span class='ocrx_word' id='word_1_152' title='bbox 367 1813 484 1856; x_wconf 88' lang='lat' dir='ltr'>causam</span> <span class='ocrx_word' id='word_1_153' title='bbox 507 1796 603 1875; x_wconf 79' lang='lat' dir='ltr'>gentis</span> <span class='ocrx_word' id='word_1_154' title='bbox 618 1794 694 1875; x_wconf 90' lang='lat' dir='ltr'>apud</span> <span class='ocrx_word' id='word_1_155' title='bbox 710 1794 858 1877; x_wconf 85' lang='lat' dir='ltr'>Neronem</span> <span class='ocrx_word' id='word_1_156' title='bbox 880 1794 1029 1856; x_wconf 88' lang='lat' dir='ltr'>orantibus</span> <span class='ocrx_word' id='word_1_157' title='bbox 1048 1814 1149 1857; x_wconf 87' lang='lat' dir='ltr'>escen·</span> 
     </span>
     <span class='ocr_line' id='line_1_21' title="bbox 144 1879 1149 1962; baseline -0.006 -18"><span class='ocrx_word' id='word_1_158' title='bbox 144 1884 215 1945; x_wconf 87' lang='lat' dir='ltr'>dere</span> <span class='ocrx_word' id='word_1_159' title='bbox 231 1889 400 1962; x_wconf 74' lang='lat' dir='ltr'>suggestum</span> <span class='ocrx_word' id='word_1_160' title='bbox 415 1881 600 1960; x_wconf 90' lang='lat' dir='ltr'>imperatoris</span> <span class='ocrx_word' id='word_1_161' title='bbox 615 1889 644 1939; x_wconf 91' lang='lat' dir='ltr'>et</span> <span class='ocrx_word' id='word_1_162' title='bbox 660 1879 828 1959; x_wconf 84' lang='lat' dir='ltr'>praesidere</span> <span class='ocrx_word' id='word_1_163' title='bbox 843 1879 926 1941; x_wconf 91' lang='lat' dir='ltr'>simul</span> <span class='ocrx_word' id='word_1_164' title='bbox 940 1879 1080 1960; x_wconf 90' lang='lat' dir='ltr'>parabat,</span> <span class='ocrx_word' id='word_1_165' title='bbox 1095 1880 1149 1939; x_wconf 92' lang='lat' dir='ltr'>nisi</span> 
     </span>
     <span class='ocr_line' id='line_1_22' title="bbox 144 1963 1186 2046; baseline -0.003 -17"><span class='ocrx_word' id='word_1_166' title='bbox 144 1967 253 2029; x_wconf 89' lang='lat' dir='ltr'>ceteris</span> <span class='ocrx_word' id='word_1_167' title='bbox 276 1980 387 2046; x_wconf 86' lang='lat' dir='ltr'>pavore</span> <span class='ocrx_word' id='word_1_168' title='bbox 411 1963 516 2026; x_wconf 81' lang='lat' dir='ltr'>deliris</span> <span class='ocrx_word' id='word_1_169' title='bbox 537 1964 651 2024; x_wconf 88' lang='lat' dir='ltr'>Seneca</span> <span class='ocrx_word' id='word_1_170' title='bbox 679 1963 892 2041; x_wconf 86' lang='lat' dir='ltr'>admonuisset,</span> <span class='ocrx_word' id='word_1_171' title='bbox 919 1965 1046 2024; x_wconf 86' lang='lat' dir='ltr'>venienti</span> <span class='ocrx_word' id='word_1_172' title='bbox 1066 1964 1149 2024; x_wconf 91' lang='lat' dir='ltr'>matri</span> <span class='ocrx_word' id='word_1_173' title='bbox 1160 1984 1186 2026; x_wconf 84' lang='lat' dir='ltr'>ro</span> 
     </span>
     <span class='ocr_line' id='line_1_23' title="bbox 144 2047 1208 2128; baseline -0.007 -14"><span class='ocrx_word' id='word_1_174' title='bbox 144 2059 324 2114; x_wconf 87' lang='lat' dir='ltr'>occurreret.</span> <span class='ocrx_word' id='word_1_175' title='bbox 356 2050 395 2108; x_wconf 91' lang='lat' dir='ltr'>ita</span> <span class='ocrx_word' id='word_1_176' title='bbox 410 2049 512 2128; x_wconf 88' lang='lat' dir='ltr'>specie</span> <span class='ocrx_word' id='word_1_177' title='bbox 526 2048 642 2128; x_wconf 91' lang='lat' dir='ltr'>pietatis</span> <span class='ocrx_word' id='word_1_178' title='bbox 658 2047 772 2108; x_wconf 82' lang='lat' dir='ltr'>obviam</span> <span class='ocrx_word' id='word_1_179' title='bbox 788 2049 857 2109; x_wconf 90' lang='lat' dir='ltr'>itum</span> <span class='ocrx_word' id='word_1_180' title='bbox 873 2048 1023 2108; x_wconf 90' lang='lat' dir='ltr'>dedecori.</span> <span class='ocrx_word' id='word_1_181' title='bbox 1206 2069 1208 2072; x_wconf 90' lang='lat'>·</span> 
     </span>
    </p>

    <p class='ocr_par' dir='ltr' id='par_1_5' title="bbox 131 2131 1264 3226">
     <span class='ocr_line' id='line_1_24' title="bbox 206 2131 1148 2212; baseline -0.006 -14"><span class='ocrx_word' id='word_1_182' title='bbox 206 2137 236 2198; x_wconf 87' lang='grc'>6.</span> <span class='ocrx_word' id='word_1_183' title='bbox 257 2135 328 2196; x_wconf 85' lang='lat' dir='ltr'>Fine</span> <span class='ocrx_word' id='word_1_184' title='bbox 350 2134 415 2194; x_wconf 91' lang='lat' dir='ltr'>anni</span> <span class='ocrx_word' id='word_1_185' title='bbox 439 2131 559 2194; x_wconf 87' lang='lat' dir='ltr'>turbidis</span> <span class='ocrx_word' id='word_1_186' title='bbox 582 2132 744 2193; x_wconf 89' lang='lat' dir='ltr'>rumoribus</span> <span class='ocrx_word' id='word_1_187' title='bbox 761 2133 934 2212; x_wconf 84' lang='lat' dir='ltr'>prorupisse</span> <span class='ocrx_word' id='word_1_188' title='bbox 954 2150 1066 2193; x_wconf 87' lang='lat' dir='ltr'>rursum</span> <span class='ocrx_word' id='word_1_189' title='bbox 1081 2131 1148 2194; x_wconf 89' lang='lat' dir='ltr'>Par·</span> 
     </span>
     <span class='ocr_line' id='line_1_25' title="bbox 143 2214 1149 2298; baseline -0.006 -16"><span class='ocrx_word' id='word_1_190' title='bbox 143 2222 210 2283; x_wconf 84' lang='lat' dir='ltr'>thos</span> <span class='ocrx_word' id='word_1_191' title='bbox 232 2229 262 2282; x_wconf 91' lang='lat' dir='ltr'>et</span> <span class='ocrx_word' id='word_1_192' title='bbox 281 2218 345 2298; x_wconf 89' lang='lat' dir='ltr'>rapi</span> <span class='ocrx_word' id='word_1_193' title='bbox 364 2217 534 2278; x_wconf 78' lang='lat' dir='ltr'>Armeniam</span> <span class='ocrx_word' id='word_1_194' title='bbox 549 2214 672 2277; x_wconf 89' lang='lat' dir='ltr'>adlatum</span> <span class='ocrx_word' id='word_1_195' title='bbox 694 2225 757 2293; x_wconf 89' lang='lat' dir='ltr'>est,</span> <span class='ocrx_word' id='word_1_196' title='bbox 787 2215 872 2297; x_wconf 89' lang='lat' dir='ltr'>pulso</span> <span class='ocrx_word' id='word_1_197' title='bbox 894 2215 1077 2294; x_wconf 87' lang='lat' dir='ltr'>Radamisto,</span> <span class='ocrx_word' id='word_1_198' title='bbox 1103 2217 1149 2294; x_wconf 90' lang='lat' dir='ltr'>qni</span> 
     </span>
     <span class='ocr_line' id='line_1_26' title="bbox 131 2299 1150 2385; baseline -0.01 -17"><span class='ocrx_word' id='word_1_199' title='bbox 131 2307 235 2385; x_wconf 83' lang='lat' dir='ltr'>¹saepe</span> <span class='ocrx_word' id='word_1_200' title='bbox 252 2303 337 2383; x_wconf 82' lang='lat' dir='ltr'>regni</span> <span class='ocrx_word' id='word_1_201' title='bbox 352 2303 414 2363; x_wconf 90' lang='lat' dir='ltr'>eius</span> <span class='ocrx_word' id='word_1_202' title='bbox 430 2302 554 2382; x_wconf 88' lang='lat' dir='ltr'>potitus,</span> <span class='ocrx_word' id='word_1_203' title='bbox 577 2300 643 2361; x_wconf 91' lang='lat' dir='ltr'>dein</span> <span class='ocrx_word' id='word_1_204' title='bbox 658 2301 816 2379; x_wconf 82' lang='lat' dir='ltr'>profugus,</span> <span class='ocrx_word' id='word_1_205' title='bbox 837 2308 895 2360; x_wconf 91' lang='lat' dir='ltr'>tnm</span> <span class='ocrx_word' id='word_1_206' title='bbox 910 2317 1027 2379; x_wconf 84' lang='lat' dir='ltr'>quoque</span> <span class='ocrx_word' id='word_1_207' title='bbox 1043 2299 1150 2361; x_wconf 89' lang='lat' dir='ltr'>bellum</span> 
     </span>
     <span class='ocr_line' id='line_1_27' title="bbox 143 2383 1150 2464; baseline -0.01 -12"><span class='ocrx_word' id='word_1_208' title='bbox 143 2390 323 2452; x_wconf 85' lang='lat' dir='ltr'>deseruerat.</span> <span class='ocrx_word' id='word_1_209' title='bbox 356 2387 444 2464; x_wconf 82' lang='lat' dir='ltr'>igitur</span> <span class='ocrx_word' id='word_1_210' title='bbox 460 2387 489 2445; x_wconf 94' lang='lat' dir='ltr'>in</span> <span class='ocrx_word' id='word_1_211' title='bbox 501 2384 573 2445; x_wconf 92' lang='lat' dir='ltr'>urbe</span> <span class='ocrx_word' id='word_1_212' title='bbox 590 2402 752 2446; x_wconf 86' lang='lat' dir='ltr'>sermonum</span> <span class='ocrx_word' id='word_1_213' title='bbox 763 2383 864 2463; x_wconf 83' lang='lat' dir='ltr'>avida,</span> <span class='ocrx_word' id='word_1_214' title='bbox 887 2384 1022 2464; x_wconf 88' lang='lat' dir='ltr'>quemad</span> <span class='ocrx_word' id='word_1_215' title='bbox 1036 2383 1150 2445; x_wconf 89' lang='lat' dir='ltr'>modum</span> 
     </span>
     <span class='ocr_line' id='line_1_28' title="bbox 143 2468 1174 2557; baseline -0.005 -22"><span class='ocrx_word' id='word_1_216' title='bbox 143 2476 284 2557; x_wconf 90' lang='lat' dir='ltr'>princeps</span> <span class='ocrx_word' id='word_1_217' title='bbox 298 2472 347 2532; x_wconf 87' lang='lat' dir='ltr'>vix</span> <span class='ocrx_word' id='word_1_218' title='bbox 362 2469 571 2551; x_wconf 87' lang='lat' dir='ltr'>septemdecim</span> <span class='ocrx_word' id='word_1_219' title='bbox 586 2486 677 2530; x_wconf 90' lang='lat' dir='ltr'>annos</span> <span class='ocrx_word' id='word_1_220' title='bbox 692 2486 831 2548; x_wconf 82' lang='lat' dir='ltr'>egressus</span> <span class='ocrx_word' id='word_1_221' title='bbox 846 2468 997 2549; x_wconf 90' lang='lat' dir='ltr'>suscipere</span> <span class='ocrx_word' id='word_1_222' title='bbox 1012 2487 1074 2529; x_wconf 90' lang='lat' dir='ltr'>eam</span> <span class='ocrx_word' id='word_1_223' title='bbox 1089 2485 1174 2530; x_wconf 82' lang='lat' dir='ltr'>mo=s</span> 
     </span>
     <span class='ocr_line' id='line_1_29' title="bbox 142 2552 1149 2637; baseline -0.004 -16"><span class='ocrx_word' id='word_1_224' title='bbox 142 2561 201 2621; x_wconf 90' lang='lat' dir='ltr'>lem</span> <span class='ocrx_word' id='word_1_225' title='bbox 223 2565 271 2619; x_wconf 89' lang='lat' dir='ltr'>ant</span> <span class='ocrx_word' id='word_1_226' title='bbox 287 2555 461 2637; x_wconf 88' lang='lat' dir='ltr'>propulsare</span> <span class='ocrx_word' id='word_1_227' title='bbox 486 2562 603 2635; x_wconf 85' lang='lat' dir='ltr'>posset,</span> <span class='ocrx_word' id='word_1_228' title='bbox 627 2552 705 2633; x_wconf 90' lang='lat' dir='ltr'>quod</span> <span class='ocrx_word' id='word_1_229' title='bbox 728 2553 885 2614; x_wconf 90' lang='lat' dir='ltr'>subsidium</span> <span class='ocrx_word' id='word_1_230' title='bbox 907 2555 936 2613; x_wconf 93' lang='lat' dir='ltr'>in</span> <span class='ocrx_word' id='word_1_231' title='bbox 956 2569 992 2612; x_wconf 92' lang='lat' dir='ltr'>eo</span> <span class='ocrx_word' id='word_1_232' title='bbox 1015 2552 1062 2631; x_wconf 89' lang='lat' dir='ltr'>qui</span> <span class='ocrx_word' id='word_1_233' title='bbox 1076 2570 1092 2613; x_wconf 92' lang='lat' dir='ltr'>a</span> <span class='ocrx_word' id='word_1_234' title='bbox 1107 2553 1149 2618; x_wconf 83' lang='lat' dir='ltr'>fe.-</span> 
     </span>
     <span class='ocr_line' id='line_1_30' title="bbox 144 2635 1149 2720; baseline -0.01 -14"><span class='ocrx_word' id='word_1_235' title='bbox 144 2647 220 2706; x_wconf 90' lang='lat' dir='ltr'>mina</span> <span class='ocrx_word' id='word_1_236' title='bbox 234 2650 396 2720; x_wconf 79' lang='lat' dir='ltr'>regeretur,</span> <span class='ocrx_word' id='word_1_237' title='bbox 413 2658 478 2700; x_wconf 94' lang='lat' dir='ltr'>num</span> <span class='ocrx_word' id='word_1_238' title='bbox 491 2638 602 2719; x_wconf 88' lang='lat' dir='ltr'>proelia</span> <span class='ocrx_word' id='word_1_239' title='bbox 617 2655 733 2718; x_wconf 79' lang='lat' dir='ltr'>qnoqrre</span> <span class='ocrx_word' id='word_1_240' title='bbox 748 2647 777 2698; x_wconf 91' lang='lat' dir='ltr'>et</span> <span class='ocrx_word' id='word_1_241' title='bbox 793 2637 1026 2718; x_wconf 82' lang='lat' dir='ltr'>obpugnationes</span> <span class='ocrx_word' id='word_1_242' title='bbox 1039 2635 1149 2697; x_wconf 89' lang='lat' dir='ltr'>urbium</span> 
     </span>
     <span class='ocr_line' id='line_1_31' title="bbox 145 2721 1178 2804; baseline -0.012 -14"><span class='ocrx_word' id='word_1_243' title='bbox 145 2739 175 2790; x_wconf 89' lang='lat' dir='ltr'>et</span> <span class='ocrx_word' id='word_1_244' title='bbox 199 2735 298 2788; x_wconf 87' lang='lat' dir='ltr'>cetera</span> <span class='ocrx_word' id='word_1_245' title='bbox 321 2724 392 2786; x_wconf 89' lang='lat' dir='ltr'>belli</span> <span class='ocrx_word' id='word_1_246' title='bbox 416 2743 474 2804; x_wconf 92' lang='lat' dir='ltr'>per</span> <span class='ocrx_word' id='word_1_247' title='bbox 494 2724 650 2802; x_wconf 81' lang='lat' dir='ltr'>magistros</span> <span class='ocrx_word' id='word_1_248' title='bbox 675 2721 866 2783; x_wconf 90' lang='lat' dir='ltr'>administrari</span> <span class='ocrx_word' id='word_1_249' title='bbox 888 2729 1025 2802; x_wconf 88' lang='lat' dir='ltr'>possent,</span> <span class='ocrx_word' id='word_1_250' title='bbox 1050 2721 1150 2799; x_wconf 85' lang='lat' dir='ltr'>anqui·</span> <span class='ocrx_word' id='word_1_251' title='bbox 1174 2769 1178 2778; x_wconf 92' lang='lat'>.</span> 
     </span>
     <span class='ocr_line' id='line_1_32' title="bbox 144 2804 1149 2885; baseline -0.012 -11"><span class='ocrx_word' id='word_1_252' title='bbox 144 2813 256 2874; x_wconf 90' lang='lat' dir='ltr'>rebant.</span> <span class='ocrx_word' id='word_1_253' title='bbox 288 2818 388 2872; x_wconf 91' lang='lat' dir='ltr'>contra</span> <span class='ocrx_word' id='word_1_254' title='bbox 404 2808 451 2869; x_wconf 89' lang='lat' dir='ltr'>alii</span> <span class='ocrx_word' id='word_1_255' title='bbox 465 2808 568 2870; x_wconf 90' lang='lat' dir='ltr'>melius</span> <span class='ocrx_word' id='word_1_256' title='bbox 583 2807 718 2874; x_wconf 84' lang='lat' dir='ltr'>evenisse</span> <span class='ocrx_word' id='word_1_257' title='bbox 734 2806 894 2883; x_wconf 89' lang='lat' dir='ltr'>disserunt,</span> <span class='ocrx_word' id='word_1_258' title='bbox 911 2823 995 2885; x_wconf 87' lang='lat' dir='ltr'>quam</span> <span class='ocrx_word' id='word_1_259' title='bbox 1011 2805 1035 2866; x_wconf 90' lang='lat' dir='ltr'>si</span> <span class='ocrx_word' id='word_1_260' title='bbox 1049 2804 1149 2866; x_wconf 86' lang='lat' dir='ltr'>invali-</span> 
     </span>
     <span class='ocr_line' id='line_1_33' title="bbox 145 2890 1185 2973; baseline -0.007 -14"><span class='ocrx_word' id='word_1_261' title='bbox 145 2899 198 2966; x_wconf 91' lang='lat' dir='ltr'>dus</span> <span class='ocrx_word' id='word_1_262' title='bbox 213 2904 333 2958; x_wconf 87' lang='lat' dir='ltr'>senecta</span> <span class='ocrx_word' id='word_1_263' title='bbox 350 2902 378 2955; x_wconf 89' lang='lat' dir='ltr'>et</span> <span class='ocrx_word' id='word_1_264' title='bbox 392 2895 509 2973; x_wconf 82' lang='lat' dir='ltr'>ignavia</span> <span class='ocrx_word' id='word_1_265' title='bbox 519 2891 654 2954; x_wconf 79' lang='lat' dir='ltr'>claudus</span> <span class='ocrx_word' id='word_1_266' title='bbox 668 2891 784 2952; x_wconf 89' lang='lat' dir='ltr'>militiae</span> <span class='ocrx_word' id='word_1_267' title='bbox 800 2890 836 2951; x_wconf 91' lang='lat' dir='ltr'>ad</span> <span class='ocrx_word' id='word_1_268' title='bbox 851 2890 1185 2965; x_wconf 86' lang='lat' dir='ltr'>laboresvoearetur,1o</span> 
     </span>
     <span class='ocr_line' id='line_1_34' title="bbox 145 2974 1264 3058; baseline -0.012 -15"><span class='ocrx_word' id='word_1_269' title='bbox 145 2979 300 3043; x_wconf 86' lang='lat' dir='ltr'>servilibus</span> <span class='ocrx_word' id='word_1_270' title='bbox 316 2980 400 3039; x_wconf 89' lang='lat' dir='ltr'>iussis</span> <span class='ocrx_word' id='word_1_271' title='bbox 422 2977 683 3058; x_wconf 89' lang='lat' dir='ltr'>obtemperaturus.</span> <span class='ocrx_word' id='word_1_272' title='bbox 720 2974 840 3036; x_wconf 86' lang='lat' dir='ltr'>Burrum</span> <span class='ocrx_word' id='word_1_273' title='bbox 855 2984 948 3036; x_wconf 91' lang='lat' dir='ltr'>tamen</span> <span class='ocrx_word' id='word_1_274' title='bbox 965 2982 993 3033; x_wconf 91' lang='lat' dir='ltr'>et</span> <span class='ocrx_word' id='word_1_275' title='bbox 1009 2974 1150 3034; x_wconf 86' lang='lat' dir='ltr'>Senecam</span> <span class='ocrx_word' id='word_1_276' title='bbox 1259 3041 1264 3052; x_wconf 30' lang='grc' dir='ltr'>Ι</span> 
     </span>
     <span class='ocr_line' id='line_1_35' title="bbox 144 3059 1150 3144; baseline -0.011 -17"><span class='ocrx_word' id='word_1_277' title='bbox 144 3067 296 3127; x_wconf 90' lang='lat' dir='ltr'>multarum</span> <span class='ocrx_word' id='word_1_278' title='bbox 317 3081 413 3125; x_wconf 90' lang='lat' dir='ltr'>rerum</span> <span class='ocrx_word' id='word_1_279' title='bbox 435 3061 617 3144; x_wconf 86' lang='lat' dir='ltr'>experientia</span> <span class='ocrx_word' id='word_1_280' title='bbox 639 3059 791 3137; x_wconf 82' lang='lat' dir='ltr'>cognitos;</span> <span class='ocrx_word' id='word_1_281' title='bbox 822 3067 851 3118; x_wconf 92' lang='lat' dir='ltr'>et</span> <span class='ocrx_word' id='word_1_282' title='bbox 871 3059 1038 3139; x_wconf 88' lang='lat' dir='ltr'>imperatori</span> <span class='ocrx_word' id='word_1_283' title='bbox 1063 3075 1150 3136; x_wconf 87' lang='lat' dir='ltr'>quan·</span> 
     </span>
     <span class='ocr_line' id='line_1_36' title="bbox 145 3139 1149 3226; baseline -0.012 -15"><span class='ocrx_word' id='word_1_284' title='bbox 145 3161 203 3211; x_wconf 92' lang='lat' dir='ltr'>tum</span> <span class='ocrx_word' id='word_1_285' title='bbox 219 3146 254 3225; x_wconf 85' lang='lat' dir='ltr'>ad</span> <span class='ocrx_word' id='word_1_286' title='bbox 269 3148 359 3211; x_wconf 90' lang='lat' dir='ltr'>robur</span> <span class='ocrx_word' id='word_1_287' title='bbox 375 3147 497 3226; x_wconf 88' lang='lat' dir='ltr'>deesse,</span> <span class='ocrx_word' id='word_1_288' title='bbox 522 3163 586 3205; x_wconf 91' lang='lat' dir='ltr'>cum</span> <span class='ocrx_word' id='word_1_289' title='bbox 608 3151 714 3205; x_wconf 80' lang='lat' dir='ltr'>octavo</span> <span class='ocrx_word' id='word_1_290' title='bbox 736 3143 858 3205; x_wconf 90' lang='lat' dir='ltr'>decumo</span> <span class='ocrx_word' id='word_1_291' title='bbox 879 3143 983 3206; x_wconf 87' lang='lat' dir='ltr'>aetatis</span> <span class='ocrx_word' id='word_1_292' title='bbox 1006 3158 1081 3202; x_wconf 91' lang='lat' dir='ltr'>anno</span> <span class='ocrx_word' id='word_1_293' title='bbox 1098 3139 1149 3200; x_wconf 79' lang='lat' dir='ltr'>Cn.</span> 
     </span>
    </p>

    <p class='ocr_par' dir='ltr' id='par_1_6' title="bbox 120 3222 1184 3399">
     <span class='ocr_line' id='line_1_37' title="bbox 120 3222 1149 3315; baseline -0.017 -18"><span class='ocrx_word' id='word_1_294' title='bbox 120 3267 124 3274; x_wconf 94' lang='lat'><em>·</em></span> <span class='ocrx_word' id='word_1_295' title='bbox 146 3235 318 3315; x_wconf 89' lang='lat' dir='ltr'>Pompeius,</span> <span class='ocrx_word' id='word_1_296' title='bbox 334 3247 411 3294; x_wconf 91' lang='lat' dir='ltr'>nono</span> <span class='ocrx_word' id='word_1_297' title='bbox 427 3230 548 3292; x_wconf 89' lang='lat' dir='ltr'>decumo</span> <span class='ocrx_word' id='word_1_298' title='bbox 560 3227 669 3290; x_wconf 77' lang='lat' dir='ltr'>Caesar</span> <span class='ocrx_word' id='word_1_299' title='bbox 683 3226 856 3291; x_wconf 82' lang='lat' dir='ltr'>Octavianus</span> <span class='ocrx_word' id='word_1_300' title='bbox 869 3227 964 3288; x_wconf 89' lang='lat' dir='ltr'>civilia</span> <span class='ocrx_word' id='word_1_301' title='bbox 975 3224 1053 3284; x_wconf 89' lang='lat' dir='ltr'>bella</span> <span class='ocrx_word' id='word_1_302' title='bbox 1066 3222 1149 3283; x_wconf 87' lang='lat' dir='ltr'>susti·</span> 
     </span>
     <span class='ocr_line' id='line_1_38' title="bbox 146 3306 1184 3399; baseline -0.016 -19"><span class='ocrx_word' id='word_1_303' title='bbox 146 3316 279 3380; x_wconf 86' lang='lat' dir='ltr'>nuerint‘l</span> <span class='ocrx_word' id='word_1_304' title='bbox 311 3317 451 3399; x_wconf 89' lang='lat' dir='ltr'>pleraque</span> <span class='ocrx_word' id='word_1_305' title='bbox 475 3318 503 3376; x_wconf 92' lang='lat' dir='ltr'>in</span> <span class='ocrx_word' id='word_1_306' title='bbox 529 3331 636 3375; x_wconf 88' lang='lat' dir='ltr'>summa</span> <span class='ocrx_word' id='word_1_307' title='bbox 661 3313 777 3374; x_wconf 88' lang='lat' dir='ltr'>fortuna</span> <span class='ocrx_word' id='word_1_308' title='bbox 803 3311 940 3392; x_wconf 91' lang='lat' dir='ltr'>auspiciis</span> <span class='ocrx_word' id='word_1_309' title='bbox 969 3318 998 3369; x_wconf 91' lang='lat' dir='ltr'>ct</span> <span class='ocrx_word' id='word_1_310' title='bbox 1022 3306 1150 3368; x_wconf 89' lang='lat' dir='ltr'>consiliis</span> <span class='ocrx_word' id='word_1_311' title='bbox 1162 3326 1184 3364; x_wconf 78' lang='lat' dir='ltr'>rs</span> 
     </span>
    </p>
   </div>
   <div class='ocr_carea' id='block_1_3' title="bbox 147 3392 1148 3536">
    <p class='ocr_par' dir='ltr' id='par_1_7' title="bbox 147 3392 1148 3536">
     <span class='ocr_line' id='line_1_39' title="bbox 147 3392 1148 3536; baseline -0.02 -70"><span class='ocrx_word' id='word_1_312' title='bbox 147 3423 232 3484; x_wconf 86' lang='lat' dir='ltr'>quam</span> <span class='ocrx_word' id='word_1_313' title='bbox 259 3401 325 3463; x_wconf 90' lang='lat' dir='ltr'>telis</span> <span class='ocrx_word' id='word_1_314' title='bbox 353 3411 381 3462; x_wconf 90' lang='lat' dir='ltr'>et</span> <span class='ocrx_word' id='word_1_315' title='bbox 402 3398 531 3464; x_wconf 91' lang='lat' dir='ltr'>manibus</span> <span class='ocrx_word' id='word_1_316' title='bbox 554 3400 628 3477; x_wconf 75' lang='lat' dir='ltr'>geri.</span> <span class='ocrx_word' id='word_1_317' title='bbox 678 3395 806 3456; x_wconf 88' lang='lat' dir='ltr'>datumm</span> <span class='ocrx_word' id='word_1_318' title='bbox 827 3395 930 3536; x_wconf 85' lang='lat' dir='ltr'>plane1</span> <span class='ocrx_word' id='word_1_319' title='bbox 936 3392 1148 3534; x_wconf 58' lang='lat' dir='ltr'>gpcnnrentnm,</span> 
     </span>
    </p>
   </div>
   <div class='ocr_carea' id='block_1_4' title="bbox 0 0 1290 3878">
    <p class='ocr_par' dir='ltr' id='par_1_8' title="bbox 0 0 1290 3878">
     <span class='ocr_line' id='line_1_40' title="bbox 0 0 1290 3878; baseline 0 0"><span class='ocrx_word' id='word_1_320' title='bbox 0 0 1290 3878; x_wconf 95' lang='lat' dir='ltr'> </span> 
     </span>
    </p>
   </div>
  </div>
 </body>
</html>
