2536 3870
473 137 547 186 oar.
562 131 675 183 ua-aa.
1015 139 1076 199 ωδ
1183 159 1187 164 -

78 303 169 357 tutem
191 293 266 354 iuter
284 299 364 351 certa
385 306 552 368 numerare,
578 289 712 368 quoique
739 292 911 354 rarissimum
936 311 991 354 uec
1021 297 1075 357 nisi
1089 315 1117 357 ro

78 379 227 440 Romanae
239 371 406 450 disciplinae
421 389 602 449 concauam,
619 371 682 451 pius
696 391 841 453 reponere
850 375 883 434 'in
895 374 968 434 duee
993 393 1076 454 qnam

79 459 110 521 in
124 457 263 518 exercitu.
293 469 376 515 omae
392 454 481 515 robor
494 456 524 514 in
543 454 656 534 pedite,
677 473 761 532 quem
777 474 866 535 super
880 474 958 527 arma
984 457 1075 522 ierra·

80 539 184 600 memtis
205 554 319 618 qnoque
340 545 370 597 et
390 538 483 615 copiis
500 543 633 598 onemnt:
658 537 732 598 altos
746 538 782 598 nti
803 539 943 617 proelium
972 541 1015 600 ire
1032 543 1075 602 vi·

81 622 167 699 deas,
190 619 309 682 Chattos
330 617 366 680 ud
384 618 499 680 balium.
535 619 593 680 rari
613 635 752 701 excursus
774 629 804 680 et
824 621 941 682 fortuita
967 639 1073 701 paam

80 704 255 782 equestrium
276 717 346 771 sane
365 701 467 762 virium
481 700 510 760 ti
524 701 689 780 proprium,
713 703 771 762 cito
787 719 890 781 parare
910 704 1073 784 victoriam,
1085 720 1113 765 rc
1183 778 1186 782 .

78 787 138 847 cito
162 785 287 846 cedere:
311 781 453 844 velocitas
473 783 550 842 iuxta
570 780 765 860 formidinem,
787 785 930 852 cunctatio
953 789 1075 866 propior

78 870 258 930 comtantiae
273 873 328 926 ast.

142 949 193 1010 31.
215 948 254 1009 tta
271 946 335 1008 aliis
346 945 555 1012 ,Germanorum
572 945 687 1025 populis
701 957 866 1028 usurpatum
882 965 950 1010 raro
971 957 1001 1008 et
1015 951 1077 1029 pri·

78 1040 147 1093 nata
162 1031 301 1108 cuiusque
315 1029 449 1090 audentia
463 1027 539 1107 apud
554 1027 675 1090 Chattos
691 1032 721 1092 in
737 1048 909 1092 consensum
928 1033 1027 1109 vertit,
1041 1041 1073 1092 ut

100 1113 199 1174 rimam
213 1112 405 1189 adoleverint,
429 1112 537 1173 crinem
550 1111 725 1192 barbamque
740 1113 928 1191 submittere,
948 1132 1003 1174 neo
1017 1115 1072 1174 nisi

77 1133 164 1256 toste
182 1210 270 1257 caeso
292 1211 401 1256 exuere
415 1194 541 1256 votivum
562 1193 778 1275 obligatumque
794 1197 891 1256 virtuti
916 1197 974 1256 oris
990 1196 1069 1257 habi·

78 1287 146 1340 tom.
186 1295 275 1357 snper
298 1278 464 1354 sanguinem
486 1285 515 1338 et
536 1275 632 1354 spolia
655 1278 786 1338 revelant
808 1274 954 1346 irontem'.
981 1294 1097 1356 sequen

80 1370 138 1419 tum
159 1360 271 1421 demum
295 1360 388 1437 pretia
413 1359 550 1420 nascendi
572 1358 717 1420 rettulisse
738 1359 902 1438 dignosque
928 1361 1018 1436 patria
1037 1377 1073 1420 ac
1169 1370 1177 1384 ³

79 1440 247 1522 parentibus
261 1441 370 1512 ierunt:
392 1441 505 1515 ignavia
524 1447 553 1499 et
568 1438 732 1501 imbellibus
743 1449 839 1502 manet
852 1441 982 1518 aquator,
1013 1442 1072 1502 ior·

79 1525 206 1586 tissimus
228 1523 350 1603 qumque
370 1521 496 1581 ferreum
515 1523 633 1599 insuper
652 1523 765 1583 aonium
787 1523 1024 1600 (ignominiosum
1044 1523 1073 1584 to

80 1607 176 1684 genti)
195 1603 274 1665 reiut
293 1603 436 1665 vinculum
455 1613 564 1683 gestat,
587 1603 681 1664 donec
699 1623 733 1665 se
755 1605 846 1666 caede
862 1604 954 1665 hostia
974 1604 1069 1666 absol·

79 1696 136 1748 vat.
168 1687 296 1767 piurimis
317 1685 483 1748 Chattorum
500 1685 549 1747 iaie
566 1687 662 1766 piacet
681 1686 810 1763 habitus,
830 1689 942 1766 iamque
968 1687 1107 1770 canentia

78 1771 208 1850 insignes
226 1779 256 1830 et
271 1770 403 1831 hostibus
419 1769 502 1830 simul
517 1771 634 1850 suisque
650 1771 811 1832 monstrati.
841 1771 964 1830 omnium
980 1787 1071 1848 peaes

77 1855 134 1916 isos
152 1854 231 1914 initia
253 1870 426 1934 pugnarum
448 1851 522 1914 haec
537 1854 628 1933 prima
642 1871 759 1932 semper
778 1854 874 1928 acies,
896 1853 961 1912 visu
978 1869 1069 1920 noua3

79 1953 144 1996 uam
156 1954 193 1997 ne
206 1937 235 1996 io
251 1953 323 2015 pace
338 1935 452 2014 quidem
466 1935 547 1996 voltu
562 1937 674 1996 mitiore
687 1942 898 1996 mansuescunt.
930 1933 1004 1995 nulii
1021 1935 1070 1996 do

80 2035 143 2079 mus
163 2026 212 2078 aut
232 2034 303 2096 ouer
325 2027 372 2078 aut
392 2018 487 2097 aliqua
510 2035 593 2078 cura:
625 2027 711 2098 prout
732 2017 767 2078 ad
788 2033 930 2095 quemque
953 2034 1076 2093 venera.

80 2099 207 2176 aluntur,
227 2099 341 2179 prodigi
361 2098 462 2175 alieni,
484 2108 697 2177 contemptores
718 2101 778 2176 soi,
800 2097 895 2157 donec
914 2098 1104 2174 exsanguium

79 2189 216 2242 senectus
232 2191 289 2242 tam
305 2179 393 2241 iurae
409 2182 505 2241 virtuti
519 2182 643 2260 impares
657 2181 754 2242 iaciat.

142 2263 193 2326 32.
219 2263 346 2326 Proximi
367 2262 476 2325 Chattis
503 2273 611 2324 certum
630 2267 685 2326 iam
706 2263 792 2324 alveo
814 2259 944 2324 Rhenum
966 2263 1070 2340 quique

79 2347 217 2409 terminus
237 2364 304 2408 esse
326 2345 450 2407 soiiieiat
470 2345 555 2424 Usipi
577 2364 612 2406 ac
632 2345 768 2406 Tencteri
788 2344 894 2406 coiuota
938 2343 1072 2404 Tencteri

79 2447 170 2572 aanor
177 2428 297 2572 tsolitum
313 2427 710 2572 &lloromgecossuastteoqoestdlrits
725 2425 974 2570 iislcipiioneuffi
988 2444 1071 2568 ἓξὲξ·

80 2528 320 2582 ceoo3oeom
348 2527 457 2571 oran
595 2529 610 2570 s
645 2528 661 2569 e
704 2527 826 2571 omaus
975 2527 992 2568 e
1060 2539 1071 2554 ·

77 2597 120 2656 ris
134 2595 269 2673 equitum.
299 2595 343 2654 sio
357 2529 506 2654 instituere
520 2529 660 2654 maiorue:
679 2592 789 2671 pomeri
802 2527 954 2652 inignem.
982 2589 1011 2650 iri
1031 2589 1099 2649 lu·o
1125 2612 1127 2616 ¹

80 2677 306 2753 scriniarium,
329 2675 403 2736 haec
423 2677 557 2736 iuvenum
571 2675 740 2744 cumulatim
765 2680 956 2755 perseverant
976 2689 1072 2732 senes.

79 2761 154 2820 inter
167 2752 301 2821 familiam
312 2764 343 2819 et
354 2767 475 2836 penates
486 2767 516 2818 et
528 2759 587 2818 iura
599 2757 815 2818 successionum
827 2757 894 2834 equi
908 2754 1071 2816 mudantur:

81 2843 296 2984 {xiiipstaffiui'
313 2858 371 2901 oon
386 2851 417 2902 ut
431 2849 545 2918 cetera,
561 2842 698 2901 mammos
714 2848 796 2915 nato,
818 2837 871 2898 sed
884 2845 969 2917 prout
989 2836 1073 2897 ferox
1118 2864 1120 2872 ·
1150 2849 1154 2856 ·

103 2941 194 2984 coe
222 2941 333 2984 meror.

142 3003 192 3064 33.
223 3003 304 3065 iuxta
324 3003 485 3066 Tencteros
504 3005 634 3065 Bructeri
663 3005 730 3066 oiim
758 3001 966 3066 occurrebantx
999 3015 1196 3059 nuno-waw-

83 3082 244 3146 chamavos
265 3094 294 3144 et
312 3083 503 3162 Angrivarios
524 3088 694 3165 immigrasse
715 3095 861 3160 narratur,
888 3083 982 3162 pulsia
1004 3081 1077 3158 ltro,

4 3231 6 3234 ,
84 3164 224 3242 eteriano
245 3165 357 3244 penitus
379 3170 487 3228 excisis
502 3168 656 3231 vicinarum
679 3185 823 3229 consensu
837 3167 1001 3240 nationum,
1024 3181 1076 3225 seu

83 3245 237 3325 superbiae
265 3245 331 3306 odio
360 3265 411 3306 seo
431 3249 558 3326 praedae
579 3250 731 3311 iuiceiioe
753 3266 805 3310 seo
826 3248 929 3308 favore
948 3245 1072 3326 qoodm

82 3347 156 3406 esua
169 3345 222 3390 nos
235 3327 367 3400 nieorum
383 3343 449 3390 uam
462 3351 499 3391 oe
510 3332 677 3410 spectaculo
690 3331 802 3411 quidem
814 3329 918 3407 proelii
931 3325 1093 3391 invideres
