2596 3872
174 130 236 194 234
446 99 939 188 conunurrnaornrsuunnrum

237 299 288 360 20.
311 297 456 358 Provecta
477 312 536 355 nox
557 301 620 354 erat
640 301 670 353 et
683 291 793 356 Neroni
808 311 862 372 per
881 293 1067 356 vinolentiam
1081 293 1175 356 trabe·

173 385 267 461 batur,
285 399 349 444 cum
362 379 525 459 ingreditur
535 377 625 456 Paris,
640 377 743 438 solitus
759 377 886 458 alioquin
900 377 929 438 id
940 378 1081 457 temporis
1091 377 1176 438 luxus

173 468 313 550 principis
338 463 505 542 intendere,
527 462 579 524 sed
594 472 660 524 tunc
676 463 855 542 compositus
870 461 906 522 ad
921 462 1109 539 maestitiam,
1126 481 1175 523 ex·
1191 493 1193 497 ·

145 604 148 610 ,
172 555 330 635 positoque
350 550 446 611 indicii
470 548 571 609 ordine
593 547 633 608 ita
655 545 817 608 audientem
836 553 982 624 exterret,
997 555 1101 607 utnon
1116 556 1176 608 tan·

150 647 232 700 stum
252 644 375 697 matrem
397 633 585 711 Plautumque
601 633 785 708 interlicere,
810 629 863 692 sed
880 630 1001 691 Burrum
1025 631 1109 690 etiam
1127 631 1176 690 de-

171 739 292 783 movere
314 719 499 799 praeicotura
526 716 684 777 destinaret
713 725 855 794 tamquam
875 714 1059 795 Agrippinae
1082 716 1176 792 gratia

171 814 342 888 proveetum
362 811 390 864 et
405 803 499 862 vicem
514 800 692 862 reddentem.
725 798 832 861 Fabius
845 801 982 862 Rusticus
998 809 1099 860 auctor
1120 808 1176 876 est,

172 891 300 969 scriptos
322 905 390 948 esse
413 885 450 946 ad
472 885 627 947 Caecinam
647 885 771 946 Tuscum
796 884 965 964 codicillos,
992 884 1124 946 mandata
1149 884 1176 944 ei

173 974 384 1054 praetoriarum
398 969 559 1031 cohortium
573 987 658 1047 cura,
680 967 733 1030 sed
756 986 814 1050 ope
830 970 962 1030 Senecae
983 969 1177 1047 dignationem

139 1079 162 1119 ro
170 1059 262 1120 Burro
284 1064 440 1116 retentam:
465 1053 574 1114 Plinius
596 1061 625 1114 et
649 1051 767 1114 Cluvius
789 1052 859 1114 nibil
881 1052 1038 1114 dubitatum
1062 1052 1098 1112 de
1119 1051 1177 1114 lide

172 1141 317 1224 praefecti
330 1140 477 1208 referunt3
502 1156 572 1198 sane
587 1136 694 1198 Fabius
715 1137 834 1198 inclinat
853 1137 889 1198 ad
912 1137 1014 1198 laudes
1030 1137 1175 1212 Senecae,

172 1228 252 1288 ouius
265 1224 389 1285 amicitia
401 1223 507 1284 floruit.
539 1239 593 1283 nos
607 1239 781 1283 consensum
790 1225 1086 1301 auctorumsecuturi,
1095 1223 1176 1301 siqui
1287 1253 1288 1256 ι

171 1312 287 1372 diversa
305 1307 500 1391 prodiderint,
523 1305 576 1367 sub
591 1305 751 1367 nominibus
768 1309 896 1386 ipsorum
912 1305 1065 1367 trademus.
1094 1303 1175 1364 Nero
1287 1335 1288 1376 3

170 1393 301 1474 trepidus
327 1402 356 1453 et
378 1391 597 1452 interficiendae
618 1391 717 1452 matris
739 1390 839 1470 avidus
869 1408 928 1451 non
957 1391 1036 1470 prius
1065 1389 1176 1450 dilierri
1287 1393 1288 1464 j

137 1498 162 1539 ιι
171 1480 265 1560 potuit
278 1495 367 1557 quam
383 1475 492 1536 Burrus
506 1493 609 1538 necem
623 1477 685 1536 eius
698 1476 887 1555 promitteret,
905 1475 929 1536 si
940 1475 1079 1536 facinoris
1091 1490 1173 1534 coar·

170 1571 324 1643 gueretur:
341 1560 394 1621 sed
406 1562 587 1639 cuicumque,
603 1559 709 1620 nedum
717 1559 829 1640 parenti
839 1559 1038 1620 defensionem
1049 1556 1175 1619 tribuen-

171 1648 249 1716 dam;
270 1665 326 1706 nec
350 1653 539 1706 accusatores
559 1643 681 1720 adesse,
704 1644 757 1704 sed
777 1662 881 1706 vocem
904 1645 986 1705 unius
1004 1661 1042 1704 ex
1059 1643 1175 1703 inimica

171 1732 257 1792 domo
271 1729 394 1790 adierri:
406 1737 557 1806 reputaret
568 1727 704 1789 tenebras
716 1737 746 1790 et
753 1729 900 1806 vigilatam
911 1728 1047 1790 convivio
1058 1736 1174 1789 noctem

171 1814 323 1892 omniaque
338 1813 491 1873 temeritati
508 1821 537 1872 et
552 1813 682 1872 inscitiae
698 1813 848 1892 propiora.

233 1898 284 1958 21.
311 1898 360 1957 Sic
382 1895 472 1956 lenito
490 1896 630 1976 principis
645 1905 722 1956 metu
739 1906 768 1956 et
782 1896 849 1957 luce
865 1905 928 1957 orta
944 1897 1000 1956 itur
1014 1893 1050 1956 ad
1065 1892 1174 1974 Agrip·
1287 1897 1288 1900 ’

169 1984 275 2063 pinam,
290 1990 321 2040 ut
336 1988 474 2041 nosceret
490 1980 606 2041 obiecta
621 1979 854 2061 dissolveretque
870 1979 918 2041 vel
931 1997 1043 2058 poenas
1069 1978 1173 2039 lueret.

169 2067 277 2128 burrus
298 2066 334 2126 iis
358 2065 499 2124 mandatis
522 2065 635 2126 Seneca
659 2082 757 2127 coram
783 2065 972 2142 fungebatur;
1004 2062 1124 2124 aderant
1145 2071 1175 2124 et

170 2171 207 2212 er
228 2149 341 2211 libertis
362 2149 462 2210 arbitri
482 2151 635 2228 sermonis.
664 2148 768 2210 deinde
790 2150 931 2227 aBurro,
951 2157 1102 2230 postquam
1118 2148 1172 2206 cri·

146 2238 244 2299 omina
266 2243 296 2294 et
315 2242 452 2295 coactores
475 2235 625 2312 exposuit,
649 2234 799 2294 minaciter
820 2243 914 2295 actum
928 2240 984 2292 est.
1008 2231 1187 2311 Agrippina¹

168 2320 299 2380 ferociae
312 2335 422 2380 memor
437 2317 520 2380 ‘no'n
530 2317 634 2378 miror'
651 2318 742 2396 inquit
756 2321 766 2352 ‘
775 2319 911 2394 Silanam,
928 2335 1078 2397 numquam
1093 2315 1174 2377 edito

132 2463 134 2466 ,
168 2412 268 2484 partu,
283 2411 403 2463 matrmn
419 2401 551 2462 adlectus
567 2404 685 2480 ignotos
701 2400 824 2472 babere;
847 2421 943 2482 neque
960 2403 1035 2462 enim
1052 2400 1173 2480 perinde

168 2486 368 2566 aparentibus
383 2485 469 2546 liberi
485 2503 569 2565 qnam
589 2486 625 2546 ab
645 2485 779 2566 inpudica
797 2487 918 2548 adulteri
933 2494 1083 2546 mutantur.
1117 2503 1174 2544 nec
1287 2487 1288 2490 ’

168 2573 193 2632 si
213 2571 319 2631 Iturius
339 2579 368 2630 et
392 2569 536 2631 Caluisius
559 2569 656 2632 adesis
678 2571 809 2632 omnibus
837 2572 961 2632 fortunis
988 2569 1173 2630 novissimffl

136 2676 157 2721 rc
168 2654 373 2734 suscipiendae
392 2655 585 2717 accusationis
610 2673 730 2735 operam
751 2657 815 2717 anui
837 2655 1014 2735 rependunt,
1036 2653 1103 2715 ideo
1125 2661 1174 2714 aut

166 2739 234 2799 mihi
256 2739 371 2800 infamia
394 2739 541 2817 parricidii
554 2748 601 2800 aut
615 2739 735 2802 Caesari
756 2743 933 2802 conscientia
951 2737 1098 2801 subeunda
1115 2747 1172 2801 est.
1287 2763 1288 2766 ¹

166 2841 231 2884 nam
247 2823 392 2884 Domitiae
408 2823 563 2884 inimicitiis
579 2827 688 2902 gratias
704 2843 833 2904 agerem,
851 2826 876 2885 si
892 2822 1098 2887 benevolentia
1112 2841 1172 2882 me·

167 2925 231 2968 cum
254 2909 283 2968 in
301 2907 448 2969 Neronem
469 2925 562 2968 meum
578 2918 717 2971 certaret:
740 2928 815 2971 nuuc
836 2928 890 2989 per
906 2907 1096 2971 concubinum
1110 2907 1173 2967 Ati·

166 3000 274 3064 metum
296 3001 325 3052 et
347 2991 517 3053 histrionem
537 2991 667 3054 Paridem
695 2995 777 3073 quasi
805 3011 931 3056 scaenae
957 2993 1071 3056 fabulas
1094 2996 1172 3054 com·
1287 3029 1288 3036 ι

134 3092 156 3132 ιι
169 3077 260 3155 ponit.
288 3077 419 3137 Baiarum
441 3094 554 3138 suarum
574 3080 701 3156 piscinas
724 3077 901 3158 extollebat,
925 3097 989 3141 cum
1009 3079 1081 3138 meis
1103 3095 1173 3139 con·

166 3160 238 3221 siliis
254 3160 373 3240 adoptio
391 3170 419 3222 et
435 3162 647 3240 proconsulare
668 3164 711 3222 ius
727 3171 756 3222 et
771 3162 934 3242 designatio
955 3162 1120 3224 consulatus
1143 3170 1173 3222 et

109 3243 112 3249 '
167 3253 266 3306 cetera
294 3245 452 3325 apiscendo
480 3247 603 3324 imperio
623 3256 876 3327 praepararentur.
909 3257 957 3308 aut
978 3249 1099 3309 exsistat
1124 3248 1173 3328 qui

166 3327 303 3388 cobortes
323 3331 351 3389 in
374 3329 444 3390 urbe
465 3339 634 3410 temptatas,
663 3333 711 3412 qui
739 3333 953 3411 provinciarum
980 3331 1065 3393 fidem
1091 3331 1172 3392 laba·
1287 3405 1288 3410 γ

164 3410 312 3494 lactatam,
342 3413 465 3496 denique
486 3433 590 3476 servos
613 3416 660 3478 rei
690 3415 814 3478 libertos
840 3418 876 3480 ad
895 3417 993 3480 scelus
1014 3425 1171 3498 corruptos
